PROCESSDATA	2411FIC20102 Data	yyyy-MM-dd HH:mm:ss
8	10	2024-10-03 21:55:00	751
tagname	2411FIC20102.MV	2411FIC20102.PV	2411FIC20102.SV	2411FIC20102.MODE	bOpOFL	bPvOFL	bSpOFL	bAutOFL
desc	回炼油返塔_OP	回炼油返塔_PV	回炼油返塔_SP	Aut	bOpOFL	bPvOFL	bSpOFL	bAutOFL
fsMax=1.4772927839436623	fsMin=0	fsGridNum=10	fdMax=1.4772927839436623tfdMin=0	fdGridNum=10	v0GridNum=10	L=24
2024-10-03 21:55:00	24.15734189722222	102.19220433333334	102	1	0	0	0	0
2024-10-03 21:55:10	24.14796175522388	102.07257420895523	102	1	0	0	0	0
2024-10-03 21:55:20	24.089409088	102.25748	102	1	0	0	0	0
2024-10-03 21:55:30	24.10493242	102.1370237	102	1	0	0	0	0
2024-10-03 21:55:40	24.137956398333333	101.89308693333334	102	1	0	0	0	0
2024-10-03 21:55:50	24.125266529999998	101.7930931	102	1	0	0	0	0
2024-10-03 21:56:00	24.09933624	102.2213646	102	1	0	0	0	0
2024-10-03 21:56:10	24.049116582222222	102.47372826666665	102	1	0	0	0	0
2024-10-03 21:56:20	24.041060053061223	102.39964689795919	102	1	0	0	0	0
2024-10-03 21:56:30	24.053656330985916	102.35444642253522	102	1	0	0	0	0
2024-10-03 21:56:40	24.050094467796608	102.22411508474576	102	1	0	0	0	0
2024-10-03 21:56:50	24.075404076666665	102.05732451666667	102.3916604	1	0	0	0	0
2024-10-03 21:57:00	24.122380142857143	102.08611384285715	102.499992	1	0	0	0	0
2024-10-03 21:57:10	24.071238387341772	102.38432813924051	102.499992	1	0	0	0	0
2024-10-03 21:57:20	24.088089544578313	102.20474851807228	102.499992	1	0	0	0	0
2024-10-03 21:57:30	24.154156903797467	102.04988379746835	102.499992	1	0	0	0	0
2024-10-03 21:57:40	24.1685059862069	102.11839210344827	102.499992	1	0	0	0	0
2024-10-03 21:57:50	24.140028275409836	102.22851516393443	102.499992	1	0	0	0	0
2024-10-03 21:58:00	24.08127399574468	102.61462457446808	102.499992	1	0	0	0	0
2024-10-03 21:58:10	24.1438981825	102.230711975	102.499992	1	0	0	0	0
2024-10-03 21:58:20	24.181154069999998	102.0466994	102.499992	1	0	0	0	0
2024-10-03 21:58:30	24.18953643768116	101.75925389855072	102.499992	1	0	0	0	0
2024-10-03 21:58:40	24.243532430508477	101.79911123728813	102.499992	1	0	0	0	0
2024-10-03 21:58:50	24.21201748	102.00930751666667	102.499992	1	0	0	0	0
2024-10-03 21:59:00	24.2640590225	102.04703757499999	102.499992	1	0	0	0	0
2024-10-03 21:59:10	24.23243887654321	102.09746707407407	102.499992	1	0	0	0	0
2024-10-03 21:59:20	24.24127776779661	102.13744018644067	102.499992	1	0	0	0	0
2024-10-03 21:59:30	24.2668697	102.11175768571428	102.499992	1	0	0	0	0
2024-10-03 21:59:40	24.19368382	102.59600028000001	102.499992	1	0	0	0	0
2024-10-03 21:59:50	24.28012412	102.05008308	102.499992	1	0	0	0	0
2024-10-03 22:00:00	24.273803658536586	102.17916412195123	102.499992	1	0	0	0	0
2024-10-03 22:00:10	24.32745197125	101.9296907375	102.499992	1	0	0	0	0
2024-10-03 22:00:20	24.29113045	102.23322288333333	102.499992	1	0	0	0	0
2024-10-03 22:00:30	24.337302275714286	102.06664405714285	102.499992	1	0	0	0	0
2024-10-03 22:00:40	24.298549	102.43604045	102.499992	1	0	0	0	0
2024-10-03 22:00:50	24.357235342000003	101.97262626	102.499992	1	0	0	0	0
2024-10-03 22:01:00	24.365148813461538	101.98649959615385	102.499992	1	0	0	0	0
2024-10-03 22:01:10	24.366209826470588	102.14344736764706	102.499992	1	0	0	0	0
2024-10-03 22:01:20	24.40318840142857	102.00840497142858	102.499992	1	0	0	0	0
2024-10-03 22:01:30	24.396057716666668	102.14889611111111	102.499992	1	0	0	0	0
2024-10-03 22:01:40	24.39914475423729	102.15553776271186	102.499992	1	0	0	0	0
2024-10-03 22:01:50	24.40984284	102.14427424	102.499992	1	0	0	0	0
2024-10-03 22:02:00	24.385375	102.34448730434784	102.499992	1	0	0	0	0
2024-10-03 22:02:10	24.449089437931033	101.99425251724138	102.499992	1	0	0	0	0
2024-10-03 22:02:20	24.42842028	102.17672061666666	102.499992	1	0	0	0	0
2024-10-03 22:02:30	24.43922810379747	102.01571167088608	102.499992	1	0	0	0	0
2024-10-03 22:02:40	24.454620964	102.13111624000001	102.499992	1	0	0	0	0
2024-10-03 22:02:50	24.487199022580644	102.01871025806452	102.499992	1	0	0	0	0
2024-10-03 22:03:00	24.4993634	102.03054012	102.499992	1	0	0	0	0
2024-10-03 22:03:10	24.488558954285715	102.14706317142857	102.499992	1	0	0	0	0
2024-10-03 22:03:20	24.486693300000002	102.22076087500001	102.499992	1	0	0	0	0
2024-10-03 22:03:30	24.46770806829268	102.46208024390243	102.499992	1	0	0	0	0
2024-10-03 22:03:40	24.527814105882353	102.18808017647059	102.499992	1	0	0	0	0
2024-10-03 22:03:50	24.527035264788733	102.19132795774648	102.499992	1	0	0	0	0
2024-10-03 22:04:00	24.553152704255318	102.03673329787235	102.499992	1	0	0	0	0
2024-10-03 22:04:10	24.542637294915256	102.35807352542373	102.499992	1	0	0	0	0
2024-10-03 22:04:20	24.570138809836067	102.18212357377048	102.499992	1	0	0	0	0
2024-10-03 22:04:30	24.568465112087914	101.99883291208792	102.499992	1	0	0	0	0
2024-10-03 22:04:40	24.6095241875	102.02238204999999	102.499992	1	0	0	0	0
2024-10-03 22:04:50	24.555177916326528	102.07701159183674	102.499992	1	0	0	0	0
2024-10-03 22:05:00	24.636125072	101.97279818	102.499992	1	0	0	0	0
2024-10-03 22:05:10	24.626158314492752	101.99928757971014	102.499992	1	0	0	0	0
2024-10-03 22:05:20	24.646541429577464	101.98954835211268	102.499992	1	0	0	0	0
2024-10-03 22:05:30	24.674596940740738	102.12557125925926	102.499992	1	0	0	0	0
2024-10-03 22:05:40	24.657797135	102.26619194999999	102.499992	1	0	0	0	0
2024-10-03 22:05:50	24.65450998833333	102.16089701666667	102.499992	1	0	0	0	0
2024-10-03 22:06:00	24.677704997560976	102.22397609756098	102.499992	1	0	0	0	0
2024-10-03 22:06:10	24.7123404	102.1333632	102.499992	1	0	0	0	0
2024-10-03 22:06:20	24.746743295	101.93113305	102.499992	1	0	0	0	0
2024-10-03 22:06:30	24.78531116	101.84533625555555	102.499992	1	0	0	0	0
2024-10-03 22:06:40	24.758692686885244	102.02042186885245	102.499992	1	0	0	0	0
2024-10-03 22:06:50	24.807153699999997	101.80002866666668	102.499992	1	0	0	0	0
2024-10-03 22:07:00	24.733501394117646	102.33472717647058	102.499992	1	0	0	0	0
2024-10-03 22:07:10	24.770049378260868	102.17260252173914	102.499992	1	0	0	0	0
2024-10-03 22:07:20	24.810082167796608	102.04096554237289	102.499992	1	0	0	0	0
2024-10-03 22:07:30	24.817384242499998	102.2212658	102.499992	1	0	0	0	0
2024-10-03 22:07:40	24.799148295652174	102.46268637681159	102.499992	1	0	0	0	0
2024-10-03 22:07:50	24.83933054857143	102.00609908571428	102.499992	1	0	0	0	0
2024-10-03 22:08:00	24.853203385714288	102.02340914285713	102.499992	1	0	0	0	0
2024-10-03 22:08:10	24.88635581818182	101.77830432727272	102.499992	1	0	0	0	0
2024-10-03 22:08:20	24.873587191836734	102.1426765510204	102.499992	1	0	0	0	0
2024-10-03 22:08:30	24.89838152857143	102.05928168571428	102.499992	1	0	0	0	0
2024-10-03 22:08:40	24.904927335	101.9687007	102.499992	1	0	0	0	0
2024-10-03 22:08:50	24.85477021460674	102.38843486516853	102.499992	1	0	0	0	0
2024-10-03 22:09:00	24.84004286393443	102.4965334262295	102.499992	1	0	0	0	0
2024-10-03 22:09:10	24.907231486666667	102.1262832	102.499992	1	0	0	0	0
2024-10-03 22:09:20	24.888304447916667	102.31026416666667	102.499992	1	0	0	0	0
2024-10-03 22:09:30	24.983179472499998	101.78868505000001	102.499992	1	0	0	0	0
2024-10-03 22:09:40	24.976129408571428	101.86388485714286	102.499992	1	0	0	0	0
2024-10-03 22:09:50	24.960972898749997	102.0847374875	102.499992	1	0	0	0	0
2024-10-03 22:10:00	24.97598086	102.10585492	102.499992	1	0	0	0	0
2024-10-03 22:10:10	24.943095407142856	102.34311931428572	102.499992	1	0	0	0	0
2024-10-03 22:10:20	24.976070162	102.21734185999999	102.499992	1	0	0	0	0
2024-10-03 22:10:30	24.985476795	102.23872095	102.499992	1	0	0	0	0
2024-10-03 22:10:40	25.03111752112676	101.86436540845071	102.499992	1	0	0	0	0
2024-10-03 22:10:50	25.017745933333334	102.23760733333333	102.499992	1	0	0	0	0
2024-10-03 22:11:00	25.101551234285715	101.91547994285713	102.499992	1	0	0	0	0
2024-10-03 22:11:10	25.085836112903227	101.91728467741935	102.499992	1	0	0	0	0
2024-10-03 22:11:20	25.087147769999998	102.21642668333334	102.499992	1	0	0	0	0
2024-10-03 22:11:30	25.085428520547946	101.9139807260274	102.499992	1	0	0	0	0
2024-10-03 22:11:40	25.066389272727275	102.23274599999999	102.499992	1	0	0	0	0
2024-10-03 22:11:50	25.06751431111111	102.15553120987654	102.499992	1	0	0	0	0
2024-10-03 22:12:00	25.170687369491525	101.79929623728813	102.499992	1	0	0	0	0
2024-10-03 22:12:10	25.186857088732395	102.06172295774648	102.499992	1	0	0	0	0
2024-10-03 22:12:20	25.131502430508476	102.26984193220339	102.499992	1	0	0	0	0
2024-10-03 22:12:30	25.168929116666668	102.04243146666667	102.499992	1	0	0	0	0
2024-10-03 22:12:40	25.183784814084508	102.09986257746479	102.499992	1	0	0	0	0
2024-10-03 22:12:50	25.19325573333333	102.20020033333333	102.499992	1	0	0	0	0
2024-10-03 22:13:00	25.18627555	102.20787508333333	102.499992	1	0	0	0	0
2024-10-03 22:13:10	25.177145660759493	102.33590573417722	102.499992	1	0	0	0	0
2024-10-03 22:13:20	25.197334712	102.26910032	102.499992	1	0	0	0	0
2024-10-03 22:13:30	25.223211969230768	102.14281600000001	102.499992	1	0	0	0	0
2024-10-03 22:13:40	25.224542815686274	102.19373450980392	102.499992	1	0	0	0	0
2024-10-03 22:13:50	25.231170825	102.13109183750001	102.499992	1	0	0	0	0
2024-10-03 22:14:00	25.209836972413793	102.1701384137931	102.499992	1	0	0	0	0
2024-10-03 22:14:10	25.24441932658228	102.33231335443037	102.499992	1	0	0	0	0
2024-10-03 22:14:20	25.243648847058825	102.32344578431373	102.499992	1	0	0	0	0
2024-10-03 22:14:30	25.279930116949153	102.09314077966101	102.499992	1	0	0	0	0
2024-10-03 22:14:40	25.291331783870966	102.00196567741936	102.499992	1	0	0	0	0
2024-10-03 22:14:50	25.312365569230767	102.06997312820512	102.499992	1	0	0	0	0
2024-10-03 22:15:00	25.365417470422535	101.88438670422535	102.499992	1	0	0	0	0
2024-10-03 22:15:10	25.329538318987343	102.07589098734177	102.499992	1	0	0	0	0
2024-10-03 22:15:20	25.289443085714286	102.23645352380952	102.499992	1	0	0	0	0
2024-10-03 22:15:30	25.317245284210525	102.33637052631579	102.499992	1	0	0	0	0
2024-10-03 22:15:40	25.363629411764705	102.21172399999999	102.499992	1	0	0	0	0
2024-10-03 22:15:50	25.33068155125	102.12533605	102.499992	1	0	0	0	0
2024-10-03 22:16:00	25.373510132786887	102.21752059016393	102.499992	1	0	0	0	0
2024-10-03 22:16:10	25.393011473417722	102.2647649113924	102.499992	1	0	0	0	0
2024-10-03 22:16:20	25.401632720000002	102.03762488	102.499992	1	0	0	0	0
2024-10-03 22:16:30	25.34811768	102.17081642857143	102.499992	1	0	0	0	0
2024-10-03 22:16:40	25.354504855172415	102.3404578275862	102.499992	1	0	0	0	0
2024-10-03 22:16:50	25.371409311267605	102.42247061971831	102.499992	1	0	0	0	0
2024-10-03 22:17:00	25.369391923333332	102.4635055	102.499992	1	0	0	0	0
2024-10-03 22:17:10	25.409509898550724	102.13878576811594	102.499992	1	0	0	0	0
2024-10-03 22:17:20	25.40542840980392	102.26418645098039	102.499992	1	0	0	0	0
2024-10-03 22:17:30	25.429357586440677	102.19736442372881	102.499992	1	0	0	0	0
2024-10-03 22:17:40	25.51572723529412	101.89339178431372	102.499992	1	0	0	0	0
2024-10-03 22:17:50	25.486695360000002	102.0035594	102.499992	1	0	0	0	0
2024-10-03 22:18:00	25.442542611764708	102.32898876470588	102.499992	1	0	0	0	0
2024-10-03 22:18:10	25.49497358777778	102.02481967777777	102.499992	1	0	0	0	0
2024-10-03 22:18:20	25.481300438	102.21349016	102.499992	1	0	0	0	0
2024-10-03 22:18:30	25.512763404347826	102.12022884057971	102.499992	1	0	0	0	0
2024-10-03 22:18:40	25.49394147	102.47171998	102.499992	1	0	0	0	0
2024-10-03 22:18:50	25.511858714285715	102.34439955714285	102.499992	1	0	0	0	0
2024-10-03 22:19:00	25.53631708857143	102.00493274285714	102.499992	1	0	0	0	0
2024-10-03 22:19:10	25.56871812875	102.01794070000001	102.499992	1	0	0	0	0
2024-10-03 22:19:20	25.56653801625	102.154617875	102.499992	1	0	0	0	0
2024-10-03 22:19:30	25.559742603703704	102.22326897530864	102.499992	1	0	0	0	0
2024-10-03 22:19:40	25.583990428	102.23334164	102.499992	1	0	0	0	0
2024-10-03 22:19:50	25.5623705	102.28060909523809	102.499992	1	0	0	0	0
2024-10-03 22:20:00	25.639716994	101.8863192	102.499992	1	0	0	0	0
2024-10-03 22:20:10	25.62631207391304	102.08439130434782	102.499992	1	0	0	0	0
2024-10-03 22:20:20	25.64181293142857	102.07278324285714	102.499992	1	0	0	0	0
2024-10-03 22:20:30	25.649344397468354	102.0402405443038	102.499992	1	0	0	0	0
2024-10-03 22:20:40	25.629568856	102.19145682	102.499992	1	0	0	0	0
2024-10-03 22:20:50	25.623790709859154	102.44112832394366	102.499992	1	0	0	0	0
2024-10-03 22:21:00	25.67991863	102.24889975714285	102.499992	1	0	0	0	0
2024-10-03 22:21:10	25.716054111250003	101.88326984999999	102.499992	1	0	0	0	0
2024-10-03 22:21:20	25.673962625316456	102.29518159493671	102.499992	1	0	0	0	0
2024-10-03 22:21:30	25.705706673333335	102.02865186666666	102.499992	1	0	0	0	0
2024-10-03 22:21:40	25.687278565306123	102.09682228571428	102.499992	1	0	0	0	0
2024-10-03 22:21:50	25.659485494285715	102.25859391428571	102.499992	1	0	0	0	0
2024-10-03 22:22:00	25.71933058085106	102.13687591489362	102.499992	1	0	0	0	0
2024-10-03 22:22:10	25.77255638888889	101.88885796666666	102.499992	1	0	0	0	0
2024-10-03 22:22:20	25.7485471125	102.13538905	102.499992	1	0	0	0	0
2024-10-03 22:22:30	25.789638987500002	102.02277265	102.499992	1	0	0	0	0
2024-10-03 22:22:40	25.71883742	102.3705734	102.499992	1	0	0	0	0
2024-10-03 22:22:50	25.76086949322034	102.22362649152542	102.499992	1	0	0	0	0
2024-10-03 22:23:00	25.75551692352941	102.39884963235293	102.499992	1	0	0	0	0
2024-10-03 22:23:10	25.789174783544304	102.1450163164557	102.499992	1	0	0	0	0
2024-10-03 22:23:20	25.744922426760564	102.42004069014084	102.499992	1	0	0	0	0
2024-10-03 22:23:30	25.771658857142857	102.38030807142857	102.499992	1	0	0	0	0
2024-10-03 22:23:40	25.81818338983051	102.23452257627117	102.499992	1	0	0	0	0
2024-10-03 22:23:50	25.826925826530612	102.18184246938776	102.499992	1	0	0	0	0
2024-10-03 22:24:00	25.845760157142855	102.03390757142857	102.499992	1	0	0	0	0
2024-10-03 22:24:10	25.785290330555558	102.48802345833333	102.499992	1	0	0	0	0
2024-10-03 22:24:20	25.85966715942029	101.99673462318842	102.499992	1	0	0	0	0
2024-10-03 22:24:30	25.842676834285715	102.2384107142857	102.499992	1	0	0	0	0
2024-10-03 22:24:40	25.880119106779663	102.06050577966101	102.499992	1	0	0	0	0
2024-10-03 22:24:50	25.87360787	102.17086139999999	102.499992	1	0	0	0	0
2024-10-03 22:25:00	25.8679415	102.32932595238096	102.499992	1	0	0	0	0
2024-10-03 22:25:10	25.90823450617284	102.29069140740741	102.499992	1	0	0	0	0
2024-10-03 22:25:20	25.912448925	102.22928075	102.499992	1	0	0	0	0
2024-10-03 22:25:30	25.867758180612245	102.21131112244898	102.499992	1	0	0	0	0
2024-10-03 22:25:40	25.89798933	102.20160829999999	102.499992	1	0	0	0	0
2024-10-03 22:25:50	25.941974030434782	102.42258530434782	102.499992	1	0	0	0	0
2024-10-03 22:26:00	25.90907647346939	102.34675636734694	102.499992	1	0	0	0	0
2024-10-03 22:26:10	25.931882901666665	102.16730838333334	102.499992	1	0	0	0	0
2024-10-03 22:26:20	25.959591675	102.1133188	102.499992	1	0	0	0	0
2024-10-03 22:26:30	25.96464443768116	102.1656810289855	102.499992	1	0	0	0	0
2024-10-03 22:26:40	25.953520363750002	102.3510732875	102.499992	1	0	0	0	0
2024-10-03 22:26:50	25.99935877118644	102.09306294915254	102.499992	1	0	0	0	0
2024-10-03 22:27:00	26.013951792	101.92786262	102.499992	1	0	0	0	0
2024-10-03 22:27:10	25.9920220028169	102.1085321971831	102.499992	1	0	0	0	0
2024-10-03 22:27:20	25.98326135737705	102.36485675409835	102.499992	1	0	0	0	0
2024-10-03 22:27:30	25.98767716625	102.4397852875	102.499992	1	0	0	0	0
2024-10-03 22:27:40	25.978115144285717	102.41399202857143	102.499992	1	0	0	0	0
2024-10-03 22:27:50	25.987794395	102.338191025	102.499992	1	0	0	0	0
2024-10-03 22:28:00	26.032685314285715	102.08401557142857	102.499992	1	0	0	0	0
2024-10-03 22:28:10	25.972314877142857	102.26505368571428	102.499992	1	0	0	0	0
2024-10-03 22:28:20	26.011794284	102.43034908	102.499992	1	0	0	0	0
2024-10-03 22:28:30	25.98008416455696	102.5766836329114	102.499992	1	0	0	0	0
2024-10-03 22:28:40	26.002023846835442	102.44416550632911	102.499992	1	0	0	0	0
2024-10-03 22:28:50	26.065144984507043	102.20985097183099	102.499992	1	0	0	0	0
2024-10-03 22:29:00	26.074625248	102.1838066	102.499992	1	0	0	0	0
2024-10-03 22:29:10	26.04332287721519	102.32992556962026	102.499992	1	0	0	0	0
2024-10-03 22:29:20	26.070683532	101.9526608	102.499992	1	0	0	0	0
2024-10-03 22:29:30	26.100745359493672	102.076982	102.499992	1	0	0	0	0
2024-10-03 22:29:40	26.038475054320987	102.53066560493826	102.499992	1	0	0	0	0
2024-10-03 22:29:50	26.049124433333333	102.4622672	102.499992	1	0	0	0	0
2024-10-03 22:30:00	26.05146485106383	102.18792412765957	102.499992	1	0	0	0	0
2024-10-03 22:30:10	26.091067518333332	102.19302963333334	102.499992	1	0	0	0	0
2024-10-03 22:30:20	26.095839384745762	102.30102242372882	102.499992	1	0	0	0	0
2024-10-03 22:30:30	26.105233479310346	102.26651724137932	102.499992	1	0	0	0	0
2024-10-03 22:30:40	26.080551225	102.46225375	102.499992	1	0	0	0	0
2024-10-03 22:30:50	26.086013333333334	102.40482066666667	102.499992	1	0	0	0	0
2024-10-03 22:31:00	26.087341053750002	102.5909776875	102.499992	1	0	0	0	0
2024-10-03 22:31:10	26.106602508571427	102.39258605714285	102.499992	1	0	0	0	0
2024-10-03 22:31:20	26.064271512	102.79884036	102.499992	1	0	0	0	0
2024-10-03 22:31:30	26.10004164347826	102.52618850724637	102.499992	1	0	0	0	0
2024-10-03 22:31:40	26.08092794857143	102.5608988857143	102.499992	1	0	0	0	0
2024-10-03 22:31:50	26.10519441851852	102.41696603703704	102.499992	1	0	0	0	0
2024-10-03 22:32:00	26.1316475	102.1739746	102.499992	1	0	0	0	0
2024-10-03 22:32:10	26.085111986666668	102.51028943333334	102.499992	1	0	0	0	0
2024-10-03 22:32:20	26.057515152	102.66492192	102.499992	1	0	0	0	0
2024-10-03 22:32:30	26.05557240285714	102.64564265714286	102.499992	1	0	0	0	0
2024-10-03 22:32:40	26.04547818	102.63169674285714	102.499992	1	0	0	0	0
2024-10-03 22:32:50	25.995919779999998	102.99248794285714	102.499992	1	0	0	0	0
2024-10-03 22:33:00	25.986616950819673	102.90649755737705	102.499992	1	0	0	0	0
2024-10-03 22:33:10	25.952586264705882	102.94375529411765	102.499992	1	0	0	0	0
2024-10-03 22:33:20	25.98222356	102.78150884	102.499992	1	0	0	0	0
2024-10-03 22:33:30	25.990118030434783	102.53504113043479	102.499992	1	0	0	0	0
2024-10-03 22:33:40	25.923930026666667	103.22204826666668	102.499992	1	0	0	0	0
2024-10-03 22:33:50	25.95555007857143	102.7049965	102.499992	1	0	0	0	0
2024-10-03 22:34:00	25.956634839215685	102.733446	102.499992	1	0	0	0	0
2024-10-03 22:34:10	25.86569966	103.18522750000001	102.499992	1	0	0	0	0
2024-10-03 22:34:20	25.914387	102.852046	102.499992	1	0	0	0	0
2024-10-03 22:34:30	25.89892625737705	102.79876886885246	102.499992	1	0	0	0	0
2024-10-03 22:34:40	25.86657785	103.05461605	102.499992	1	0	0	0	0
2024-10-03 22:34:50	25.87564008	103.0592586	102.499992	1	0	0	0	0
2024-10-03 22:35:00	25.893913888333334	102.69543988333334	102.499992	1	0	0	0	0
2024-10-03 22:35:10	25.8781601425	102.80029423750001	102.499992	1	0	0	0	0
2024-10-03 22:35:20	25.867150889999998	102.81835855	102.499992	1	0	0	0	0
2024-10-03 22:35:30	25.825109571830986	102.94100780281691	102.499992	1	0	0	0	0
2024-10-03 22:35:40	25.804498562	103.0809526	102.499992	1	0	0	0	0
2024-10-03 22:35:50	25.831592847826087	102.75156891304349	102.499992	1	0	0	0	0
2024-10-03 22:36:00	25.86764319	102.5048784	102.499992	1	0	0	0	0
2024-10-03 22:36:10	25.7824657475	102.84050768750001	102.499992	1	0	0	0	0
2024-10-03 22:36:20	25.74925738	103.12593085	102.499992	1	0	0	0	0
2024-10-03 22:36:30	25.7563868	102.99946579310345	102.499992	1	0	0	0	0
2024-10-03 22:36:40	25.778022682352944	102.82081482352942	102.499992	1	0	0	0	0
2024-10-03 22:36:50	25.761714865822785	102.81923969620253	102.499992	1	0	0	0	0
2024-10-03 22:37:00	25.765010175	102.81506803333333	102.499992	1	0	0	0	0
2024-10-03 22:37:10	25.799780260674158	102.51721750561798	102.499992	1	0	0	0	0
2024-10-03 22:37:20	25.76578347586207	102.72169403448277	102.499992	1	0	0	0	0
2024-10-03 22:37:30	25.732571019999998	103.0823109	102.499992	1	0	0	0	0
2024-10-03 22:37:40	25.713369678	102.7805635	102.499992	1	0	0	0	0
2024-10-03 22:37:50	25.67723351304348	102.90531147826087	102.499992	1	0	0	0	0
2024-10-03 22:38:00	25.712096992000003	103.03759407999999	102.499992	1	0	0	0	0
2024-10-03 22:38:10	25.71837994074074	102.72498222222222	102.499992	1	0	0	0	0
2024-10-03 22:38:20	25.725612682	102.69162134	102.499992	1	0	0	0	0
2024-10-03 22:38:30	25.685961062	102.81838780000001	102.499992	1	0	0	0	0
2024-10-03 22:38:40	25.667305198	102.83993066000001	102.499992	1	0	0	0	0
2024-10-03 22:38:50	25.693521955056177	102.65192876404495	102.499992	1	0	0	0	0
2024-10-03 22:39:00	25.661260709859153	102.85629430985915	102.499992	1	0	0	0	0
2024-10-03 22:39:10	25.648371091525423	102.84184772881356	102.499992	1	0	0	0	0
2024-10-03 22:39:20	25.633240808	102.76387176	102.499992	1	0	0	0	0
2024-10-03 22:39:30	25.578062050704226	103.10627040845071	102.499992	1	0	0	0	0
2024-10-03 22:39:40	25.592145628	102.89116557999999	102.499992	1	0	0	0	0
2024-10-03 22:39:50	25.58516535409836	102.89828895081968	102.499992	1	0	0	0	0
2024-10-03 22:40:00	25.58470790166667	103.02678955	102.499992	1	0	0	0	0
2024-10-03 22:40:10	25.550262706329114	102.94254030379747	102.499992	1	0	0	0	0
2024-10-03 22:40:20	25.550483537288137	102.90609259322035	102.499992	1	0	0	0	0
2024-10-03 22:40:30	25.524671853846154	102.96604561538462	102.499992	1	0	0	0	0
2024-10-03 22:40:40	25.523042508474575	102.91793735593221	102.499992	1	0	0	0	0
2024-10-03 22:40:50	25.533477261971832	102.75455436619718	102.499992	1	0	0	0	0
2024-10-03 22:41:00	25.532496428333335	102.74064603333333	102.499992	1	0	0	0	0
2024-10-03 22:41:10	25.48358417125	102.935302025	102.499992	1	0	0	0	0
2024-10-03 22:41:20	25.498670495774647	102.74229976056338	102.499992	1	0	0	0	0
2024-10-03 22:41:30	25.51746636811594	102.5850999710145	102.499992	1	0	0	0	0
2024-10-03 22:41:40	25.516085615	102.80671339999999	102.499992	1	0	0	0	0
2024-10-03 22:41:50	25.498130074	102.66801422	102.499992	1	0	0	0	0
2024-10-03 22:42:00	25.49365179361702	102.7569865106383	102.499992	1	0	0	0	0
2024-10-03 22:42:10	25.429532458888886	103.06116208888889	102.499992	1	0	0	0	0
2024-10-03 22:42:20	25.43160268450704	102.94077505633803	102.499992	1	0	0	0	0
2024-10-03 22:42:30	25.46085622758621	102.67143706896552	102.499992	1	0	0	0	0
2024-10-03 22:42:40	25.395503206666664	102.9423568	102.499992	1	0	0	0	0
2024-10-03 22:42:50	25.4662215	102.51675433333334	102.499992	1	0	0	0	0
2024-10-03 22:43:00	25.415860139344264	102.8018925737705	102.499992	1	0	0	0	0
2024-10-03 22:43:10	25.404022244444445	102.74031044444445	102.499992	1	0	0	0	0
2024-10-03 22:43:20	25.40743414262295	102.86864940983607	102.499992	1	0	0	0	0
2024-10-03 22:43:30	25.35161902162162	102.98489883783785	102.499992	1	0	0	0	0
2024-10-03 22:43:40	25.320083218461537	103.02665123076923	102.499992	1	0	0	0	0
2024-10-03 22:43:50	25.355453568	102.93377072	102.499992	1	0	0	0	0
2024-10-03 22:44:00	25.311616508163265	103.00029765306122	102.499992	1	0	0	0	0
2024-10-03 22:44:10	25.321937814285715	103.02120571428571	102.499992	1	0	0	0	0
2024-10-03 22:44:20	25.323201885	102.85999545	102.499992	1	0	0	0	0
2024-10-03 22:44:30	25.308160221518985	102.87020316455697	102.499992	1	0	0	0	0
2024-10-03 22:44:40	25.32031205084746	102.6519279661017	102.499992	1	0	0	0	0
2024-10-03 22:44:50	25.303497099999998	102.65935590000001	102.499992	1	0	0	0	0
2024-10-03 22:45:00	25.216757346938778	103.0034402244898	102.499992	1	0	0	0	0
2024-10-03 22:45:10	25.2395586	102.9352951	102.499992	1	0	0	0	0
2024-10-03 22:45:20	25.261638103333333	102.64697285	102.499992	1	0	0	0	0
2024-10-03 22:45:30	25.23741517752809	102.73953914606741	102.499992	1	0	0	0	0
2024-10-03 22:45:40	25.207870705882353	102.87572547058824	102.499992	1	0	0	0	0
2024-10-03 22:45:50	25.210545798	102.77406031999999	102.499992	1	0	0	0	0
2024-10-03 22:46:00	25.171155191836736	102.91371648979592	102.499992	1	0	0	0	0
2024-10-03 22:46:10	25.159451060759494	103.2448764556962	102.499992	1	0	0	0	0
2024-10-03 22:46:20	25.104126180327867	103.127718	102.499992	1	0	0	0	0
2024-10-03 22:46:30	25.14419393	102.9276481375	102.499992	1	0	0	0	0
2024-10-03 22:46:40	25.13838120204082	102.77254128571428	102.499992	1	0	0	0	0
2024-10-03 22:46:50	25.12612262	102.808707	102.499992	1	0	0	0	0
2024-10-03 22:47:00	25.134080976	102.70457064	102.499992	1	0	0	0	0
2024-10-03 22:47:10	25.103394557377047	102.95794542622951	102.499992	1	0	0	0	0
2024-10-03 22:47:20	25.03948249710145	103.25462624637682	102.499992	1	0	0	0	0
2024-10-03 22:47:30	25.082370188888888	102.71168477777778	102.499992	1	0	0	0	0
2024-10-03 22:47:40	25.063129838571427	102.82685311428571	102.499992	1	0	0	0	0
2024-10-03 22:47:50	25.04732927142857	102.85982904761904	102.499992	1	0	0	0	0
2024-10-03 22:48:00	25.049143548	102.82752805999999	102.499992	1	0	0	0	0
2024-10-03 22:48:10	25.08564652881356	102.91914183050848	102.499992	1	0	0	0	0
2024-10-03 22:48:20	25.033037002857142	102.82749308571428	102.499992	1	0	0	0	0
2024-10-03 22:48:30	25.02321450625	102.81225859999999	102.499992	1	0	0	0	0
2024-10-03 22:48:40	24.986843311594203	102.97585585507247	102.499992	1	0	0	0	0
2024-10-03 22:48:50	24.949921408450702	103.15419501408451	102.499992	1	0	0	0	0
2024-10-03 22:49:00	24.934006920408162	103.09758281632652	102.499992	1	0	0	0	0
2024-10-03 22:49:10	24.976807453846156	102.83592196153846	102.499992	1	0	0	0	0
2024-10-03 22:49:20	24.930930065000002	102.804871	102.499992	1	0	0	0	0
2024-10-03 22:49:30	24.972177622222222	102.67679562962962	102.499992	1	0	0	0	0
2024-10-03 22:49:40	24.95775136	102.8221773	102.499992	1	0	0	0	0
2024-10-03 22:49:50	24.93500675254237	102.83951079661017	102.499992	1	0	0	0	0
2024-10-03 22:50:00	24.942750791836733	102.64508208163265	102.499992	1	0	0	0	0
2024-10-03 22:50:10	24.939565005	102.68992696666666	102.499992	1	0	0	0	0
2024-10-03 22:50:20	24.83152414918033	103.25833462295081	102.499992	1	0	0	0	0
2024-10-03 22:50:30	24.855115283333333	102.99870163333334	102.499992	1	0	0	0	0
2024-10-03 22:50:40	24.84581559577465	102.98422801408451	102.499992	1	0	0	0	0
2024-10-03 22:50:50	24.847706544444446	102.90717455555556	102.499992	1	0	0	0	0
2024-10-03 22:51:00	24.807779591836734	102.78839173469387	102.499992	1	0	0	0	0
2024-10-03 22:51:10	24.842569663333332	102.96842816666667	102.499992	1	0	0	0	0
2024-10-03 22:51:20	24.835345942	102.76134277999999	102.499992	1	0	0	0	0
2024-10-03 22:51:30	24.87031732151899	102.55515839240506	102.499992	1	0	0	0	0
2024-10-03 22:51:40	24.836278342372882	102.72937649152543	102.499992	1	0	0	0	0
2024-10-03 22:51:50	24.805564055072463	102.85085539130435	102.499992	1	0	0	0	0
2024-10-03 22:52:00	24.762844766666667	102.85820266666667	102.499992	1	0	0	0	0
2024-10-03 22:52:10	24.76380867	102.91820893333333	102.499992	1	0	0	0	0
2024-10-03 22:52:20	24.77069638292683	102.63033865853659	102.499992	1	0	0	0	0
2024-10-03 22:52:30	24.745622236263735	102.98362482417582	102.499992	1	0	0	0	0
2024-10-03 22:52:40	24.722045785714286	102.95907671428571	102.499992	1	0	0	0	0
2024-10-03 22:52:50	24.725903197560978	102.89446887804878	102.499992	1	0	0	0	0
2024-10-03 22:53:00	24.713310163934427	102.8639181147541	102.499992	1	0	0	0	0
2024-10-03 22:53:10	24.724680828333334	102.74945285	102.499992	1	0	0	0	0
2024-10-03 22:53:20	24.688950605882354	102.88207047058825	102.499992	1	0	0	0	0
2024-10-03 22:53:30	24.62784736	103.03580975714286	102.499992	1	0	0	0	0
2024-10-03 22:53:40	24.609386194202898	103.0700084057971	102.499992	1	0	0	0	0
2024-10-03 22:53:50	24.62521315	102.85512457142856	102.499992	1	0	0	0	0
2024-10-03 22:54:00	24.645100718000002	103.02222692000001	102.499992	1	0	0	0	0
2024-10-03 22:54:10	24.626044342857142	102.76105037142857	102.499992	1	0	0	0	0
2024-10-03 22:54:20	24.62557094489796	102.97660391836735	102.499992	1	0	0	0	0
2024-10-03 22:54:30	24.632221037974684	102.70957855696203	102.499992	1	0	0	0	0
2024-10-03 22:54:40	24.619908311392404	102.76209560759493	102.499992	1	0	0	0	0
2024-10-03 22:54:50	24.645650408450706	102.75929449295774	102.499992	1	0	0	0	0
2024-10-03 22:55:00	24.602359971428573	102.72180385714286	102.499992	1	0	0	0	0
2024-10-03 22:55:10	24.541067205	102.97445805000001	102.499992	1	0	0	0	0
2024-10-03 22:55:20	24.53937917966102	103.01695154237288	102.499992	1	0	0	0	0
2024-10-03 22:55:30	24.49089808395062	103.23272243209877	102.499992	1	0	0	0	0
2024-10-03 22:55:40	24.515414752173914	103.02529565217391	102.499992	1	0	0	0	0
2024-10-03 22:55:50	24.547375153658535	102.83062395121951	102.499992	1	0	0	0	0
2024-10-03 22:56:00	24.49406431016949	103.104139	102.499992	1	0	0	0	0
2024-10-03 22:56:10	24.515431834782607	102.76422379710145	102.499992	1	0	0	0	0
2024-10-03 22:56:20	24.50179529180328	102.80025078688524	102.499992	1	0	0	0	0
2024-10-03 22:56:30	24.4453621	103.0940966	102.499992	1	0	0	0	0
2024-10-03 22:56:40	24.464003379999998	102.88966991428572	102.499992	1	0	0	0	0
2024-10-03 22:56:50	24.440101416250002	102.9833070625	102.499992	1	0	0	0	0
2024-10-03 22:57:00	24.48249311111111	102.64404758024692	102.499992	1	0	0	0	0
2024-10-03 22:57:10	24.405878535	102.9922750625	102.499992	1	0	0	0	0
2024-10-03 22:57:20	24.404274153846153	102.91333675	102.499992	1	0	0	0	0
2024-10-03 22:57:30	24.404687483050846	102.87935655932203	102.499992	1	0	0	0	0
2024-10-03 22:57:40	24.4936453525	102.6065999125	102.499992	1	0	0	0	0
2024-10-03 22:57:50	24.410790456338027	102.83646769014084	102.499992	1	0	0	0	0
2024-10-03 22:58:00	24.391578488333334	102.71173825	102.499992	1	0	0	0	0
2024-10-03 22:58:10	24.378286405063292	102.86004101265823	102.499992	1	0	0	0	0
2024-10-03 22:58:20	24.408455019512193	102.56045292682927	102.499992	1	0	0	0	0
2024-10-03 22:58:30	24.35095823	102.929545325	102.499992	1	0	0	0	0
2024-10-03 22:58:40	24.331788664	102.71533448	102.499992	1	0	0	0	0
2024-10-03 22:58:50	24.368066739506173	102.68050933333333	102.499992	1	0	0	0	0
2024-10-03 22:59:00	24.36035380857143	102.9384357	102.499992	1	0	0	0	0
2024-10-03 22:59:10	24.287350907692307	103.07160223076923	102.499992	1	0	0	0	0
2024-10-03 22:59:20	24.315740656000003	102.95302372	102.499992	1	0	0	0	0
2024-10-03 22:59:30	24.313096804918032	102.94557429508197	102.499992	1	0	0	0	0
2024-10-03 22:59:40	24.312832767605634	102.94912864788732	102.499992	1	0	0	0	0
2024-10-03 22:59:50	24.296828764285713	102.80123878571429	102.499992	1	0	0	0	0
2024-10-03 23:00:00	24.274378395061728	102.77499422222223	102.499992	1	0	0	0	0
2024-10-03 23:00:10	24.250935785714283	102.88975484285714	102.499992	1	0	0	0	0
2024-10-03 23:00:20	24.22930553898305	102.97316420338983	102.499992	1	0	0	0	0
2024-10-03 23:00:30	24.23497906065574	102.8708475409836	102.499992	1	0	0	0	0
2024-10-03 23:00:40	24.23019286	102.8101308	102.499992	1	0	0	0	0
2024-10-03 23:00:50	24.23115145942029	102.74159508695652	102.499992	1	0	0	0	0
2024-10-03 23:01:00	24.18375736666667	102.99187316666666	102.499992	1	0	0	0	0
2024-10-03 23:01:10	24.212729911392405	102.75292337974683	102.499992	1	0	0	0	0
2024-10-03 23:01:20	24.230355217241378	102.68778579310344	102.499992	1	0	0	0	0
2024-10-03 23:01:30	24.224445288732394	102.60832663380282	102.499992	1	0	0	0	0
2024-10-03 23:01:40	24.18279665862069	102.88700065517241	102.499992	1	0	0	0	0
2024-10-03 23:01:50	24.2450473025	102.37862282500001	102.499992	1	0	0	0	0
2024-10-03 23:02:00	24.185362393617023	102.75297240425532	102.499992	1	0	0	0	0
2024-10-03 23:02:10	24.194998578947366	102.5789107368421	102.499992	1	0	0	0	0
2024-10-03 23:02:20	24.121016656000002	102.92778440000001	102.499992	1	0	0	0	0
2024-10-03 23:02:30	24.15074595942029	102.72707050724638	102.499992	1	0	0	0	0
2024-10-03 23:02:40	24.14323628813559	102.58675174576271	102.499992	1	0	0	0	0
2024-10-03 23:02:50	24.188985991208792	102.48168098901098	102.499992	1	0	0	0	0
2024-10-03 23:03:00	24.17939518888889	102.50970808641975	102.499992	1	0	0	0	0
2024-10-03 23:03:10	24.163302795652175	102.51641804347825	102.499992	1	0	0	0	0
2024-10-03 23:03:20	24.137524027999998	102.72354688	102.499992	1	0	0	0	0
2024-10-03 23:03:30	24.123688333333334	102.63849366666666	102.499992	1	0	0	0	0
2024-10-03 23:03:40	24.055364188235295	103.29003394117647	102.499992	1	0	0	0	0
2024-10-03 23:03:50	24.10623275857143	102.6543883	102.499992	1	0	0	0	0
2024-10-03 23:04:00	24.059156903999998	103.04261240000001	102.499992	1	0	0	0	0
2024-10-03 23:04:10	24.109599375714286	102.4878389	102.499992	1	0	0	0	0
2024-10-03 23:04:20	24.040997143137254	102.91086050980392	102.499992	1	0	0	0	0
2024-10-03 23:04:30	24.049493013043477	102.75115168115943	102.499992	1	0	0	0	0
2024-10-03 23:04:40	24.008598305	102.7624668	102.499992	1	0	0	0	0
2024-10-03 23:04:50	24.031221066666667	102.76049066666667	102.499992	1	0	0	0	0
2024-10-03 23:05:00	24.09662495	102.307427925	102.499992	1	0	0	0	0
2024-10-03 23:05:10	24.062574043820224	102.49238811235955	102.499992	1	0	0	0	0
2024-10-03 23:05:20	24.032122296226415	102.66193267924528	102.499992	1	0	0	0	0
2024-10-03 23:05:30	24.022308866	102.73423011999999	102.499992	1	0	0	0	0
2024-10-03 23:05:40	24.035959700000003	102.594120625	102.499992	1	0	0	0	0
2024-10-03 23:05:50	24.016400526229507	102.70675534426229	102.499992	1	0	0	0	0
2024-10-03 23:06:00	24.040236863999997	102.48952302000001	102.499992	1	0	0	0	0
2024-10-03 23:06:10	24.02113358888889	102.63418087777778	102.499992	1	0	0	0	0
2024-10-03 23:06:20	23.984769325423727	102.83624074576271	102.499992	1	0	0	0	0
2024-10-03 23:06:30	24.04672626506024	102.38443777108434	102.499992	1	0	0	0	0
2024-10-03 23:06:40	23.996448680851064	102.68546893617021	102.499992	1	0	0	0	0
2024-10-03 23:06:50	23.967967963333333	102.82747683333334	102.499992	1	0	0	0	0
2024-10-03 23:07:00	24.02819952962963	102.44272014814814	102.499992	1	0	0	0	0
2024-10-03 23:07:10	23.998404373333333	102.62733625555556	102.499992	1	0	0	0	0
2024-10-03 23:07:20	23.97294657826087	102.71259310144927	102.499992	1	0	0	0	0
2024-10-03 23:07:30	24.01335850666667	102.45560066666667	102.499992	1	0	0	0	0
2024-10-03 23:07:40	24.013508834285716	102.56818377142856	102.499992	1	0	0	0	0
2024-10-03 23:07:50	24.042695413559322	102.27398586440677	102.499992	1	0	0	0	0
2024-10-03 23:08:00	24.0573486	102.205029	102.499992	1	0	0	0	0
2024-10-03 23:08:10	23.994568803703704	102.50425280246914	102.499992	1	0	0	0	0
2024-10-03 23:08:20	23.997296405882352	102.26580158823529	102.499992	1	0	0	0	0
2024-10-03 23:08:30	23.988242832857143	102.69863808571428	102.499992	1	0	0	0	0
2024-10-03 23:08:40	23.9584418	102.8462572295082	102.499992	1	0	0	0	0
2024-10-03 23:08:50	23.964471188235294	102.75079529411765	102.499992	1	0	0	0	0
2024-10-03 23:09:00	23.97067681290323	102.66740174193548	102.499992	1	0	0	0	0
2024-10-03 23:09:10	23.94928787647059	102.80171561764706	102.499992	1	0	0	0	0
2024-10-03 23:09:20	24.0222841525	102.50419918749999	102.499992	1	0	0	0	0
2024-10-03 23:09:30	24.01369695652174	102.49023634782608	102.499992	1	0	0	0	0
2024-10-03 23:09:40	24.019863570588235	102.45455347058824	102.499992	1	0	0	0	0
2024-10-03 23:09:50	24.00103207246377	102.55080875362319	102.499992	1	0	0	0	0
2024-10-03 23:10:00	23.997265763829787	102.61357070212766	102.499992	1	0	0	0	0
2024-10-03 23:10:10	23.965464191304346	102.69944842028985	102.499992	1	0	0	0	0
2024-10-03 23:10:20	23.953342758823528	102.65822891176471	102.499992	1	0	0	0	0
2024-10-03 23:10:30	23.99276772345679	102.48884975308641	102.499992	1	0	0	0	0
2024-10-03 23:10:40	24.01339076	102.19173035	102.499992	1	0	0	0	0
2024-10-03 23:10:50	24.039716791836735	102.27759232653061	102.499992	1	0	0	0	0
2024-10-03 23:11:00	24.007347644262296	102.49188144262295	102.499992	1	0	0	0	0
2024-10-03 23:11:10	23.89847661948052	103.14619090909092	102.499992	1	0	0	0	0
2024-10-03 23:11:20	23.972155618571428	102.4616833	102.499992	1	0	0	0	0
2024-10-03 23:11:30	23.97400541142857	102.7271295857143	102.499992	1	0	0	0	0
2024-10-03 23:11:40	23.996612825	102.49828025	102.499992	1	0	0	0	0
2024-10-03 23:11:50	24.020368853333334	102.2712988	102.499992	1	0	0	0	0
2024-10-03 23:12:00	24.011014097959183	102.43093581632652	102.499992	1	0	0	0	0
2024-10-03 23:12:10	24.02763101375	102.30694207500001	102.499992	1	0	0	0	0
2024-10-03 23:12:20	24.000267967142857	102.41838577142858	102.499992	1	0	0	0	0
2024-10-03 23:12:30	24.003697778481012	102.51969882278482	102.499992	1	0	0	0	0
2024-10-03 23:12:40	23.95096858	102.88637695999999	102.499992	1	0	0	0	0
2024-10-03 23:12:50	24.074092103333335	102.05633773333334	102.499992	1	0	0	0	0
2024-10-03 23:13:00	24.03501207142857	102.52549289795918	102.499992	1	0	0	0	0
2024-10-03 23:13:10	23.984317811267605	102.71328484507042	102.499992	1	0	0	0	0
2024-10-03 23:13:20	23.9863338	102.71900133333334	102.499992	1	0	0	0	0
2024-10-03 23:13:30	24.054972809876542	102.15087891358026	102.499992	1	0	0	0	0
2024-10-03 23:13:40	24.005429353846154	102.47541846153847	102.499992	1	0	0	0	0
2024-10-03 23:13:50	23.95309906229508	102.48487104918033	102.499992	1	0	0	0	0
2024-10-03 23:14:00	23.975788370212765	102.42272753191489	102.499992	1	0	0	0	0
2024-10-03 23:14:10	24.03729077	102.21733023333333	102.499992	1	0	0	0	0
2024-10-03 23:14:20	24.0200626	102.55339369565218	102.499992	1	0	0	0	0
2024-10-03 23:14:30	24.016820595604397	102.39804948351649	102.499992	1	0	0	0	0
2024-10-03 23:14:40	24.00821987125	102.43566875	102.499992	1	0	0	0	0
2024-10-03 23:14:50	23.95925718367347	102.72964593877552	102.499992	1	0	0	0	0
2024-10-03 23:15:00	23.943595368	102.78422176000001	102.499992	1	0	0	0	0
2024-10-03 23:15:10	23.99526868101266	102.5438806835443	102.499992	1	0	0	0	0
2024-10-03 23:15:20	23.941155925714284	102.79286485714286	102.499992	1	0	0	0	0
2024-10-03 23:15:30	23.97593958	102.43442853333333	102.499992	1	0	0	0	0
2024-10-03 23:15:40	23.96733057875	102.5902	102.499992	1	0	0	0	0
2024-10-03 23:15:50	23.95854522881356	102.45672001694916	102.499992	1	0	0	0	0
2024-10-03 23:16:00	24.087410858536586	101.758971	102.499992	1	0	0	0	0
2024-10-03 23:16:10	24.012604764150943	102.36563694339623	102.499992	1	0	0	0	0
2024-10-03 23:16:20	23.96913569113924	102.67821681012659	102.499992	1	0	0	0	0
2024-10-03 23:16:30	24.003390726760564	102.41950005633804	102.499992	1	0	0	0	0
2024-10-03 23:16:40	24.009940028985508	102.57049547826087	102.499992	1	0	0	0	0
2024-10-03 23:16:50	23.989231343209877	102.71348967901234	102.499992	1	0	0	0	0
2024-10-03 23:17:00	23.957373059322034	102.96202659322034	102.499992	1	0	0	0	0
2024-10-03 23:17:10	24.008431682352942	102.369223	102.499992	1	0	0	0	0
2024-10-03 23:17:20	23.986700720588235	102.51130967647059	102.499992	1	0	0	0	0
2024-10-03 23:17:30	23.968464224752477	102.609719	102.499992	1	0	0	0	0
2024-10-03 23:17:40	24.008618615	102.34397075000001	102.499992	1	0	0	0	0
2024-10-03 23:17:50	23.952778190196078	102.66157096078432	102.499992	1	0	0	0	0
2024-10-03 23:18:00	23.989591746938775	102.44901289795918	102.499992	1	0	0	0	0
2024-10-03 23:18:10	23.984300023333333	102.30467746666666	102.499992	1	0	0	0	0
2024-10-03 23:18:20	24.04031917118644	102.14380291525423	102.499992	1	0	0	0	0
2024-10-03 23:18:30	24.00886751549296	102.38513473239436	102.499992	1	0	0	0	0
2024-10-03 23:18:40	23.98963061625	102.513314	102.499992	1	0	0	0	0
2024-10-03 23:18:50	23.973778713483146	102.60132885393259	102.499992	1	0	0	0	0
2024-10-03 23:19:00	24.030886780000003	102.33520976	102.499992	1	0	0	0	0
2024-10-03 23:19:10	24.005222923529413	102.41325988235293	102.499992	1	0	0	0	0
2024-10-03 23:19:20	24.013522326229506	102.39374918032787	102.499992	1	0	0	0	0
2024-10-03 23:19:30	24.03779414177215	102.45341287341772	102.499992	1	0	0	0	0
2024-10-03 23:19:40	24.031498884285714	102.30497427142858	102.499992	1	0	0	0	0
2024-10-03 23:19:50	24.003519895	102.5087728625	102.499992	1	0	0	0	0
2024-10-03 23:20:00	24.013074200000002	102.41969	102.499992	1	0	0	0	0
2024-10-03 23:20:10	24.034984985074626	102.2826552238806	102.499992	1	0	0	0	0
2024-10-03 23:20:20	24.03558846904762	102.39582228571429	102.499992	1	0	0	0	0
2024-10-03 23:20:30	24.00244466619718	102.54126315492958	102.499992	1	0	0	0	0
2024-10-03 23:20:40	24.04899456625	102.3281226875	102.499992	1	0	0	0	0
2024-10-03 23:20:50	24.056178715714285	102.24330591428571	102.499992	1	0	0	0	0
2024-10-03 23:21:00	24.055241933333335	102.27963766666666	102.499992	1	0	0	0	0
2024-10-03 23:21:10	24.02788226125	102.4842388	102.499992	1	0	0	0	0
2024-10-03 23:21:20	24.04483998983051	102.62534945762712	102.499992	1	0	0	0	0
2024-10-03 23:21:30	24.058190344827587	102.35668220689655	102.499992	1	0	0	0	0
2024-10-03 23:21:40	24.001754666666667	102.69704651851852	102.499992	1	0	0	0	0
2024-10-03 23:21:50	24.001754666666667	102.69704651851852	102.499992	1	0	0	0	0
2024-10-03 23:22:00	24.05045334117647	102.39742052941176	102.499992	1	0	0	0	0
2024-10-03 23:22:10	23.993338743333332	102.759871	102.499992	1	0	0	0	0
2024-10-03 23:22:20	24.05056562040816	102.36198163265306	102.499992	1	0	0	0	0
2024-10-03 23:22:30	24.05056562040816	102.36198163265306	102.499992	1	0	0	0	0
2024-10-03 23:22:40	24.037230292307694	102.40873223076923	102.499992	1	0	0	0	0
2024-10-03 23:22:50	24.037230292307694	102.40873223076923	102.499992	1	0	0	0	0
2024-10-03 23:23:00	24.085689776666666	102.1951112	102.499992	1	0	0	0	0
2024-10-03 23:23:10	24.031027532499998	102.5487141	102.499992	1	0	0	0	0
2024-10-03 23:23:20	24.092554785714285	102.18111314285714	102.499992	1	0	0	0	0
2024-10-03 23:23:30	24.040087146666664	102.54834343333333	102.499992	1	0	0	0	0
2024-10-03 23:23:40	24.0809181943662	102.25794519718309	102.499992	1	0	0	0	0
2024-10-03 23:23:50	24.03706247	102.56374107142857	102.83570158571429	1	0	0	0	0
2024-10-03 23:24:00	24.103546208163266	102.4494746122449	102.999985	1	0	0	0	0
2024-10-03 23:24:10	24.10888741	102.451335825	102.999985	1	0	0	0	0
2024-10-03 23:24:20	24.16015202	102.22426055999999	102.999985	1	0	0	0	0
2024-10-03 23:24:30	24.177810536666666	102.25957573333334	102.999985	1	0	0	0	0
2024-10-03 23:24:40	24.18248092125	102.3657747625	102.999985	1	0	0	0	0
2024-10-03 23:24:50	24.143313384810124	102.6724567721519	102.999985	1	0	0	0	0
2024-10-03 23:25:00	24.18680609859155	102.48272333802817	102.999985	1	0	0	0	0
2024-10-03 23:25:10	24.1771055	102.65977463380281	102.999985	1	0	0	0	0
2024-10-03 23:25:20	24.22346734237288	102.44376837288137	102.999985	1	0	0	0	0
2024-10-03 23:25:30	24.21000012727273	102.55944145454545	102.999985	1	0	0	0	0
2024-10-03 23:25:40	24.248046911764707	102.24475326470588	102.999985	1	0	0	0	0
2024-10-03 23:25:50	24.271222279661018	102.31989223728814	102.999985	1	0	0	0	0
2024-10-03 23:26:00	24.30290027	102.33475344	102.999985	1	0	0	0	0
2024-10-03 23:26:10	24.28528136	102.35665565	102.999985	1	0	0	0	0
2024-10-03 23:26:20	24.308589956666665	102.54775096666667	102.999985	1	0	0	0	0
2024-10-03 23:26:30	24.36389770379747	102.29657321518988	102.999985	1	0	0	0	0
2024-10-03 23:26:40	24.408982252459015	102.16314013114754	102.999985	1	0	0	0	0
2024-10-03 23:26:50	24.341480384285713	102.70901385714285	102.999985	1	0	0	0	0
2024-10-03 23:27:00	24.401185265822786	102.4333239113924	102.999985	1	0	0	0	0
2024-10-03 23:27:10	24.39958781234568	102.37351956790124	102.999985	1	0	0	0	0
2024-10-03 23:27:20	24.406887857142856	102.57020071428572	102.999985	1	0	0	0	0
2024-10-03 23:27:30	24.477488151282053	102.30314093589743	102.999985	1	0	0	0	0
2024-10-03 23:27:40	24.434637685714286	102.64205691836735	102.999985	1	0	0	0	0
2024-10-03 23:27:50	24.466172133333334	102.55243025925927	102.999985	1	0	0	0	0
2024-10-03 23:28:00	24.514122394	102.3453501	102.999985	1	0	0	0	0
2024-10-03 23:28:10	24.542379472500002	102.27001985000001	102.999985	1	0	0	0	0
2024-10-03 23:28:20	24.57887671525424	102.16433301694916	102.999985	1	0	0	0	0
2024-10-03 23:28:30	24.526409519999998	102.67940660000001	102.999985	1	0	0	0	0
2024-10-03 23:28:40	24.58208329	102.4379208	102.999985	1	0	0	0	0
2024-10-03 23:28:50	24.593034952222222	102.47137373333332	102.999985	1	0	0	0	0
2024-10-03 23:29:00	24.647352762318842	102.22900105797102	102.999985	1	0	0	0	0
2024-10-03 23:29:10	24.64307862	102.3992291125	102.999985	1	0	0	0	0
2024-10-03 23:29:20	24.59725911372549	102.77111907843137	102.999985	1	0	0	0	0
2024-10-03 23:29:30	24.67878033	102.4716873	102.999985	1	0	0	0	0
2024-10-03 23:29:40	24.72515471020408	102.19565363265306	102.999985	1	0	0	0	0
2024-10-03 23:29:50	24.700315688607596	102.47837943037975	102.999985	1	0	0	0	0
2024-10-03 23:30:00	24.68245023877551	102.85552348979591	102.999985	1	0	0	0	0
2024-10-03 23:30:10	24.697288873333335	102.6868794	102.999985	1	0	0	0	0
2024-10-03 23:30:20	24.76075534117647	102.20454435294117	102.999985	1	0	0	0	0
2024-10-03 23:30:30	24.784989749999998	102.34784859999999	102.999985	1	0	0	0	0
2024-10-03 23:30:40	24.816352642000002	102.31320458	102.999985	1	0	0	0	0
2024-10-03 23:30:50	24.820651088888887	102.48480458888889	102.999985	1	0	0	0	0
2024-10-03 23:31:00	24.784836945714286	102.7903775	102.999985	1	0	0	0	0
2024-10-03 23:31:10	24.832478587640452	102.6704002247191	102.999985	1	0	0	0	0
2024-10-03 23:31:20	24.858707664	102.52914668	102.999985	1	0	0	0	0
2024-10-03 23:31:30	24.864656466666666	102.40578233333333	102.999985	1	0	0	0	0
2024-10-03 23:31:40	24.856761728	102.54674812	102.999985	1	0	0	0	0
2024-10-03 23:31:50	24.89820014477612	102.42537049253731	102.999985	1	0	0	0	0
2024-10-03 23:32:00	24.894132395	102.48995653333334	102.999985	1	0	0	0	0
2024-10-03 23:32:10	24.94769827375	102.31416085000001	102.999985	1	0	0	0	0
2024-10-03 23:32:20	25.000458984	102.13018192	102.999985	1	0	0	0	0
2024-10-03 23:32:30	24.99197313	102.350566	102.999985	1	0	0	0	0
2024-10-03 23:32:40	25.001159988	102.47475296	102.999985	1	0	0	0	0
2024-10-03 23:32:50	25.070710222222225	102.14773536666667	102.999985	1	0	0	0	0
2024-10-03 23:33:00	25.116749503703705	101.98700171604938	102.999985	1	0	0	0	0
2024-10-03 23:33:10	25.01650895652174	102.76785204347826	102.999985	1	0	0	0	0
2024-10-03 23:33:20	25.102872696	102.24978795999999	102.999985	1	0	0	0	0
2024-10-03 23:33:30	25.068013704347823	102.63375242028985	102.999985	1	0	0	0	0
2024-10-03 23:33:40	25.06925344	102.7281846	102.999985	1	0	0	0	0
2024-10-03 23:33:50	25.153364596666666	102.27131646666668	102.999985	1	0	0	0	0
2024-10-03 23:34:00	25.114693252941176	102.57942047058823	102.999985	1	0	0	0	0
2024-10-03 23:34:10	25.14001608695652	102.50665510144928	102.999985	1	0	0	0	0
2024-10-03 23:34:20	25.18005548235294	102.38763982352941	102.999985	1	0	0	0	0
2024-10-03 23:34:30	25.14584086	102.65164259999999	102.999985	1	0	0	0	0
2024-10-03 23:34:40	25.176289397999998	102.5468934	102.999985	1	0	0	0	0
2024-10-03 23:34:50	25.230548353333333	102.42904853333333	102.999985	1	0	0	0	0
2024-10-03 23:35:00	25.200987405	102.68016935	102.999985	1	0	0	0	0
2024-10-03 23:35:10	25.277825939325844	102.33153307865169	102.999985	1	0	0	0	0
2024-10-03 23:35:20	25.28959337746479	102.3292198309859	102.999985	1	0	0	0	0
2024-10-03 23:35:30	25.299627023188407	102.3363657826087	102.999985	1	0	0	0	0
2024-10-03 23:35:40	25.311344363934428	102.42472962295082	102.999985	1	0	0	0	0
2024-10-03 23:35:50	25.32675056122449	102.48344753061224	102.999985	1	0	0	0	0
2024-10-03 23:36:00	25.345067808163265	102.32833197959184	102.999985	1	0	0	0	0
2024-10-03 23:36:10	25.39330110379747	102.28941015189874	102.999985	1	0	0	0	0
2024-10-03 23:36:20	25.40223760857143	102.38486994285714	102.999985	1	0	0	0	0
2024-10-03 23:36:30	25.374371033333336	102.55680466666666	102.999985	1	0	0	0	0
2024-10-03 23:36:40	25.415385134693878	102.38390022448979	102.999985	1	0	0	0	0
2024-10-03 23:36:50	25.463052149180328	102.20286198360655	102.999985	1	0	0	0	0
2024-10-03 23:37:00	25.46740208285714	102.36090652857142	102.999985	1	0	0	0	0
2024-10-03 23:37:10	25.4505871825	102.6079083875	102.999985	1	0	0	0	0
2024-10-03 23:37:20	25.437179014285714	102.71252485714285	102.999985	1	0	0	0	0
2024-10-03 23:37:30	25.500809691304347	102.44619975362319	102.999985	1	0	0	0	0
2024-10-03 23:37:40	25.51240260819672	102.45713191803279	102.999985	1	0	0	0	0
2024-10-03 23:37:50	25.551180264	102.54054855999999	102.999985	1	0	0	0	0
2024-10-03 23:38:00	25.5758595	102.256941	102.999985	1	0	0	0	0
2024-10-03 23:38:10	25.57482138111111	102.42524666666667	102.999985	1	0	0	0	0
2024-10-03 23:38:20	25.576155	102.47176153333332	102.999985	1	0	0	0	0
2024-10-03 23:38:30	25.61395537173913	102.37687495652175	102.999985	1	0	0	0	0
2024-10-03 23:38:40	25.637896204166665	102.49517166666666	102.999985	1	0	0	0	0
2024-10-03 23:38:50	25.625237204918033	102.46876303278688	102.999985	1	0	0	0	0
2024-10-03 23:39:00	25.69396971176471	102.19182423529412	102.999985	1	0	0	0	0
2024-10-03 23:39:10	25.647240441758242	102.6330842087912	102.999985	1	0	0	0	0
2024-10-03 23:39:20	25.67263145409836	102.55551809836065	102.999985	1	0	0	0	0
2024-10-03 23:39:30	25.7040972	102.43025879999999	102.999985	1	0	0	0	0
2024-10-03 23:39:40	25.69729358367347	102.62627602040817	102.999985	1	0	0	0	0
2024-10-03 23:39:50	25.687939318032786	102.66229055737705	102.999985	1	0	0	0	0
2024-10-03 23:40:00	25.760094066	102.4244517	102.999985	1	0	0	0	0
2024-10-03 23:40:10	25.772548374683545	102.48765270886075	102.999985	1	0	0	0	0
2024-10-03 23:40:20	25.764471811267605	102.71183304225352	102.999985	1	0	0	0	0
2024-10-03 23:40:30	25.776334137142857	102.52576274285714	102.999985	1	0	0	0	0
2024-10-03 23:40:40	25.739797382	102.74260840000001	102.999985	1	0	0	0	0
2024-10-03 23:40:50	25.78751378028169	102.1576382253521	102.999985	1	0	0	0	0
2024-10-03 23:41:00	25.820659681666665	102.49081266666666	102.999985	1	0	0	0	0
2024-10-03 23:41:10	25.80762312857143	102.67950357142857	102.999985	1	0	0	0	0
2024-10-03 23:41:20	25.853196595	102.56537555	102.999985	1	0	0	0	0
2024-10-03 23:41:30	25.843182830379746	102.54679181012658	102.999985	1	0	0	0	0
2024-10-03 23:41:40	25.850998371428574	102.6666182	102.999985	1	0	0	0	0
2024-10-03 23:41:50	25.89527100204082	102.55242326530613	102.999985	1	0	0	0	0
2024-10-03 23:42:00	25.855652807317075	102.64611097560976	102.999985	1	0	0	0	0
2024-10-03 23:42:10	25.92838097	102.38375979999999	102.999985	1	0	0	0	0
2024-10-03 23:42:20	25.919415400000002	102.47067892753623	102.999985	1	0	0	0	0
2024-10-03 23:42:30	25.97152253846154	102.36663892307692	102.999985	1	0	0	0	0
2024-10-03 23:42:40	25.967393785	102.46760183333333	102.999985	1	0	0	0	0
2024-10-03 23:42:50	25.93589346101695	102.80368269491525	102.999985	1	0	0	0	0
2024-10-03 23:43:00	25.96311979807692	102.62408067307692	102.999985	1	0	0	0	0
2024-10-03 23:43:10	25.931676323943663	102.89083012676056	102.999985	1	0	0	0	0
2024-10-03 23:43:20	25.96284925762712	102.72989147457626	102.999985	1	0	0	0	0
2024-10-03 23:43:30	25.977200266666667	102.69742122222222	102.999985	1	0	0	0	0
2024-10-03 23:43:40	25.958590233333332	102.88165883333333	102.999985	1	0	0	0	0
2024-10-03 23:43:50	25.929549696629213	103.10807811235955	102.999985	1	0	0	0	0
2024-10-03 23:44:00	26.014237142857144	102.61502540476191	102.999985	1	0	0	0	0
2024-10-03 23:44:10	26.014212142857144	102.8000358142857	102.999985	1	0	0	0	0
2024-10-03 23:44:20	26.02159846101695	102.70363564406779	102.999985	1	0	0	0	0
2024-10-03 23:44:30	25.9927893	102.98264093750001	102.999985	1	0	0	0	0
2024-10-03 23:44:40	26.074912285	102.54442355	102.999985	1	0	0	0	0
2024-10-03 23:44:50	26.04633734177215	102.70990616455695	102.999985	1	0	0	0	0
2024-10-03 23:45:00	26.057496148	102.74703018	102.999985	1	0	0	0	0
2024-10-03 23:45:10	26.04850722	102.7913474	102.999985	1	0	0	0	0
2024-10-03 23:45:20	25.965235617647057	102.98498235294119	102.999985	1	0	0	0	0
2024-10-03 23:45:30	26.06150074285714	102.7765136043956	102.999985	1	0	0	0	0
2024-10-03 23:45:40	26.031202372857145	102.5233534	102.999985	1	0	0	0	0
2024-10-03 23:45:50	26.05440806551724	102.85024996551724	102.999985	1	0	0	0	0
2024-10-03 23:46:00	26.076525542857144	102.759567	102.999985	1	0	0	0	0
2024-10-03 23:46:10	26.089653037142856	102.94318919999999	102.999985	1	0	0	0	0
2024-10-03 23:46:20	26.07374487	102.73024752	102.999985	1	0	0	0	0
2024-10-03 23:46:30	26.075857405714284	102.87841365714286	102.999985	1	0	0	0	0
2024-10-03 23:46:40	26.117637896296294	102.64719037037037	102.999985	1	0	0	0	0
2024-10-03 23:46:50	26.070793815189873	102.8773769113924	102.999985	1	0	0	0	0
2024-10-03 23:47:00	26.094345740983606	102.78092104918032	102.999985	1	0	0	0	0
2024-10-03 23:47:10	26.11040042	102.7981576	102.999985	1	0	0	0	0
2024-10-03 23:47:20	26.1176919220339	102.88766611864408	102.999985	1	0	0	0	0
2024-10-03 23:47:30	26.143669463235295	102.63251592647059	102.999985	1	0	0	0	0
2024-10-03 23:47:40	26.085659072463766	103.02517595652174	102.999985	1	0	0	0	0
2024-10-03 23:47:50	26.113750433802817	102.83506212676056	102.999985	1	0	0	0	0
2024-10-03 23:48:00	26.09351937704918	103.01914037704918	102.999985	1	0	0	0	0
2024-10-03 23:48:10	26.12321912307692	102.7052543076923	102.999985	1	0	0	0	0
2024-10-03 23:48:20	26.065729921311476	102.93524096721312	102.999985	1	0	0	0	0
2024-10-03 23:48:30	26.097887936842106	102.99427480701755	102.999985	1	0	0	0	0
2024-10-03 23:48:40	26.116673285714285	102.8739085	102.999985	1	0	0	0	0
2024-10-03 23:48:50	26.09486639	103.0131837375	102.999985	1	0	0	0	0
2024-10-03 23:49:00	26.04857122647059	103.41499561764707	102.999985	1	0	0	0	0
2024-10-03 23:49:10	26.09587921	103.0505144	102.999985	1	0	0	0	0
2024-10-03 23:49:20	26.070738346	103.10084992	102.999985	1	0	0	0	0
2024-10-03 23:49:30	26.116097485915493	102.83686239436621	102.999985	1	0	0	0	0
2024-10-03 23:49:40	26.12731982542373	102.72465310169491	102.999985	1	0	0	0	0
2024-10-03 23:49:50	26.142006946666665	102.67450506666667	102.999985	1	0	0	0	0
2024-10-03 23:50:00	26.097645902040817	102.81941236734694	102.999985	1	0	0	0	0
2024-10-03 23:50:10	26.1040417	102.93696143283583	102.999985	1	0	0	0	0
2024-10-03 23:50:20	26.092578469491524	102.78515859322033	102.999985	1	0	0	0	0
2024-10-03 23:50:30	26.10364200327869	103.07342944262295	102.999985	1	0	0	0	0
2024-10-03 23:50:40	26.140200925	102.73978245	102.999985	1	0	0	0	0
2024-10-03 23:50:50	26.14060774	102.76405545714286	102.999985	1	0	0	0	0
2024-10-03 23:51:00	26.107800940983605	102.99820775409836	102.999985	1	0	0	0	0
2024-10-03 23:51:10	26.0915308	102.96130090909091	102.999985	1	0	0	0	0
2024-10-03 23:51:20	26.126441455172415	102.87383051724139	102.999985	1	0	0	0	0
2024-10-03 23:51:30	26.094935495774646	103.08386097183099	103.04927998591549	1	0	0	0	0
2024-10-03 23:51:40	26.095117737931034	103.12209306896551	103.81031686206896	1	0	0	0	0
2024-10-03 23:51:50	26.121594022500002	103.11113160000001	103.999969	1	0	0	0	0
2024-10-03 23:52:00	26.17191788627451	102.97185015686274	105.56465103921568	1	0	0	0	0
2024-10-03 23:52:10	26.295965464705883	102.98176538235293	106.999924	1	0	0	0	0
2024-10-03 23:52:20	26.299125874509805	103.6747578235294	106.999924	1	0	0	0	0
2024-10-03 23:52:30	26.346397913580248	104.01735279012345	106.999924	1	0	0	0	0
2024-10-03 23:52:40	26.435415071014493	103.99316731884058	106.999924	1	0	0	0	0
2024-10-03 23:52:50	26.39730737111111	104.75488288888889	106.999924	1	0	0	0	0
2024-10-03 23:53:00	26.278546029411764	105.89282611764706	106.999924	1	0	0	0	0
2024-10-03 23:53:10	26.360533166666666	105.64421077777777	106.999924	1	0	0	0	0
2024-10-03 23:53:20	26.412481535999998	105.55808726	106.999924	1	0	0	0	0
2024-10-03 23:53:30	26.450611517142857	105.59907611428571	106.999924	1	0	0	0	0
2024-10-03 23:53:40	26.534415156	105.32119431999999	106.999924	1	0	0	0	0
2024-10-03 23:53:50	26.498557707594937	105.84322137974684	106.999924	1	0	0	0	0
2024-10-03 23:54:00	26.549969522	105.73302249999999	106.999924	1	0	0	0	0
2024-10-03 23:54:10	26.49870705	106.24544154444445	106.999924	1	0	0	0	0
2024-10-03 23:54:20	26.437230136	106.72283420000001	106.999924	1	0	0	0	0
2024-10-03 23:54:30	26.50358199	106.39131429999999	106.999924	1	0	0	0	0
2024-10-03 23:54:40	26.475276131999998	106.72963924	106.999924	1	0	0	0	0
2024-10-03 23:54:50	26.531174418181816	106.37901222727272	106.999924	1	0	0	0	0
2024-10-03 23:55:00	26.498004613114755	106.64763970491803	106.999924	1	0	0	0	0
2024-10-03 23:55:10	26.471961470588234	106.9112646764706	106.999924	1	0	0	0	0
2024-10-03 23:55:20	26.505451226666665	106.73554746666667	106.999924	1	0	0	0	0
2024-10-03 23:55:30	26.554990201149426	106.65387574712645	106.999924	1	0	0	0	0
2024-10-03 23:55:40	26.526316950000002	106.73329503846153	106.999924	1	0	0	0	0
2024-10-03 23:55:50	26.577087673529412	106.44594967647058	106.999924	1	0	0	0	0
2024-10-03 23:56:00	26.486125685	106.89421536666666	106.999924	1	0	0	0	0
2024-10-03 23:56:10	26.55658639125	106.5915712875	106.999924	1	0	0	0	0
2024-10-03 23:56:20	26.530482159183673	106.78824881632653	106.999924	1	0	0	0	0
2024-10-03 23:56:30	26.566271189655172	106.58219844827586	106.999924	1	0	0	0	0
2024-10-03 23:56:40	26.576160820408163	106.87988791836734	106.999924	1	0	0	0	0
2024-10-03 23:56:50	26.54592070777778	106.92943106666667	106.999924	1	0	0	0	0
2024-10-03 23:57:00	26.608745152112675	106.7061084084507	106.999924	1	0	0	0	0
2024-10-03 23:57:10	26.58428694871795	106.70556771794872	106.999924	1	0	0	0	0
2024-10-03 23:57:20	26.53336053	106.9291895	106.999924	1	0	0	0	0
2024-10-03 23:57:30	26.547324722033895	106.91145989830508	106.999924	1	0	0	0	0
2024-10-03 23:57:40	26.54671075882353	106.93427347058824	106.999924	1	0	0	0	0
2024-10-03 23:57:50	26.53448076811594	107.21445668115942	106.999924	1	0	0	0	0
2024-10-03 23:58:00	26.50280470588235	107.4090994117647	106.999924	1	0	0	0	0
2024-10-03 23:58:10	26.54313021	106.989924675	106.999924	1	0	0	0	0
2024-10-03 23:58:20	26.532423464285714	107.02050094285714	106.999924	1	0	0	0	0
2024-10-03 23:58:30	26.561025289830507	107.01246920338984	106.999924	1	0	0	0	0
2024-10-03 23:58:40	26.534530788135594	107.02322766101695	106.999924	1	0	0	0	0
2024-10-03 23:58:50	26.51985500886076	107.13734916455697	106.999924	1	0	0	0	0
2024-10-03 23:59:00	26.510279888732395	107.08563594366197	106.999924	1	0	0	0	0
2024-10-03 23:59:10	26.537953244943818	107.1198494269663	106.999924	1	0	0	0	0
2024-10-03 23:59:20	26.49622568095238	107.28204252380952	106.999924	1	0	0	0	0
2024-10-03 23:59:30	26.50214552542373	107.10774627118644	106.999924	1	0	0	0	0
2024-10-03 23:59:40	26.450657315	107.48002458333333	106.999924	1	0	0	0	0
2024-10-03 23:59:50	26.50975823898305	107.15751127118644	106.999924	1	0	0	0	0
2024-10-04 00:00:00	26.48940519	106.87678043999999	106.999924	1	0	0	0	0
