PROCESSDATA	2411FIC20102 Data	yyyy-MM-dd HH:mm:ss
8	10	2024-10-09 13:55:00	751
tagname	2411FIC20102.MV	2411FIC20102.PV	2411FIC20102.SV	2411FIC20102.MODE	bOpOFL	bPvOFL	bSpOFL	bAutOFL
desc	回炼油返塔_OP	回炼油返塔_PV	回炼油返塔_SP	Aut	bOpOFL	bPvOFL	bSpOFL	bAutOFL
fsMax=1.3291384529484418	fsMin=0	fsGridNum=10	fdMax=1.3291384529484418tfdMin=0	fdGridNum=10	v0GridNum=10	L=24
2024-10-09 13:55:00	25.498407298	102.40256337999999	102.499916	1	0	0	0	0
2024-10-09 13:55:10	25.498475927659573	102.1829825531915	102.499916	1	0	0	0	0
2024-10-09 13:55:20	25.489812863999997	102.57689044	102.499916	1	0	0	0	0
2024-10-09 13:55:30	25.500685968	102.52411108	102.499916	1	0	0	0	0
2024-10-09 13:55:40	25.464036485999998	102.63470045999999	102.499916	1	0	0	0	0
2024-10-09 13:55:50	25.510875034	102.4460182	102.499916	1	0	0	0	0
2024-10-09 13:56:00	25.511845204	102.36932032	102.499916	1	0	0	0	0
2024-10-09 13:56:10	25.491377344680853	102.42576678723404	102.499916	1	0	0	0	0
2024-10-09 13:56:20	25.526384320000002	102.54836912	102.499916	1	0	0	0	0
2024-10-09 13:56:30	25.484966609999997	102.80379362	102.499916	1	0	0	0	0
2024-10-09 13:56:40	25.458359066	102.5675844	102.499916	1	0	0	0	0
2024-10-09 13:56:50	25.485942	102.8055113	102.499916	1	0	0	0	0
2024-10-09 13:57:00	25.486445396	102.5243067	102.499916	1	0	0	0	0
2024-10-09 13:57:10	25.476081974468087	102.50618865957446	102.499916	1	0	0	0	0
2024-10-09 13:57:20	25.50307931	102.3183058	102.499916	1	0	0	0	0
2024-10-09 13:57:30	25.498638398	102.4646094	102.499916	1	0	0	0	0
2024-10-09 13:57:40	25.525521475999998	102.0881081	102.499916	1	0	0	0	0
2024-10-09 13:57:50	25.502582182	102.31256694	102.499916	1	0	0	0	0
2024-10-09 13:58:00	25.568313746	102.0427506	102.499916	1	0	0	0	0
2024-10-09 13:58:10	25.485078328301885	102.64552909433962	102.499916	1	0	0	0	0
2024-10-09 13:58:20	25.469468726	102.62556302	102.499916	1	0	0	0	0
2024-10-09 13:58:30	25.461710798	102.63679875999999	102.499916	1	0	0	0	0
2024-10-09 13:58:40	25.482094614	102.41635288	102.499916	1	0	0	0	0
2024-10-09 13:58:50	25.487216824	102.45105324000001	102.499916	1	0	0	0	0
2024-10-09 13:59:00	25.546660812	102.14190888	102.499916	1	0	0	0	0
2024-10-09 13:59:10	25.462784615384617	102.72752638461539	102.499916	1	0	0	0	0
2024-10-09 13:59:20	25.521917572	102.43920036	102.499916	1	0	0	0	0
2024-10-09 13:59:30	25.519564564	102.27990588	102.499916	1	0	0	0	0
2024-10-09 13:59:40	25.519838226	102.47014474000001	102.499916	1	0	0	0	0
2024-10-09 13:59:50	25.533233078	102.57371806	102.499916	1	0	0	0	0
2024-10-09 14:00:00	25.492814604	102.60910734	102.499916	1	0	0	0	0
2024-10-09 14:00:10	25.51131779148936	102.26528814893618	102.499916	1	0	0	0	0
2024-10-09 14:00:20	25.518950267999998	102.31048312	102.499916	1	0	0	0	0
2024-10-09 14:00:30	25.464182426	102.6317754	102.499916	1	0	0	0	0
2024-10-09 14:00:40	25.511121403999997	102.39222386	102.499916	1	0	0	0	0
2024-10-09 14:00:50	25.554063568	102.34008724	102.499916	1	0	0	0	0
2024-10-09 14:01:00	25.457267528	102.8312863	102.499916	1	0	0	0	0
2024-10-09 14:01:10	25.45816745531915	102.67956334042553	102.499916	1	0	0	0	0
2024-10-09 14:01:20	25.500648474000002	102.66412446000001	102.499916	1	0	0	0	0
2024-10-09 14:01:30	25.550767736	102.38871378	102.499916	1	0	0	0	0
2024-10-09 14:01:40	25.457036468	102.54112828000001	102.499916	1	0	0	0	0
2024-10-09 14:01:50	25.472172126	102.37189316	102.499916	1	0	0	0	0
2024-10-09 14:02:00	25.540073487999997	102.32239686	102.499916	1	0	0	0	0
2024-10-09 14:02:10	25.55916789230769	102.29051161538462	102.499916	1	0	0	0	0
2024-10-09 14:02:20	25.538240032	102.33376612	102.499916	1	0	0	0	0
2024-10-09 14:02:30	25.55420594	102.1607749	102.499916	1	0	0	0	0
2024-10-09 14:02:40	25.538480526	102.46994298	102.499916	1	0	0	0	0
2024-10-09 14:02:50	25.516112592000002	102.55302566	102.499916	1	0	0	0	0
2024-10-09 14:03:00	25.583309696	102.2035515	102.499916	1	0	0	0	0
2024-10-09 14:03:10	25.565353906382978	102.38719723404256	102.499916	1	0	0	0	0
2024-10-09 14:03:20	25.561359282	102.69881122	102.499916	1	0	0	0	0
2024-10-09 14:03:30	25.561272226	102.46024468	102.499916	1	0	0	0	0
2024-10-09 14:03:40	25.60261559	102.28112638	102.499916	1	0	0	0	0
2024-10-09 14:03:50	25.595759272	102.32207958	102.499916	1	0	0	0	0
2024-10-09 14:04:00	25.552510599999998	102.59527182000001	102.499916	1	0	0	0	0
2024-10-09 14:04:10	25.535047489361702	102.69951768085106	102.499916	1	0	0	0	0
2024-10-09 14:04:20	25.5500782	102.14112848	102.499916	1	0	0	0	0
2024-10-09 14:04:30	25.5609842	102.5657719	102.499916	1	0	0	0	0
2024-10-09 14:04:40	25.569662332	102.40745792	102.499916	1	0	0	0	0
2024-10-09 14:04:50	25.587165706	102.34918836	102.499916	1	0	0	0	0
2024-10-09 14:05:00	25.544850748	102.64302938	102.499916	1	0	0	0	0
2024-10-09 14:05:10	25.565332072340425	102.63284504255319	102.499916	1	0	0	0	0
2024-10-09 14:05:20	25.563045436	102.53629988	102.499916	1	0	0	0	0
2024-10-09 14:05:30	25.57519396	102.38794844	102.499916	1	0	0	0	0
2024-10-09 14:05:40	25.602336144	102.28570096	102.499916	1	0	0	0	0
2024-10-09 14:05:50	25.592341026	102.25656508	102.499916	1	0	0	0	0
2024-10-09 14:06:00	25.57019502	102.54886038000001	102.499916	1	0	0	0	0
2024-10-09 14:06:10	25.525627212765958	102.67118306382979	102.499916	1	0	0	0	0
2024-10-09 14:06:20	25.583964408	102.48374718	102.499916	1	0	0	0	0
2024-10-09 14:06:30	25.57324289	102.47493112	102.499916	1	0	0	0	0
2024-10-09 14:06:40	25.597741648	102.2905306	102.499916	1	0	0	0	0
2024-10-09 14:06:50	25.55788286	102.53901328	102.499916	1	0	0	0	0
2024-10-09 14:07:00	25.598483928	102.31576912	102.499916	1	0	0	0	0
2024-10-09 14:07:10	25.59826143018868	102.36654369811322	102.499916	1	0	0	0	0
2024-10-09 14:07:20	25.659793652	101.90476566	102.499916	1	0	0	0	0
2024-10-09 14:07:30	25.650813104	102.12399356	102.499916	1	0	0	0	0
2024-10-09 14:07:40	25.557116116	102.50559802	102.499916	1	0	0	0	0
2024-10-09 14:07:50	25.546821256	102.74636354	102.499916	1	0	0	0	0
2024-10-09 14:08:00	25.641464424	102.151081	102.499916	1	0	0	0	0
2024-10-09 14:08:10	25.509751476595746	102.87387770212766	102.499916	1	0	0	0	0
2024-10-09 14:08:20	25.592068948	102.29426318	102.499916	1	0	0	0	0
2024-10-09 14:08:30	25.641656228000002	102.31926402	102.499916	1	0	0	0	0
2024-10-09 14:08:40	25.647491535999997	102.38762806	102.499916	1	0	0	0	0
2024-10-09 14:08:50	25.568239182	102.49122666	102.499916	1	0	0	0	0
2024-10-09 14:09:00	25.626416426	102.33963668	102.499916	1	0	0	0	0
2024-10-09 14:09:10	25.582063731914893	102.65705285106382	102.499916	1	0	0	0	0
2024-10-09 14:09:20	25.60956834	102.45054780000001	102.499916	1	0	0	0	0
2024-10-09 14:09:30	25.619320118	102.4421423	102.499916	1	0	0	0	0
2024-10-09 14:09:40	25.55764567	102.4591446	102.499916	1	0	0	0	0
2024-10-09 14:09:50	25.603144128	102.50003722000001	102.499916	1	0	0	0	0
2024-10-09 14:10:00	25.661887672	102.091886	102.499916	1	0	0	0	0
2024-10-09 14:10:10	25.630819285106384	102.65999882978724	102.499916	1	0	0	0	0
2024-10-09 14:10:20	25.622342518	102.40354462	102.499916	1	0	0	0	0
2024-10-09 14:10:30	25.565641642000003	102.67664828	102.499916	1	0	0	0	0
2024-10-09 14:10:40	25.619655724	102.39273108	102.499916	1	0	0	0	0
2024-10-09 14:10:50	25.641279894	102.33614562	102.499916	1	0	0	0	0
2024-10-09 14:11:00	25.596879358	102.5470586	102.499916	1	0	0	0	0
2024-10-09 14:11:10	25.61958065319149	102.51570559574469	102.499916	1	0	0	0	0
2024-10-09 14:11:20	25.6378538	102.18658344	102.499916	1	0	0	0	0
2024-10-09 14:11:30	25.59084217	102.70586064	102.499916	1	0	0	0	0
2024-10-09 14:11:40	25.619372706	102.4711319	102.499916	1	0	0	0	0
2024-10-09 14:11:50	25.592809802	102.39937416	102.499916	1	0	0	0	0
2024-10-09 14:12:00	25.645423604	102.26521774	102.499916	1	0	0	0	0
2024-10-09 14:12:10	25.605689599999998	102.52519123076922	102.499916	1	0	0	0	0
2024-10-09 14:12:20	25.648077134	102.24115914000001	102.499916	1	0	0	0	0
2024-10-09 14:12:30	25.547355194	102.98325268	102.499916	1	0	0	0	0
2024-10-09 14:12:40	25.561724696	102.60262674	102.499916	1	0	0	0	0
2024-10-09 14:12:50	25.655639074	102.2522617	102.499916	1	0	0	0	0
2024-10-09 14:13:00	25.645642686	102.26594352000001	102.499916	1	0	0	0	0
2024-10-09 14:13:10	25.613236880851066	102.69146259574468	102.499916	1	0	0	0	0
2024-10-09 14:13:20	25.633054594	102.41749056	102.499916	1	0	0	0	0
2024-10-09 14:13:30	25.632822684	102.45897284	102.499916	1	0	0	0	0
2024-10-09 14:13:40	25.593054476	102.57690984	102.499916	1	0	0	0	0
2024-10-09 14:13:50	25.6215671	102.60882818	102.499916	1	0	0	0	0
2024-10-09 14:14:00	25.590160400000002	102.58122632	102.499916	1	0	0	0	0
2024-10-09 14:14:10	25.564357599999997	102.74513352000001	102.499916	1	0	0	0	0
2024-10-09 14:14:20	25.642584352	102.29158140000001	102.499916	1	0	0	0	0
2024-10-09 14:14:30	25.6157096	102.4991448	102.499916	1	0	0	0	0
2024-10-09 14:14:40	25.5828115	102.43797962	102.499916	1	0	0	0	0
2024-10-09 14:14:50	25.616059096	102.1243762	102.499916	1	0	0	0	0
2024-10-09 14:15:00	25.596167656	102.56509634	102.499916	1	0	0	0	0
2024-10-09 14:15:10	25.58735869047619	102.60429640476191	102.499916	1	0	0	0	0
2024-10-09 14:15:20	25.62559546	102.3736181	102.499916	1	0	0	0	0
2024-10-09 14:15:30	25.555529756	102.54190111999999	102.499916	1	0	0	0	0
2024-10-09 14:15:40	25.611663785999998	102.6948357	102.499916	1	0	0	0	0
2024-10-09 14:15:50	25.612032194	102.32644976	102.499916	1	0	0	0	0
2024-10-09 14:16:00	25.605403686	102.47943142	102.499916	1	0	0	0	0
2024-10-09 14:16:10	25.622484866666667	102.31443766666666	102.499916	1	0	0	0	0
2024-10-09 14:16:20	25.635763896	102.42307066	102.499916	1	0	0	0	0
2024-10-09 14:16:30	25.599495102000002	102.40841574	102.499916	1	0	0	0	0
2024-10-09 14:16:40	25.624268196	102.39615978	102.499916	1	0	0	0	0
2024-10-09 14:16:50	25.645036960000002	102.28841082	102.499916	1	0	0	0	0
2024-10-09 14:17:00	25.608022226	102.50006551999999	102.499916	1	0	0	0	0
2024-10-09 14:17:10	25.600109032075473	102.58682324528303	102.499916	1	0	0	0	0
2024-10-09 14:17:20	25.62521624	102.4066332	102.499916	1	0	0	0	0
2024-10-09 14:17:30	25.655798872	102.26038268	102.499916	1	0	0	0	0
2024-10-09 14:17:40	25.61408551	102.27686446	102.499916	1	0	0	0	0
2024-10-09 14:17:50	25.666373116	102.15551762	102.499916	1	0	0	0	0
2024-10-09 14:18:00	25.65245363	102.3211924	102.499916	1	0	0	0	0
2024-10-09 14:18:10	25.606277766037735	102.76028158490567	102.499916	1	0	0	0	0
2024-10-09 14:18:20	25.596608716	102.53765808	102.499916	1	0	0	0	0
2024-10-09 14:18:30	25.623317534	102.72224641999999	102.499916	1	0	0	0	0
2024-10-09 14:18:40	25.625222474	102.31341948000001	102.499916	1	0	0	0	0
2024-10-09 14:18:50	25.605821948	102.62829516000001	102.499916	1	0	0	0	0
2024-10-09 14:19:00	25.615206454	102.49557928	102.499916	1	0	0	0	0
2024-10-09 14:19:10	25.642928166037734	102.27316394339623	102.499916	1	0	0	0	0
2024-10-09 14:19:20	25.573458843999997	102.62888614	102.499916	1	0	0	0	0
2024-10-09 14:19:30	25.625959828	102.48357304	102.499916	1	0	0	0	0
2024-10-09 14:19:40	25.568283516	102.85329802	102.499916	1	0	0	0	0
2024-10-09 14:19:50	25.623919142000002	102.50259032	102.499916	1	0	0	0	0
2024-10-09 14:20:00	25.625957116000002	102.47200116	102.499916	1	0	0	0	0
2024-10-09 14:20:10	25.609807857142854	102.54346602380953	102.499916	1	0	0	0	0
2024-10-09 14:20:20	25.574243162000002	102.7403516	102.499916	1	0	0	0	0
2024-10-09 14:20:30	25.601832553999998	102.5293465	102.499916	1	0	0	0	0
2024-10-09 14:20:40	25.612150862	102.45047346	102.499916	1	0	0	0	0
2024-10-09 14:20:50	25.633084514	102.35469354	102.499916	1	0	0	0	0
2024-10-09 14:21:00	25.603357420000002	102.6019791	102.499916	1	0	0	0	0
2024-10-09 14:21:10	25.614397028571428	102.49160773809524	102.499916	1	0	0	0	0
2024-10-09 14:21:20	25.571809824	102.7573832	102.499916	1	0	0	0	0
2024-10-09 14:21:30	25.580948138	102.72026118000001	102.499916	1	0	0	0	0
2024-10-09 14:21:40	25.613279506	102.3654273	102.499916	1	0	0	0	0
2024-10-09 14:21:50	25.576389352	102.72003026	102.499916	1	0	0	0	0
2024-10-09 14:22:00	25.57093771	102.62693193999999	102.499916	1	0	0	0	0
2024-10-09 14:22:10	25.59724195957447	102.51958823404256	102.499916	1	0	0	0	0
2024-10-09 14:22:20	25.566790976	102.4135143	102.499916	1	0	0	0	0
2024-10-09 14:22:30	25.588182172	102.59845748000001	102.499916	1	0	0	0	0
2024-10-09 14:22:40	25.605747003999998	102.34535108	102.499916	1	0	0	0	0
2024-10-09 14:22:50	25.541717874	102.76673525999999	102.499916	1	0	0	0	0
2024-10-09 14:23:00	25.586882062	102.47928974	102.499916	1	0	0	0	0
2024-10-09 14:23:10	25.595219231914893	102.49273395744682	102.499916	1	0	0	0	0
2024-10-09 14:23:20	25.54866306	102.65179726000001	102.499916	1	0	0	0	0
2024-10-09 14:23:30	25.618216298	102.09217496	102.499916	1	0	0	0	0
2024-10-09 14:23:40	25.573070448000003	102.43587538	102.499916	1	0	0	0	0
2024-10-09 14:23:50	25.580525202	102.42956872	102.499916	1	0	0	0	0
2024-10-09 14:24:00	25.554897626	102.70123842	102.499916	1	0	0	0	0
2024-10-09 14:24:10	25.602187278723406	102.27988170212765	102.499916	1	0	0	0	0
2024-10-09 14:24:20	25.552609576000002	102.60514812	102.499916	1	0	0	0	0
2024-10-09 14:24:30	25.550232756	102.70246252	102.499916	1	0	0	0	0
2024-10-09 14:24:40	25.548209812	102.82531618	102.499916	1	0	0	0	0
2024-10-09 14:24:50	25.58793336	102.9274417	102.499916	1	0	0	0	0
2024-10-09 14:25:00	25.575048724	102.42664839999999	102.499916	1	0	0	0	0
2024-10-09 14:25:10	25.580136419148936	102.48289468085106	102.499916	1	0	0	0	0
2024-10-09 14:25:20	25.587763838	102.3992705	102.499916	1	0	0	0	0
2024-10-09 14:25:30	25.548010702	102.70772952	102.499916	1	0	0	0	0
2024-10-09 14:25:40	25.60440137	102.44818034	102.499916	1	0	0	0	0
2024-10-09 14:25:50	25.477036808	102.882743	102.499916	1	0	0	0	0
2024-10-09 14:26:00	25.56308959	102.51088702	102.499916	1	0	0	0	0
2024-10-09 14:26:10	25.564153617021276	102.41332663829787	102.499916	1	0	0	0	0
2024-10-09 14:26:20	25.611399944	102.31302224	102.499916	1	0	0	0	0
2024-10-09 14:26:30	25.576718484	102.61845134	102.499916	1	0	0	0	0
2024-10-09 14:26:40	25.5258686	102.81521651999999	102.499916	1	0	0	0	0
2024-10-09 14:26:50	25.560663601999998	102.70296791999999	102.499916	1	0	0	0	0
2024-10-09 14:27:00	25.549992086	102.59216242	102.499916	1	0	0	0	0
2024-10-09 14:27:10	25.53707483695652	102.52064908695652	102.499916	1	0	0	0	0
2024-10-09 14:27:20	25.56331952	102.5924467	102.499916	1	0	0	0	0
2024-10-09 14:27:30	25.577384828	102.45197738	102.499916	1	0	0	0	0
2024-10-09 14:27:40	25.522856733999998	102.42914618	102.499916	1	0	0	0	0
2024-10-09 14:27:50	25.586319676000002	102.34244396	102.499916	1	0	0	0	0
2024-10-09 14:28:00	25.575682693999997	102.45741642	102.499916	1	0	0	0	0
2024-10-09 14:28:10	25.60050630425532	102.45774687234042	102.499916	1	0	0	0	0
2024-10-09 14:28:20	25.507270544	102.86222364	102.499916	1	0	0	0	0
2024-10-09 14:28:30	25.539771004000002	102.57097336	102.499916	1	0	0	0	0
2024-10-09 14:28:40	25.546514296	102.84987914	102.499916	1	0	0	0	0
2024-10-09 14:28:50	25.552343858	102.50083203999999	102.499916	1	0	0	0	0
2024-10-09 14:29:00	25.540532396	102.59857102000001	102.499916	1	0	0	0	0
2024-10-09 14:29:10	25.487990934042553	102.86762423404255	102.499916	1	0	0	0	0
2024-10-09 14:29:20	25.503662908000003	102.65328416	102.499916	1	0	0	0	0
2024-10-09 14:29:30	25.516213384	102.61543576	102.499916	1	0	0	0	0
2024-10-09 14:29:40	25.54407947	102.35767202	102.499916	1	0	0	0	0
2024-10-09 14:29:50	25.5067261	102.56127588	102.499916	1	0	0	0	0
2024-10-09 14:30:00	25.538188652	102.50290474	102.499916	1	0	0	0	0
2024-10-09 14:30:10	25.602663249056604	102.06447828301887	102.499916	1	0	0	0	0
2024-10-09 14:30:20	25.499466126	102.29244188	102.499916	1	0	0	0	0
2024-10-09 14:30:30	25.588693828	102.42340682	102.499916	1	0	0	0	0
2024-10-09 14:30:40	25.563268397999998	102.3866487	102.499916	1	0	0	0	0
2024-10-09 14:30:50	25.507770606	102.81868588	102.499916	1	0	0	0	0
2024-10-09 14:31:00	25.557775214	102.39247986000001	102.499916	1	0	0	0	0
2024-10-09 14:31:10	25.561573213207545	102.46864979245284	102.499916	1	0	0	0	0
2024-10-09 14:31:20	25.503795732	102.79332446000001	102.499916	1	0	0	0	0
2024-10-09 14:31:30	25.516172398000002	102.43747124	102.499916	1	0	0	0	0
2024-10-09 14:31:40	25.533769032000002	102.61044562	102.499916	1	0	0	0	0
2024-10-09 14:31:50	25.525139105999997	102.75074065999999	102.499916	1	0	0	0	0
2024-10-09 14:32:00	25.505490648000002	102.65485294	102.499916	1	0	0	0	0
2024-10-09 14:32:10	25.51907868846154	102.48863053846154	102.499916	1	0	0	0	0
2024-10-09 14:32:20	25.54706942	102.39288787999999	102.499916	1	0	0	0	0
2024-10-09 14:32:30	25.513694882000003	102.69589444	102.499916	1	0	0	0	0
2024-10-09 14:32:40	25.547607940000002	102.41720036	102.499916	1	0	0	0	0
2024-10-09 14:32:50	25.54164154	102.373584	102.499916	1	0	0	0	0
2024-10-09 14:33:00	25.529491138	102.47530542	102.499916	1	0	0	0	0
2024-10-09 14:33:10	25.55920354528302	102.24206681132075	102.499916	1	0	0	0	0
2024-10-09 14:33:20	25.55201288	102.35893922	102.499916	1	0	0	0	0
2024-10-09 14:33:30	25.478257276	102.71946596000001	102.499916	1	0	0	0	0
2024-10-09 14:33:40	25.53495829	102.34196028	102.499916	1	0	0	0	0
2024-10-09 14:33:50	25.57322864	102.4091186	102.499916	1	0	0	0	0
2024-10-09 14:34:00	25.498303058	102.6914483	102.499916	1	0	0	0	0
2024-10-09 14:34:10	25.557187184615387	102.45966261538462	102.499916	1	0	0	0	0
2024-10-09 14:34:20	25.490510388	102.60038702	102.499916	1	0	0	0	0
2024-10-09 14:34:30	25.485582252	102.74420292	102.499916	1	0	0	0	0
2024-10-09 14:34:40	25.548684188000003	102.60199324	102.499916	1	0	0	0	0
2024-10-09 14:34:50	25.540635594	102.39630592	102.499916	1	0	0	0	0
2024-10-09 14:35:00	25.532877188	102.49267254	102.499916	1	0	0	0	0
2024-10-09 14:35:10	25.495782503773583	102.74065098113208	102.499916	1	0	0	0	0
2024-10-09 14:35:20	25.563661434	102.28607855999999	102.499916	1	0	0	0	0
2024-10-09 14:35:30	25.53307875	102.68409914	102.499916	1	0	0	0	0
2024-10-09 14:35:40	25.548017518	102.54601056	102.499916	1	0	0	0	0
2024-10-09 14:35:50	25.513288418	102.8672015	102.499916	1	0	0	0	0
2024-10-09 14:36:00	25.517013526	102.53643324	102.499916	1	0	0	0	0
2024-10-09 14:36:10	25.49770775471698	102.71230598113208	102.499916	1	0	0	0	0
2024-10-09 14:36:20	25.537632578	102.31831766	102.499916	1	0	0	0	0
2024-10-09 14:36:30	25.529637962	102.57821247999999	102.499916	1	0	0	0	0
2024-10-09 14:36:40	25.495368556	102.77374757999999	102.499916	1	0	0	0	0
2024-10-09 14:36:50	25.515790366	102.32635246	102.499916	1	0	0	0	0
2024-10-09 14:37:00	25.516423822	102.47047316	102.499916	1	0	0	0	0
2024-10-09 14:37:10	25.460702884615383	102.78539715384616	102.499916	1	0	0	0	0
2024-10-09 14:37:20	25.517626704	102.46420022	102.499916	1	0	0	0	0
2024-10-09 14:37:30	25.515442544	102.59832488	102.499916	1	0	0	0	0
2024-10-09 14:37:40	25.486958792	102.57798794	102.499916	1	0	0	0	0
2024-10-09 14:37:50	25.508784206	102.56284224	102.499916	1	0	0	0	0
2024-10-09 14:38:00	25.517726808	102.41916546	102.499916	1	0	0	0	0
2024-10-09 14:38:10	25.505067494339624	102.65224252830188	102.499916	1	0	0	0	0
2024-10-09 14:38:20	25.523776	102.27530882	102.499916	1	0	0	0	0
2024-10-09 14:38:30	25.465866690000002	102.62102562000001	102.499916	1	0	0	0	0
2024-10-09 14:38:40	25.454878632	102.71558636	102.499916	1	0	0	0	0
2024-10-09 14:38:50	25.501834656	102.75528385999999	102.499916	1	0	0	0	0
2024-10-09 14:39:00	25.446659972	102.78939346	102.499916	1	0	0	0	0
2024-10-09 14:39:10	25.493491167924528	102.52826792452831	102.499916	1	0	0	0	0
2024-10-09 14:39:20	25.467757392	102.71539754	102.499916	1	0	0	0	0
2024-10-09 14:39:30	25.464189171999998	102.3310361	102.499916	1	0	0	0	0
2024-10-09 14:39:40	25.490279744000002	102.28384378	102.499916	1	0	0	0	0
2024-10-09 14:39:50	25.502214132	102.69517434	102.499916	1	0	0	0	0
2024-10-09 14:40:00	25.5573744	102.07472200000001	102.499916	1	0	0	0	0
2024-10-09 14:40:10	25.50473420754717	102.44798494339622	102.499916	1	0	0	0	0
2024-10-09 14:40:20	25.56764278	102.2067511	102.499916	1	0	0	0	0
2024-10-09 14:40:30	25.578244976	102.1409452	102.499916	1	0	0	0	0
2024-10-09 14:40:40	25.46278521	102.70799582	102.499916	1	0	0	0	0
2024-10-09 14:40:50	25.508105609999998	102.49186952000001	102.499916	1	0	0	0	0
2024-10-09 14:41:00	25.50992	102.47882346	102.499916	1	0	0	0	0
2024-10-09 14:41:10	25.547820713207546	102.29792420754717	102.499916	1	0	0	0	0
2024-10-09 14:41:20	25.554055412	102.46342052	102.499916	1	0	0	0	0
2024-10-09 14:41:30	25.542626798	102.51653714	102.499916	1	0	0	0	0
2024-10-09 14:41:40	25.507650551999998	102.38501494	102.499916	1	0	0	0	0
2024-10-09 14:41:50	25.547484128	102.2468601	102.499916	1	0	0	0	0
2024-10-09 14:42:00	25.56429296	102.29890208	102.499916	1	0	0	0	0
2024-10-09 14:42:10	25.537778411320755	102.42113773584906	102.499916	1	0	0	0	0
2024-10-09 14:42:20	25.567646923999998	102.46787918	102.499916	1	0	0	0	0
2024-10-09 14:42:30	25.519198014	102.822441	102.499916	1	0	0	0	0
2024-10-09 14:42:40	25.597338179999998	102.38931884	102.499916	1	0	0	0	0
2024-10-09 14:42:50	25.52002806	102.57252022	102.499916	1	0	0	0	0
2024-10-09 14:43:00	25.55539974	102.3983418	102.499916	1	0	0	0	0
2024-10-09 14:43:10	25.557611585714284	102.41704171428572	102.499916	1	0	0	0	0
2024-10-09 14:43:20	25.546303884	102.41625812	102.499916	1	0	0	0	0
2024-10-09 14:43:30	25.54275765	102.32232232	102.499916	1	0	0	0	0
2024-10-09 14:43:40	25.581530334	102.302021	102.499916	1	0	0	0	0
2024-10-09 14:43:50	25.554832242	102.74283338	102.499916	1	0	0	0	0
2024-10-09 14:44:00	25.513369007999998	102.71115542	102.499916	1	0	0	0	0
2024-10-09 14:44:10	25.53783054716981	102.52672916981132	102.499916	1	0	0	0	0
2024-10-09 14:44:20	25.556034596	102.54488392	102.499916	1	0	0	0	0
2024-10-09 14:44:30	25.54619	102.33259546	102.499916	1	0	0	0	0
2024-10-09 14:44:40	25.547954999999998	102.46598518	102.499916	1	0	0	0	0
2024-10-09 14:44:50	25.561235764	102.32772212	102.499916	1	0	0	0	0
2024-10-09 14:45:00	25.517551093999998	102.63838564	102.499916	1	0	0	0	0
2024-10-09 14:45:10	25.543147045283018	102.55521611320755	102.499916	1	0	0	0	0
2024-10-09 14:45:20	25.521551640000002	102.68229446000001	102.499916	1	0	0	0	0
2024-10-09 14:45:30	25.530117824	102.53153218	102.499916	1	0	0	0	0
2024-10-09 14:45:40	25.505961364	102.52225811999999	102.499916	1	0	0	0	0
2024-10-09 14:45:50	25.495897208	102.81405337999999	102.499916	1	0	0	0	0
2024-10-09 14:46:00	25.573757344	102.24161308000001	102.499916	1	0	0	0	0
2024-10-09 14:46:10	25.498453400000002	102.62893779245283	102.499916	1	0	0	0	0
2024-10-09 14:46:20	25.535018867999998	102.54528686	102.499916	1	0	0	0	0
2024-10-09 14:46:30	25.5485889	102.64615332	102.499916	1	0	0	0	0
2024-10-09 14:46:40	25.448758608	102.77876192	102.499916	1	0	0	0	0
2024-10-09 14:46:50	25.587617186	102.31522918	102.499916	1	0	0	0	0
2024-10-09 14:47:00	25.526692474	102.4979613	102.499916	1	0	0	0	0
2024-10-09 14:47:10	25.489682953846152	102.77522261538462	102.499916	1	0	0	0	0
2024-10-09 14:47:20	25.492857714	102.60374578	102.499916	1	0	0	0	0
2024-10-09 14:47:30	25.490600128	102.7408951	102.499916	1	0	0	0	0
2024-10-09 14:47:40	25.51090538	102.49524488	102.499916	1	0	0	0	0
2024-10-09 14:47:50	25.51412538	102.63304002	102.499916	1	0	0	0	0
2024-10-09 14:48:00	25.491953922	102.61439572	102.499916	1	0	0	0	0
2024-10-09 14:48:10	25.512144587234044	102.52995161702127	102.499916	1	0	0	0	0
2024-10-09 14:48:20	25.526647586	102.38684518000001	102.499916	1	0	0	0	0
2024-10-09 14:48:30	25.491336284	102.51320197999999	102.499916	1	0	0	0	0
2024-10-09 14:48:40	25.50849835	102.38715054	102.499916	1	0	0	0	0
2024-10-09 14:48:50	25.51864265	102.56321446000001	102.499916	1	0	0	0	0
2024-10-09 14:49:00	25.503844554	102.55298372	102.499916	1	0	0	0	0
2024-10-09 14:49:10	25.532355353191488	102.44612123404255	102.499916	1	0	0	0	0
2024-10-09 14:49:20	25.50626763	102.4875428	102.499916	1	0	0	0	0
2024-10-09 14:49:30	25.476510077999997	102.48054456	102.499916	1	0	0	0	0
2024-10-09 14:49:40	25.561342516	102.38093006	102.499916	1	0	0	0	0
2024-10-09 14:49:50	25.514495872	102.55142957999999	102.499916	1	0	0	0	0
2024-10-09 14:50:00	25.600594312000002	102.01035812	102.499916	1	0	0	0	0
2024-10-09 14:50:10	25.511182684905663	102.62111052830188	102.499916	1	0	0	0	0
2024-10-09 14:50:20	25.530868310000002	102.27446802	102.499916	1	0	0	0	0
2024-10-09 14:50:30	25.546294386	102.36768238	102.499916	1	0	0	0	0
2024-10-09 14:50:40	25.51075136	102.49684606000001	102.499916	1	0	0	0	0
2024-10-09 14:50:50	25.545100024	102.53329624	102.499916	1	0	0	0	0
2024-10-09 14:51:00	25.559753582	102.26334912	102.499916	1	0	0	0	0
2024-10-09 14:51:10	25.50402006190476	102.62756676190476	102.499916	1	0	0	0	0
2024-10-09 14:51:20	25.562952472	102.31782724	102.499916	1	0	0	0	0
2024-10-09 14:51:30	25.464775656	102.71146926	102.499916	1	0	0	0	0
2024-10-09 14:51:40	25.480201234	102.72704936	102.499916	1	0	0	0	0
2024-10-09 14:51:50	25.520701728000002	102.53359822	102.499916	1	0	0	0	0
2024-10-09 14:52:00	25.544139942	102.3543784	102.499916	1	0	0	0	0
2024-10-09 14:52:10	25.50411265471698	102.53500926415094	102.499916	1	0	0	0	0
2024-10-09 14:52:20	25.50079653	102.41786293999999	102.499916	1	0	0	0	0
2024-10-09 14:52:30	25.55547424	102.38953524	102.499916	1	0	0	0	0
2024-10-09 14:52:40	25.523888522	102.50061616	102.499916	1	0	0	0	0
2024-10-09 14:52:50	25.536733466	102.41939126	102.499916	1	0	0	0	0
2024-10-09 14:53:00	25.51990131	102.5628985	102.499916	1	0	0	0	0
2024-10-09 14:53:10	25.500182809433962	102.61538030188679	102.499916	1	0	0	0	0
2024-10-09 14:53:20	25.484197996	102.5494324	102.499916	1	0	0	0	0
2024-10-09 14:53:30	25.508703264	102.58464068	102.499916	1	0	0	0	0
2024-10-09 14:53:40	25.501600544	102.77437734	102.499916	1	0	0	0	0
2024-10-09 14:53:50	25.5974645	102.36372326	102.499916	1	0	0	0	0
2024-10-09 14:54:00	25.440530539999997	103.01281322	102.499916	1	0	0	0	0
2024-10-09 14:54:10	25.542507403773584	102.32961858490566	102.499916	1	0	0	0	0
2024-10-09 14:54:20	25.51522261	102.56870748	102.499916	1	0	0	0	0
2024-10-09 14:54:30	25.518924142	102.52150848	102.499916	1	0	0	0	0
2024-10-09 14:54:40	25.496168202	102.41069327999999	102.499916	1	0	0	0	0
2024-10-09 14:54:50	25.501037435999997	102.62847486000001	102.499916	1	0	0	0	0
2024-10-09 14:55:00	25.531579634	102.38436966	102.499916	1	0	0	0	0
2024-10-09 14:55:10	25.528883020754716	102.35800532075471	102.499916	1	0	0	0	0
2024-10-09 14:55:20	25.457995882	102.65321832000001	102.499916	1	0	0	0	0
2024-10-09 14:55:30	25.530370082	102.49878706	102.499916	1	0	0	0	0
2024-10-09 14:55:40	25.494726446	102.63045934	102.499916	1	0	0	0	0
2024-10-09 14:55:50	25.496716728	102.4700553	102.499916	1	0	0	0	0
2024-10-09 14:56:00	25.463363854	102.79618067999999	102.499916	1	0	0	0	0
2024-10-09 14:56:10	25.4426244	102.673571	102.499916	1	0	0	0	0
2024-10-09 14:56:20	25.488106308	102.55978184	102.499916	1	0	0	0	0
2024-10-09 14:56:30	25.532190352	102.37441156	102.499916	1	0	0	0	0
2024-10-09 14:56:40	25.573238702	102.1703424	102.499916	1	0	0	0	0
2024-10-09 14:56:50	25.500912066	102.5393124	102.499916	1	0	0	0	0
2024-10-09 14:57:00	25.551996430000003	102.24071996	102.499916	1	0	0	0	0
2024-10-09 14:57:10	25.556935246153845	102.26315215384615	102.499916	1	0	0	0	0
2024-10-09 14:57:20	25.493846886	102.76203616000001	102.499916	1	0	0	0	0
2024-10-09 14:57:30	25.515778578	102.52115326	102.499916	1	0	0	0	0
2024-10-09 14:57:40	25.543615184	102.61316748	102.499916	1	0	0	0	0
2024-10-09 14:57:50	25.516027638	102.4806867	102.499916	1	0	0	0	0
2024-10-09 14:58:00	25.492293269999998	102.67673882	102.499916	1	0	0	0	0
2024-10-09 14:58:10	25.52867873846154	102.38376561538462	102.499916	1	0	0	0	0
2024-10-09 14:58:20	25.564359174	101.99847489999999	102.499916	1	0	0	0	0
2024-10-09 14:58:30	25.51634697	102.82077948	102.499916	1	0	0	0	0
2024-10-09 14:58:40	25.5462652	102.29097766000001	102.499916	1	0	0	0	0
2024-10-09 14:58:50	25.515973308	102.52252222	102.499916	1	0	0	0	0
2024-10-09 14:59:00	25.546193918	102.41030262	102.499916	1	0	0	0	0
2024-10-09 14:59:10	25.535921350943397	102.4611292264151	102.499916	1	0	0	0	0
2024-10-09 14:59:20	25.527442428	102.52529518	102.499916	1	0	0	0	0
2024-10-09 14:59:30	25.509549264	102.53828936	102.499916	1	0	0	0	0
2024-10-09 14:59:40	25.48679658	102.71398984	102.499916	1	0	0	0	0
2024-10-09 14:59:50	25.544322918	102.3683326	102.499916	1	0	0	0	0
2024-10-09 15:00:00	25.560216308	102.34977628	102.499916	1	0	0	0	0
2024-10-09 15:00:10	25.5509464	102.508059	102.499916	1	0	0	0	0
2024-10-09 15:00:20	25.533561252000002	102.54487700000001	102.499916	1	0	0	0	0
2024-10-09 15:00:30	25.569350022	102.34528826	102.499916	1	0	0	0	0
2024-10-09 15:00:40	25.557264796000002	102.66996826	102.499916	1	0	0	0	0
2024-10-09 15:00:50	25.571040442	102.3231782	102.499916	1	0	0	0	0
2024-10-09 15:01:00	25.537534012000002	102.54496608	102.499916	1	0	0	0	0
2024-10-09 15:01:10	25.518664950943396	102.54541528301887	102.499916	1	0	0	0	0
2024-10-09 15:01:20	25.571456992	102.35673498	102.499916	1	0	0	0	0
2024-10-09 15:01:30	25.536656488000002	102.36793879999999	102.499916	1	0	0	0	0
2024-10-09 15:01:40	25.584029784	102.25205382	102.499916	1	0	0	0	0
2024-10-09 15:01:50	25.501092483999997	102.54196762	102.499916	1	0	0	0	0
2024-10-09 15:02:00	25.490532448	102.81367984	102.499916	1	0	0	0	0
2024-10-09 15:02:10	25.542839507692307	102.32374761538462	102.499916	1	0	0	0	0
2024-10-09 15:02:20	25.539831408	102.40265375999999	102.499916	1	0	0	0	0
2024-10-09 15:02:30	25.5103445	102.47690874	102.499916	1	0	0	0	0
2024-10-09 15:02:40	25.588618758	102.78094054	102.499916	1	0	0	0	0
2024-10-09 15:02:50	25.537831252	102.59875874	102.499916	1	0	0	0	0
2024-10-09 15:03:00	25.532096296	102.56524551999999	102.499916	1	0	0	0	0
2024-10-09 15:03:10	25.49784203207547	102.80397586792452	102.499916	1	0	0	0	0
2024-10-09 15:03:20	25.557874546	102.58773122	102.499916	1	0	0	0	0
2024-10-09 15:03:30	25.559987111999998	102.34592336	102.499916	1	0	0	0	0
2024-10-09 15:03:40	25.573214038	102.53392094	102.499916	1	0	0	0	0
2024-10-09 15:03:50	25.492366179999998	102.87462586	102.499916	1	0	0	0	0
2024-10-09 15:04:00	25.535766636	102.55915754	102.499916	1	0	0	0	0
2024-10-09 15:04:10	25.554005884615385	102.46637615384616	102.499916	1	0	0	0	0
2024-10-09 15:04:20	25.542497882	102.66511982	102.499916	1	0	0	0	0
2024-10-09 15:04:30	25.525292044	102.70200136	102.499916	1	0	0	0	0
2024-10-09 15:04:40	25.541330278	103.03392298	102.499916	1	0	0	0	0
2024-10-09 15:04:50	25.49180145	102.6988452	102.499916	1	0	0	0	0
2024-10-09 15:05:00	25.505129252	102.67498896	102.499916	1	0	0	0	0
2024-10-09 15:05:10	25.549684531481482	102.42251577777778	102.499916	1	0	0	0	0
2024-10-09 15:05:20	25.538231932	102.49281976	102.499916	1	0	0	0	0
2024-10-09 15:05:30	25.560168870000002	102.34587162	102.499916	1	0	0	0	0
2024-10-09 15:05:40	25.553362044	102.50057088	102.499916	1	0	0	0	0
2024-10-09 15:05:50	25.53597204	102.43131860000001	102.499916	1	0	0	0	0
2024-10-09 15:06:00	25.5479862	102.4133629	102.499916	1	0	0	0	0
2024-10-09 15:06:10	25.54498911509434	102.26446222641509	102.499916	1	0	0	0	0
2024-10-09 15:06:20	25.519213852	102.36387500000001	102.499916	1	0	0	0	0
2024-10-09 15:06:30	25.513521388	102.71730964	102.499916	1	0	0	0	0
2024-10-09 15:06:40	25.517578288	102.62461376	102.499916	1	0	0	0	0
2024-10-09 15:06:50	25.53712474	102.83533624	102.499916	1	0	0	0	0
2024-10-09 15:07:00	25.517691396	102.55293092	102.499916	1	0	0	0	0
2024-10-09 15:07:10	25.54648353529412	102.4360134117647	102.499916	1	0	0	0	0
2024-10-09 15:07:20	25.560662756	102.50021408	102.499916	1	0	0	0	0
2024-10-09 15:07:30	25.5487567	102.35452544	102.499916	1	0	0	0	0
2024-10-09 15:07:40	25.54097148	102.48185556	102.499916	1	0	0	0	0
2024-10-09 15:07:50	25.56172944	102.59165176	102.499916	1	0	0	0	0
2024-10-09 15:08:00	25.493869892	102.78244064	102.499916	1	0	0	0	0
2024-10-09 15:08:10	25.55562634814815	102.21108787037038	102.499916	1	0	0	0	0
2024-10-09 15:08:20	25.532263056	102.56643924000001	102.499916	1	0	0	0	0
2024-10-09 15:08:30	25.55887068	102.29168643999999	102.499916	1	0	0	0	0
2024-10-09 15:08:40	25.557138228	102.31611303999999	102.499916	1	0	0	0	0
2024-10-09 15:08:50	25.592076723999998	102.3116656	102.499916	1	0	0	0	0
2024-10-09 15:09:00	25.497786096	102.74943019999999	102.499916	1	0	0	0	0
2024-10-09 15:09:10	25.5765332	102.26165328571429	102.499916	1	0	0	0	0
2024-10-09 15:09:20	25.549880696	102.37070292	102.499916	1	0	0	0	0
2024-10-09 15:09:30	25.53377756	102.41966548	102.499916	1	0	0	0	0
2024-10-09 15:09:40	25.50701176	102.72032644000001	102.499916	1	0	0	0	0
2024-10-09 15:09:50	25.534465092	102.53854132	102.499916	1	0	0	0	0
2024-10-09 15:10:00	25.504738412000002	102.65629008	102.499916	1	0	0	0	0
2024-10-09 15:10:10	25.542497695652173	102.40701913043478	102.499916	1	0	0	0	0
2024-10-09 15:10:20	25.542993696	102.32623448	102.499916	1	0	0	0	0
2024-10-09 15:10:30	25.53232606	102.31840532	102.499916	1	0	0	0	0
2024-10-09 15:10:40	25.552561048	102.50069536000001	102.499916	1	0	0	0	0
2024-10-09 15:10:50	25.5392	102.44559828	102.499916	1	0	0	0	0
2024-10-09 15:11:00	25.521355876	102.65782608	102.499916	1	0	0	0	0
2024-10-09 15:11:10	25.53342474255319	102.60194961702128	102.499916	1	0	0	0	0
2024-10-09 15:11:20	25.4973845	102.17917424	102.499916	1	0	0	0	0
2024-10-09 15:11:30	25.533785836	102.43180568	102.499916	1	0	0	0	0
2024-10-09 15:11:40	25.562561264	102.27275596	102.499916	1	0	0	0	0
2024-10-09 15:11:50	25.548008112	102.34636972	102.499916	1	0	0	0	0
2024-10-09 15:12:00	25.55494772	102.38853040000001	102.499916	1	0	0	0	0
2024-10-09 15:12:10	25.532986695744682	102.4377564893617	102.499916	1	0	0	0	0
2024-10-09 15:12:20	25.5772543	102.5253986	102.499916	1	0	0	0	0
2024-10-09 15:12:30	25.569165316	102.52825736	102.499916	1	0	0	0	0
2024-10-09 15:12:40	25.560431784000002	102.52120092	102.499916	1	0	0	0	0
2024-10-09 15:12:50	25.551906864	102.74096032	102.499916	1	0	0	0	0
2024-10-09 15:13:00	25.512728116	102.69965528	102.499916	1	0	0	0	0
2024-10-09 15:13:10	25.453982463461536	102.92800909615384	102.499916	1	0	0	0	0
2024-10-09 15:13:20	25.544063488	102.72615336	102.499916	1	0	0	0	0
2024-10-09 15:13:30	25.515949239999998	102.72953116	102.499916	1	0	0	0	0
2024-10-09 15:13:40	25.536263948	102.54741544000001	102.499916	1	0	0	0	0
2024-10-09 15:13:50	25.53653602	102.47792416	102.499916	1	0	0	0	0
2024-10-09 15:14:00	25.535922532	102.47140316000001	102.499916	1	0	0	0	0
2024-10-09 15:14:10	25.5068317245283	102.53693828301887	102.499916	1	0	0	0	0
2024-10-09 15:14:20	25.546600496	102.55918316	102.499916	1	0	0	0	0
2024-10-09 15:14:30	25.531759496	102.3467224	102.499916	1	0	0	0	0
2024-10-09 15:14:40	25.532481308	102.45578392	102.499916	1	0	0	0	0
2024-10-09 15:14:50	25.554751500000002	102.1460762	102.499916	1	0	0	0	0
2024-10-09 15:15:00	25.535680904	102.48184776000001	102.499916	1	0	0	0	0
2024-10-09 15:15:10	25.511779240425533	102.55049282978723	102.499916	1	0	0	0	0
2024-10-09 15:15:20	25.530973672000002	102.429273	102.499916	1	0	0	0	0
2024-10-09 15:15:30	25.520567916	102.77102932	102.499916	1	0	0	0	0
2024-10-09 15:15:40	25.520567916	102.77102932	102.499916	1	0	0	0	0
2024-10-09 15:15:50	25.510657972	102.51270916	102.499916	1	0	0	0	0
2024-10-09 15:16:00	25.523907131999998	102.56456016	102.499916	1	0	0	0	0
2024-10-09 15:16:10	25.49813483846154	102.6646416923077	102.499916	1	0	0	0	0
2024-10-09 15:16:20	25.508778092	102.45026724	102.499916	1	0	0	0	0
2024-10-09 15:16:30	25.548352008	102.4829378	102.499916	1	0	0	0	0
2024-10-09 15:16:40	25.526604392	102.40961296	102.499916	1	0	0	0	0
2024-10-09 15:16:50	25.526604392	102.40961296	102.499916	1	0	0	0	0
2024-10-09 15:17:00	25.543048552000002	102.40632224	102.499916	1	0	0	0	0
2024-10-09 15:17:10	25.543048552000002	102.40632224	102.499916	1	0	0	0	0
2024-10-09 15:17:20	25.54807754	102.34180975999999	102.499916	1	0	0	0	0
2024-10-09 15:17:30	25.520870803999998	102.4491178	102.499916	1	0	0	0	0
2024-10-09 15:17:40	25.513903344	102.70346468	102.499916	1	0	0	0	0
2024-10-09 15:17:50	25.502806988	102.49004148	102.499916	1	0	0	0	0
2024-10-09 15:18:00	25.469912712	102.82459376	102.499916	1	0	0	0	0
2024-10-09 15:18:10	25.519680171153848	102.31347619230769	102.499916	1	0	0	0	0
2024-10-09 15:18:20	25.542571224	102.41128444	102.499916	1	0	0	0	0
2024-10-09 15:18:30	25.48957824	102.90415944	102.499916	1	0	0	0	0
2024-10-09 15:18:40	25.51584386	102.68577124000001	102.499916	1	0	0	0	0
2024-10-09 15:18:50	25.541435488	102.20526699999999	102.499916	1	0	0	0	0
2024-10-09 15:19:00	25.494064336	102.59502216	102.499916	1	0	0	0	0
2024-10-09 15:19:10	25.504635240384616	102.56305663461539	102.499916	1	0	0	0	0
2024-10-09 15:19:20	25.486949488	102.56378783999999	102.499916	1	0	0	0	0
2024-10-09 15:19:30	25.485855716	102.56792191999999	102.499916	1	0	0	0	0
2024-10-09 15:19:40	25.520882592	102.37817152	102.499916	1	0	0	0	0
2024-10-09 15:19:50	25.505520424	102.38258936	102.499916	1	0	0	0	0
2024-10-09 15:20:00	25.522990976	102.38876528	102.499916	1	0	0	0	0
2024-10-09 15:20:10	25.533085961702128	102.31585017021277	102.499916	1	0	0	0	0
2024-10-09 15:20:20	25.531690556	102.40370328	102.499916	1	0	0	0	0
2024-10-09 15:20:30	25.503331600000003	102.60700264	102.499916	1	0	0	0	0
2024-10-09 15:20:40	25.540524127999998	102.39635163999999	102.499916	1	0	0	0	0
2024-10-09 15:20:50	25.467383855999998	102.93868567999999	102.499916	1	0	0	0	0
2024-10-09 15:21:00	25.427823615999998	102.94935396	102.499916	1	0	0	0	0
2024-10-09 15:21:10	25.50136125471698	102.4116859245283	102.499916	1	0	0	0	0
2024-10-09 15:21:20	25.518904252	102.51473544	102.499916	1	0	0	0	0
2024-10-09 15:21:30	25.527170196	102.17130155999999	102.499916	1	0	0	0	0
2024-10-09 15:21:40	25.516057644	102.58234892	102.499916	1	0	0	0	0
2024-10-09 15:21:50	25.507656655999998	102.33935212	102.499916	1	0	0	0	0
2024-10-09 15:22:00	25.516600428	102.4619	102.499916	1	0	0	0	0
2024-10-09 15:22:10	25.496423259615383	102.38857467307692	102.499916	1	0	0	0	0
2024-10-09 15:22:20	25.485110111999997	102.71368512000001	102.499916	1	0	0	0	0
2024-10-09 15:22:30	25.479371232	102.61820184	102.499916	1	0	0	0	0
2024-10-09 15:22:40	25.448357744	102.98461092000001	102.499916	1	0	0	0	0
2024-10-09 15:22:50	25.440871152	102.62540912	102.499916	1	0	0	0	0
2024-10-09 15:23:00	25.470115216	102.64808356	102.499916	1	0	0	0	0
2024-10-09 15:23:10	25.50455686153846	102.36626046153846	102.499916	1	0	0	0	0
2024-10-09 15:23:20	25.499197715999998	102.4615664	102.499916	1	0	0	0	0
2024-10-09 15:23:30	25.517539848	102.45600132	102.499916	1	0	0	0	0
2024-10-09 15:23:40	25.513233191999998	102.63712744	102.499916	1	0	0	0	0
2024-10-09 15:23:50	25.505508496	102.60886052000001	102.499916	1	0	0	0	0
2024-10-09 15:24:00	25.474793236	102.61056004000001	102.499916	1	0	0	0	0
2024-10-09 15:24:10	25.486316556603775	102.40026635849057	102.499916	1	0	0	0	0
2024-10-09 15:24:20	25.486619508	102.51243316	102.499916	1	0	0	0	0
2024-10-09 15:24:30	25.518187144	102.54499256	102.499916	1	0	0	0	0
2024-10-09 15:24:40	25.440652336000003	102.74812004	102.499916	1	0	0	0	0
2024-10-09 15:24:50	25.468670036	102.57490127999999	102.499916	1	0	0	0	0
2024-10-09 15:25:00	25.492507188	102.47632968	102.499916	1	0	0	0	0
2024-10-09 15:25:10	25.46195165714286	102.61787285714286	102.499916	1	0	0	0	0
2024-10-09 15:25:20	25.444990624	102.77892623999999	102.499916	1	0	0	0	0
2024-10-09 15:25:30	25.442784876	102.40431052	102.499916	1	0	0	0	0
2024-10-09 15:25:40	25.488488024	102.54559008	102.499916	1	0	0	0	0
2024-10-09 15:25:50	25.447029324	102.44367156	102.499916	1	0	0	0	0
2024-10-09 15:26:00	25.489226784	102.41684608	102.499916	1	0	0	0	0
2024-10-09 15:26:10	25.491328380769232	102.45862896153845	102.499916	1	0	0	0	0
2024-10-09 15:26:20	25.45043252	102.48944388000001	102.499916	1	0	0	0	0
2024-10-09 15:26:30	25.430964195999998	102.68390764	102.499916	1	0	0	0	0
2024-10-09 15:26:40	25.419754256	102.58234159999999	102.499916	1	0	0	0	0
2024-10-09 15:26:50	25.424867432	102.73955068000001	102.499916	1	0	0	0	0
2024-10-09 15:27:00	25.473874136	102.46606068	102.499916	1	0	0	0	0
2024-10-09 15:27:10	25.441165559615385	102.59917653846155	102.499916	1	0	0	0	0
2024-10-09 15:27:20	25.436307872	102.60835576	102.499916	1	0	0	0	0
2024-10-09 15:27:30	25.436095740000003	102.88687196000001	102.499916	1	0	0	0	0
2024-10-09 15:27:40	25.446525344	102.50644528	102.499916	1	0	0	0	0
2024-10-09 15:27:50	25.471730492000002	102.3109062	102.499916	1	0	0	0	0
2024-10-09 15:28:00	25.4250464	102.69978648	102.499916	1	0	0	0	0
2024-10-09 15:28:10	25.404952055769233	102.80667353846154	102.499916	1	0	0	0	0
2024-10-09 15:28:20	25.383959336	102.87807072	102.499916	1	0	0	0	0
2024-10-09 15:28:30	25.45234934	102.66800088	102.499916	1	0	0	0	0
2024-10-09 15:28:40	25.428735788	102.55683892	102.499916	1	0	0	0	0
2024-10-09 15:28:50	25.450378832	102.41298864	102.499916	1	0	0	0	0
2024-10-09 15:29:00	25.430114048	102.5178102	102.499916	1	0	0	0	0
2024-10-09 15:29:10	25.47159819423077	102.26988365384615	102.499916	1	0	0	0	0
2024-10-09 15:29:20	25.443512988000002	102.474455	102.499916	1	0	0	0	0
2024-10-09 15:29:30	25.447462728	102.38847059999999	102.499916	1	0	0	0	0
2024-10-09 15:29:40	25.544582412	102.03445636	102.499916	1	0	0	0	0
2024-10-09 15:29:50	25.457403044	102.52789032000001	102.499916	1	0	0	0	0
2024-10-09 15:30:00	25.424853896	102.69527396	102.499916	1	0	0	0	0
2024-10-09 15:30:10	25.442772467924527	102.64454371698113	101.91501911320755	1	0	0	0	0
2024-10-09 15:30:20	25.39267446	102.72141228000001	101.499931	1	0	0	0	0
2024-10-09 15:30:30	25.410926544	102.3614328	101.499931	1	0	0	0	0
2024-10-09 15:30:40	25.339188156000002	102.59451876	101.499931	1	0	0	0	0
2024-10-09 15:30:50	25.329454064	102.520768	101.499931	1	0	0	0	0
2024-10-09 15:31:00	25.274542527999998	102.57661328	101.499931	1	0	0	0	0
2024-10-09 15:31:10	25.257176519230768	102.52217325000001	101.499931	1	0	0	0	0
2024-10-09 15:31:20	25.21308152	102.82467444	101.499931	1	0	0	0	0
2024-10-09 15:31:30	25.148668	102.84964108	101.499931	1	0	0	0	0
2024-10-09 15:31:40	25.17293236	102.49951300000001	101.499931	1	0	0	0	0
2024-10-09 15:31:50	25.135784784	102.57489556	101.499931	1	0	0	0	0
2024-10-09 15:32:00	25.074322	102.6281236	101.499931	1	0	0	0	0
2024-10-09 15:32:10	25.04761906734694	102.56200538775511	101.499931	1	0	0	0	0
2024-10-09 15:32:20	25.050795863829787	102.70924168085106	101.499931	1	0	0	0	0
2024-10-09 15:32:30	25.007233384	102.46462368	101.499931	1	0	0	0	0
2024-10-09 15:32:40	24.994478464	102.57109412	101.499931	1	0	0	0	0
2024-10-09 15:32:50	24.9334646	102.84225808	101.499931	1	0	0	0	0
2024-10-09 15:33:00	24.885629348000002	102.59698496	101.499931	1	0	0	0	0
2024-10-09 15:33:10	24.851139688	102.57737904	101.499931	1	0	0	0	0
2024-10-09 15:33:20	24.858795392	102.58327728	101.499931	1	0	0	0	0
2024-10-09 15:33:30	24.813683732	102.65654092	101.499931	1	0	0	0	0
2024-10-09 15:33:40	24.805116423999998	102.41057996	101.499931	1	0	0	0	0
2024-10-09 15:33:50	24.749822392	102.56686563999999	101.499931	1	0	0	0	0
2024-10-09 15:34:00	24.6564261	102.85771476	101.499931	1	0	0	0	0
2024-10-09 15:34:10	24.68044065	102.47316749999999	101.499931	1	0	0	0	0
2024-10-09 15:34:20	24.619638048	102.70173476000001	101.499931	1	0	0	0	0
2024-10-09 15:34:30	24.5757056	102.56835456	101.499931	1	0	0	0	0
2024-10-09 15:34:40	24.573982752	102.59736632	101.499931	1	0	0	0	0
2024-10-09 15:34:50	24.533239508	102.46155904000001	101.499931	1	0	0	0	0
2024-10-09 15:35:00	24.536800756	102.3444968	101.499931	1	0	0	0	0
2024-10-09 15:35:10	24.480907045454547	102.51831436363636	101.499931	1	0	0	0	0
2024-10-09 15:35:20	24.465614416	102.55863352	101.499931	1	0	0	0	0
2024-10-09 15:35:30	24.423482928	102.46147228	101.499931	1	0	0	0	0
2024-10-09 15:35:40	24.395870640000002	102.72922432	101.499931	1	0	0	0	0
2024-10-09 15:35:50	24.342571896	102.6550898	101.499931	1	0	0	0	0
2024-10-09 15:36:00	24.343469852	102.37827192	101.499931	1	0	0	0	0
2024-10-09 15:36:10	24.28902372857143	102.54289171428572	101.499931	1	0	0	0	0
2024-10-09 15:36:20	24.22655078	102.67965656	101.499931	1	0	0	0	0
2024-10-09 15:36:30	24.243859536	102.3915118	101.499931	1	0	0	0	0
2024-10-09 15:36:40	24.206390283999998	102.61868656	101.499931	1	0	0	0	0
2024-10-09 15:36:50	24.14864416	102.77421304	101.499931	1	0	0	0	0
2024-10-09 15:37:00	24.132170184000003	102.51216636	101.499931	1	0	0	0	0
2024-10-09 15:37:10	24.083524040384617	102.70650376923076	101.499931	1	0	0	0	0
2024-10-09 15:37:20	24.026033088000002	102.79566820000001	101.499931	1	0	0	0	0
2024-10-09 15:37:30	24.114275680000002	102.2949358	101.499931	1	0	0	0	0
2024-10-09 15:37:40	23.99443032	102.50432768	101.499931	1	0	0	0	0
2024-10-09 15:37:50	23.983104592	102.43455884	101.499931	1	0	0	0	0
2024-10-09 15:38:00	23.903961031999998	102.76991212	101.499931	1	0	0	0	0
2024-10-09 15:38:10	23.86652723902439	102.7908967317073	101.499931	1	0	0	0	0
2024-10-09 15:38:20	23.862064804000003	102.95925408000001	101.499931	1	0	0	0	0
2024-10-09 15:38:30	23.861206868	102.52465584000001	101.499931	1	0	0	0	0
2024-10-09 15:38:40	23.795186184000002	102.60494656	101.499931	1	0	0	0	0
2024-10-09 15:38:50	23.761433735999997	102.51237952	101.499931	1	0	0	0	0
2024-10-09 15:39:00	23.718698764	102.70113472	101.499931	1	0	0	0	0
2024-10-09 15:39:10	23.729548085106384	102.56574074468085	101.499931	1	0	0	0	0
2024-10-09 15:39:20	23.687778544	102.39045692	101.499931	1	0	0	0	0
2024-10-09 15:39:30	23.64745092	102.36715316	101.499931	1	0	0	0	0
2024-10-09 15:39:40	23.688999664	101.9383496	101.499931	1	0	0	0	0
2024-10-09 15:39:50	23.691039496000002	102.0794666	101.499931	1	0	0	0	0
2024-10-09 15:40:00	23.645366192	102.18172971999999	101.499931	1	0	0	0	0
2024-10-09 15:40:10	23.633525363829786	102.23038695744681	101.499931	1	0	0	0	0
2024-10-09 15:40:20	23.597383104	102.19787304	101.499931	1	0	0	0	0
2024-10-09 15:40:30	23.582009236	102.00367784	101.499931	1	0	0	0	0
2024-10-09 15:40:40	23.617838312	102.12722392	101.499931	1	0	0	0	0
2024-10-09 15:40:50	23.588277679999997	101.99513504	101.499931	1	0	0	0	0
2024-10-09 15:41:00	23.576524115999998	101.96020156	101.499931	1	0	0	0	0
2024-10-09 15:41:10	23.539505359574466	102.19546291489361	101.499931	1	0	0	0	0
2024-10-09 15:41:20	23.5649356	101.92553824	101.499931	1	0	0	0	0
2024-10-09 15:41:30	23.548957276	101.94821608	101.499931	1	0	0	0	0
2024-10-09 15:41:40	23.558551316	101.76139236	101.499931	1	0	0	0	0
2024-10-09 15:41:50	23.58542484	101.54111408	101.499931	1	0	0	0	0
2024-10-09 15:42:00	23.568662304	101.552236	101.499931	1	0	0	0	0
2024-10-09 15:42:10	23.551987947169813	101.64066024528302	101.499931	1	0	0	0	0
2024-10-09 15:42:20	23.507910612	101.77057672	101.499931	1	0	0	0	0
2024-10-09 15:42:30	23.51421002	101.77519276000001	101.499931	1	0	0	0	0
2024-10-09 15:42:40	23.49979572	101.84985184	101.499931	1	0	0	0	0
2024-10-09 15:42:50	23.518944956000002	101.57378608	101.499931	1	0	0	0	0
2024-10-09 15:43:00	23.424270456	102.16860464	101.499931	1	0	0	0	0
2024-10-09 15:43:10	23.474675844680853	101.71888080851063	101.499931	1	0	0	0	0
2024-10-09 15:43:20	23.4734092	101.86861972	101.499931	1	0	0	0	0
2024-10-09 15:43:30	23.431672284	101.65422284	101.499931	1	0	0	0	0
2024-10-09 15:43:40	23.45989432	101.82617552	101.499931	1	0	0	0	0
2024-10-09 15:43:50	23.446442184	101.73051896	101.499931	1	0	0	0	0
2024-10-09 15:44:00	23.43184808	101.80311492	101.499931	1	0	0	0	0
2024-10-09 15:44:10	23.422292297872342	101.87080068085106	101.499931	1	0	0	0	0
2024-10-09 15:44:20	23.433652608	101.49307584	101.499931	1	0	0	0	0
2024-10-09 15:44:30	23.4201912	101.65766016	101.499931	1	0	0	0	0
2024-10-09 15:44:40	23.423304676	101.65324048	101.499931	1	0	0	0	0
2024-10-09 15:44:50	23.457262572	101.42536168	101.499931	1	0	0	0	0
2024-10-09 15:45:00	23.41725	101.68225752	101.499931	1	0	0	0	0
2024-10-09 15:45:10	23.440635744230768	101.416464	101.499931	1	0	0	0	0
2024-10-09 15:45:20	23.456658416	101.59951968	101.499931	1	0	0	0	0
2024-10-09 15:45:30	23.435947600000002	101.32781847999999	101.499931	1	0	0	0	0
2024-10-09 15:45:40	23.494539984	101.31447648	101.499931	1	0	0	0	0
2024-10-09 15:45:50	23.43654304	101.54805924	101.499931	1	0	0	0	0
2024-10-09 15:46:00	23.436157536	101.56083884	101.499931	1	0	0	0	0
2024-10-09 15:46:10	23.38508155744681	101.78552959574468	101.499931	1	0	0	0	0
2024-10-09 15:46:20	23.481210228000002	101.15029748	101.499931	1	0	0	0	0
2024-10-09 15:46:30	23.451871739999998	101.54724148	101.499931	1	0	0	0	0
2024-10-09 15:46:40	23.393805	101.68778295999999	101.499931	1	0	0	0	0
2024-10-09 15:46:50	23.438607716	101.52352556	101.499931	1	0	0	0	0
2024-10-09 15:47:00	23.466386188	101.3118512	101.499931	1	0	0	0	0
2024-10-09 15:47:10	23.349428765384616	101.98470901923076	101.499931	1	0	0	0	0
2024-10-09 15:47:20	23.471105096	101.38963796	101.499931	1	0	0	0	0
2024-10-09 15:47:30	23.429005332	101.70282852	101.499931	1	0	0	0	0
2024-10-09 15:47:40	23.349622791999998	101.83451976	101.499931	1	0	0	0	0
2024-10-09 15:47:50	23.428718363999998	101.5780376	101.499931	1	0	0	0	0
2024-10-09 15:48:00	23.326545884	101.82158336	99.9999542	1	0	0	0	0
2024-10-09 15:48:10	23.312454353846157	101.46032298076923	99.9999542	1	0	0	0	0
2024-10-09 15:48:20	23.329985928	101.2302904	99.9999542	1	0	0	0	0
2024-10-09 15:48:30	23.265635888	101.0821306	99.9999542	1	0	0	0	0
2024-10-09 15:48:40	23.585101824	99.122528	99.9999542	1	0	0	0	0
2024-10-09 15:48:50	23.683382836	98.755052544	99.9999542	1	0	0	0	0
2024-10-09 15:49:00	23.779875744	98.504799544	99.9999542	1	0	0	0	0
2024-10-09 15:49:10	23.783916602127658	98.86839042553191	99.9999542	1	0	0	0	0
2024-10-09 15:49:20	23.724274664	99.23383	99.9999542	1	0	0	0	0
2024-10-09 15:49:30	23.803268828	99.022566	99.9999542	1	0	0	0	0
2024-10-09 15:49:40	23.862888976	99.06162928	99.9999542	1	0	0	0	0
2024-10-09 15:49:50	23.913287200000003	98.84228568	99.9999542	1	0	0	0	0
2024-10-09 15:50:00	23.984692252	98.536484364	99.9999542	1	0	0	0	0
2024-10-09 15:50:10	23.93654450425532	98.84778078297873	99.9999542	1	0	0	0	0
2024-10-09 15:50:20	24.02425264	98.8427596	99.9999542	1	0	0	0	0
2024-10-09 15:50:30	24.0754576	98.8714008	99.9999542	1	0	0	0	0
2024-10-09 15:50:40	24.084489152	98.836663648	99.9999542	1	0	0	0	0
2024-10-09 15:50:50	24.06913716	98.96909600000001	99.9999542	1	0	0	0	0
2024-10-09 15:51:00	24.124011744	99.007656412	99.9999542	1	0	0	0	0
2024-10-09 15:51:10	24.21457964255319	98.78252319148936	99.9999542	1	0	0	0	0
2024-10-09 15:51:20	24.182661084000003	98.802566	99.9999542	1	0	0	0	0
2024-10-09 15:51:30	24.260869336	98.8450456	99.9999542	1	0	0	0	0
2024-10-09 15:51:40	24.261174304	98.98041761200001	99.9999542	1	0	0	0	0
2024-10-09 15:51:50	24.321059944	98.831555664	99.9999542	1	0	0	0	0
2024-10-09 15:52:00	24.3442392	98.9335912	99.9999542	1	0	0	0	0
2024-10-09 15:52:10	24.4269927893617	98.6872329787234	99.9999542	1	0	0	0	0
2024-10-09 15:52:20	24.413170944	98.909476896	99.9999542	1	0	0	0	0
2024-10-09 15:52:30	24.446106556	98.9756692	99.9999542	1	0	0	0	0
2024-10-09 15:52:40	24.479501648	98.8116696	99.9999542	1	0	0	0	0
2024-10-09 15:52:50	24.531117124	98.8710092	99.9999542	1	0	0	0	0
2024-10-09 15:53:00	24.545299376	98.9544492	99.9999542	1	0	0	0	0
2024-10-09 15:53:10	24.57538040212766	98.96645661489362	99.9999542	1	0	0	0	0
2024-10-09 15:53:20	24.656234644	98.75073760000001	99.9999542	1	0	0	0	0
2024-10-09 15:53:30	24.709693548	98.4166368	99.9999542	1	0	0	0	0
2024-10-09 15:53:40	24.721051016	98.7298072	99.9999542	1	0	0	0	0
2024-10-09 15:53:50	24.739056104000003	98.7894636	99.9999542	1	0	0	0	0
2024-10-09 15:54:00	24.798877072	98.72194986000001	99.9999542	1	0	0	0	0
2024-10-09 15:54:10	24.812963534042552	99.05407638297872	99.9999542	1	0	0	0	0
2024-10-09 15:54:20	24.87533706	98.84656360000001	99.9999542	1	0	0	0	0
2024-10-09 15:54:30	24.895771028	98.746617748	99.9999542	1	0	0	0	0
2024-10-09 15:54:40	24.918982248	98.93306	99.9999542	1	0	0	0	0
2024-10-09 15:54:50	24.956452972	99.1204	99.9999542	1	0	0	0	0
2024-10-09 15:55:00	25.00632152	98.7845536	99.9999542	1	0	0	0	0
2024-10-09 15:55:10	25.05736754893617	98.60282036595744	99.9999542	1	0	0	0	0
2024-10-09 15:55:20	25.046893172	98.883022	99.9999542	1	0	0	0	0
2024-10-09 15:55:30	25.150435988	98.6546224	99.9999542	1	0	0	0	0
2024-10-09 15:55:40	25.17159552	98.67919068799999	99.9999542	1	0	0	0	0
2024-10-09 15:55:50	25.17271578	99.028425664	99.9999542	1	0	0	0	0
2024-10-09 15:56:00	25.248394888	98.663343088	99.9999542	1	0	0	0	0
2024-10-09 15:56:10	25.238636512765957	99.03831936170214	99.9999542	1	0	0	0	0
2024-10-09 15:56:20	25.286213240000002	98.81618160000001	99.9999542	1	0	0	0	0
2024-10-09 15:56:30	25.26683464	99.009816	99.9999542	1	0	0	0	0
2024-10-09 15:56:40	25.271777676	99.129838	99.9999542	1	0	0	0	0
2024-10-09 15:56:50	25.301642924	99.2015124	99.9999542	1	0	0	0	0
2024-10-09 15:57:00	25.360871224	99.02660159999999	99.9999542	1	0	0	0	0
2024-10-09 15:57:10	25.359988528846152	99.16705250192308	99.9999542	1	0	0	0	0
2024-10-09 15:57:20	25.345264280000002	99.2560432	99.9999542	1	0	0	0	0
2024-10-09 15:57:30	25.395285808	99.2775496	99.9999542	1	0	0	0	0
2024-10-09 15:57:40	25.394333048	99.447690064	99.9999542	1	0	0	0	0
2024-10-09 15:57:50	25.430919652	99.242042668	99.9999542	1	0	0	0	0
2024-10-09 15:58:00	25.383852644	99.68009359999999	99.9999542	1	0	0	0	0
2024-10-09 15:58:10	25.444286844230767	99.40697423076924	99.9999542	1	0	0	0	0
2024-10-09 15:58:20	25.44169054	99.4871784	99.9999542	1	0	0	0	0
2024-10-09 15:58:30	25.469860752	99.5883524	99.9999542	1	0	0	0	0
2024-10-09 15:58:40	25.448295968	99.53188320000001	99.9999542	1	0	0	0	0
2024-10-09 15:58:50	25.50036632	99.4236188	99.9999542	1	0	0	0	0
2024-10-09 15:59:00	25.506863564	99.492355264	99.9999542	1	0	0	0	0
2024-10-09 15:59:10	25.53090988269231	99.24820632115384	99.9999542	1	0	0	0	0
2024-10-09 15:59:20	25.459088304	99.7782676	99.9999542	1	0	0	0	0
2024-10-09 15:59:30	25.584432672000002	99.4945656	99.9999542	1	0	0	0	0
2024-10-09 15:59:40	25.512312392000002	99.6598244	99.9999542	1	0	0	0	0
2024-10-09 15:59:50	25.567139336	99.65813	99.9999542	1	0	0	0	0
2024-10-09 16:00:00	25.558286980000002	99.6521032	99.9999542	1	0	0	0	0
