PROCESSDATA	2411FIC20102 Data	yyyy-MM-dd HH:mm:ss
8	10	2024-10-02 21:55:00	751
tagname	2411FIC20102.MV	2411FIC20102.PV	2411FIC20102.SV	2411FIC20102.MODE	bOpOFL	bPvOFL	bSpOFL	bAutOFL
desc	回炼油返塔_OP	回炼油返塔_PV	回炼油返塔_SP	Aut	bOpOFL	bPvOFL	bSpOFL	bAutOFL
fsMax=1.6055199350000002	fsMin=0	fsGridNum=10	fdMax=1.6055199350000002tfdMin=0	fdGridNum=10	v0GridNum=10	L=24
2024-10-02 21:55:00	25.124979072000002	99.112065104	99.0000458	1	0	0	0	0
2024-10-02 21:55:10	25.12582442857143	99.13950323428571	99.0000458	1	0	0	0	0
2024-10-02 21:55:20	25.10685348115942	99.26896665507246	99.0000458	1	0	0	0	0
2024-10-02 21:55:30	25.078713242622953	99.20976524590164	99.0000458	1	0	0	0	0
2024-10-02 21:55:40	25.082170705	99.044770235	99.0000458	1	0	0	0	0
2024-10-02 21:55:50	25.0795913971831	99.17621922816902	99.0000458	1	0	0	0	0
2024-10-02 21:56:00	25.07996585714286	98.92166571428572	99.0000458	1	0	0	0	0
2024-10-02 21:56:10	25.066188772727273	99.19744463636364	99.0000458	1	0	0	0	0
2024-10-02 21:56:20	25.07189868028169	99.11483563380283	99.0000458	1	0	0	0	0
2024-10-02 21:56:30	25.03439696231884	99.33662246376811	99.0000458	1	0	0	0	0
2024-10-02 21:56:40	25.054681794285713	99.15371914285714	99.0000458	1	0	0	0	0
2024-10-02 21:56:50	25.000314298550723	99.45638608695653	99.0000458	1	0	0	0	0
2024-10-02 21:57:00	25.035780304081634	99.11280979591837	99.0000458	1	0	0	0	0
2024-10-02 21:57:10	24.99852598	99.234174	99.0000458	1	0	0	0	0
2024-10-02 21:57:20	25.01565718309859	99.23217901408451	99.0000458	1	0	0	0	0
2024-10-02 21:57:30	25.034195142857143	99.07953914285714	99.0000458	1	0	0	0	0
2024-10-02 21:57:40	24.976732795652175	99.18473129565218	99.0000458	1	0	0	0	0
2024-10-02 21:57:50	25.017714396296295	99.09369259259259	99.0000458	1	0	0	0	0
2024-10-02 21:58:00	25.003242757142857	99.17727214285715	99.0000458	1	0	0	0	0
2024-10-02 21:58:10	24.974803145	99.34887008	99.0000458	1	0	0	0	0
2024-10-02 21:58:20	24.982802183050847	99.32379986949152	99.0000458	1	0	0	0	0
2024-10-02 21:58:30	24.97226068641975	99.26293580246914	99.0000458	1	0	0	0	0
2024-10-02 21:58:40	25.001460405797104	99.20258671594203	99.0000458	1	0	0	0	0
2024-10-02 21:58:50	24.95915080879121	99.1509689956044	99.0000458	1	0	0	0	0
2024-10-02 21:59:00	24.936283268292684	99.3987743902439	99.0000458	1	0	0	0	0
2024-10-02 21:59:10	24.974432195061727	99.0508713580247	99.0000458	1	0	0	0	0
2024-10-02 21:59:20	24.98355157142857	99.02782285714285	99.0000458	1	0	0	0	0
2024-10-02 21:59:30	24.95929943544304	99.13662126582278	99.0000458	1	0	0	0	0
2024-10-02 21:59:40	24.94469873	99.25218000000001	99.0000458	1	0	0	0	0
2024-10-02 21:59:50	24.922109328571427	99.33392406571429	99.0000458	1	0	0	0	0
2024-10-02 22:00:00	24.975560254	98.962237988	99.0000458	1	0	0	0	0
2024-10-02 22:00:10	24.91539460289855	99.31409608695651	99.0000458	1	0	0	0	0
2024-10-02 22:00:20	24.922891544	99.3036418	99.0000458	1	0	0	0	0
2024-10-02 22:00:30	24.934714904225352	99.10383732394367	99.0000458	1	0	0	0	0
2024-10-02 22:00:40	24.92483062	99.1448632	99.0000458	1	0	0	0	0
2024-10-02 22:00:50	24.953818185714287	98.94864285714286	99.0000458	1	0	0	0	0
2024-10-02 22:01:00	24.948380250980392	99.04428607843137	99.0000458	1	0	0	0	0
2024-10-02 22:01:10	24.91150163142857	99.1658072857143	99.0000458	1	0	0	0	0
2024-10-02 22:01:20	24.920841414754097	99.04569544262296	99.0000458	1	0	0	0	0
2024-10-02 22:01:30	24.900486566666668	99.17190433333333	99.0000458	1	0	0	0	0
2024-10-02 22:01:40	24.907714057142858	99.07819571428571	99.0000458	1	0	0	0	0
2024-10-02 22:01:50	24.921569560000002	98.985338	99.0000458	1	0	0	0	0
2024-10-02 22:02:00	24.9084454	99.20863419999999	99.0000458	1	0	0	0	0
2024-10-02 22:02:10	24.858802985507246	99.34227661014492	99.0000458	1	0	0	0	0
2024-10-02 22:02:20	24.87192754285714	99.14310215714286	99.0000458	1	0	0	0	0
2024-10-02 22:02:30	24.89147952	99.125782	99.0000458	1	0	0	0	0
2024-10-02 22:02:40	24.824722833333333	99.43775053666667	99.0000458	1	0	0	0	0
2024-10-02 22:02:50	24.8575808125	99.185254375	99.0000458	1	0	0	0	0
2024-10-02 22:03:00	24.860235964788732	99.11041450704225	99.0000458	1	0	0	0	0
2024-10-02 22:03:10	24.819271016455698	99.32823101265822	99.0000458	1	0	0	0	0
2024-10-02 22:03:20	24.817944058333335	99.198145845	99.0000458	1	0	0	0	0
2024-10-02 22:03:30	24.813510208	99.265155648	99.0000458	1	0	0	0	0
2024-10-02 22:03:40	24.910060344999998	98.6126865	99.0000458	1	0	0	0	0
2024-10-02 22:03:50	24.81976736388889	99.17235888888888	99.0000458	1	0	0	0	0
2024-10-02 22:04:00	24.731784311764706	99.39844661764707	99.0000458	1	0	0	0	0
2024-10-02 22:04:10	24.83115722962963	99.0997737037037	99.0000458	1	0	0	0	0
2024-10-02 22:04:20	24.78564367894737	99.21155929824562	99.0000458	1	0	0	0	0
2024-10-02 22:04:30	24.771095348333336	99.25631177833334	99.0000458	1	0	0	0	0
2024-10-02 22:04:40	24.80408270677966	99.10031406779662	99.0000458	1	0	0	0	0
2024-10-02 22:04:50	24.807357142222223	98.97800000000001	99.0000458	1	0	0	0	0
2024-10-02 22:05:00	24.78743226231884	99.14413255072463	99.0000458	1	0	0	0	0
2024-10-02 22:05:10	24.81686288857143	99.01782285714286	99.0000458	1	0	0	0	0
2024-10-02 22:05:20	24.798933982258067	99.02420387096775	99.0000458	1	0	0	0	0
2024-10-02 22:05:30	24.74813006779661	99.28601508474576	99.0000458	1	0	0	0	0
2024-10-02 22:05:40	24.759533832000002	99.0080596	99.0000458	1	0	0	0	0
2024-10-02 22:05:50	24.7198480943662	99.39937845070422	99.0000458	1	0	0	0	0
2024-10-02 22:06:00	24.780884569999998	98.975812	99.0000458	1	0	0	0	0
2024-10-02 22:06:10	24.751482520987654	99.16451008518519	99.0000458	1	0	0	0	0
2024-10-02 22:06:20	24.710651775510204	99.46326374081632	99.0000458	1	0	0	0	0
2024-10-02 22:06:30	24.70026211392405	99.19167556962026	99.0000458	1	0	0	0	0
2024-10-02 22:06:40	24.738607440816327	99.09188551020408	99.0000458	1	0	0	0	0
2024-10-02 22:06:50	24.700577111111112	99.28716644444445	99.0000458	1	0	0	0	0
2024-10-02 22:07:00	24.7041176220339	99.20576779661016	99.0000458	1	0	0	0	0
2024-10-02 22:07:10	24.7023869125	99.12312565250001	99.0000458	1	0	0	0	0
2024-10-02 22:07:20	24.70381989	99.15712049999999	99.0000458	1	0	0	0	0
2024-10-02 22:07:30	24.72805577419355	98.96706595645162	99.0000458	1	0	0	0	0
2024-10-02 22:07:40	24.696638728	99.151876672	99.0000458	1	0	0	0	0
2024-10-02 22:07:50	24.70984139661017	99.18595508474577	99.0000458	1	0	0	0	0
2024-10-02 22:08:00	24.587742053086423	99.7676250617284	99.0000458	1	0	0	0	0
2024-10-02 22:08:10	24.689314659999997	99.136188	99.0000458	1	0	0	0	0
2024-10-02 22:08:20	24.69977602753623	99.0269095652174	99.0000458	1	0	0	0	0
2024-10-02 22:08:30	24.647004416666668	99.30046294871795	99.0000458	1	0	0	0	0
2024-10-02 22:08:40	24.625822045098037	99.27414490196078	99.0000458	1	0	0	0	0
2024-10-02 22:08:50	24.594197198734175	99.76197569620253	99.0000458	1	0	0	0	0
2024-10-02 22:09:00	24.666923369565218	98.99367406086957	99.0000458	1	0	0	0	0
2024-10-02 22:09:10	24.65442168765432	99.06050536790123	99.0000458	1	0	0	0	0
2024-10-02 22:09:20	24.66022920126582	99.01805189873419	99.0000458	1	0	0	0	0
2024-10-02 22:09:30	24.61406024	99.042151	99.0000458	1	0	0	0	0
2024-10-02 22:09:40	24.60027024489796	99.38141209387756	99.0000458	1	0	0	0	0
2024-10-02 22:09:50	24.648054786666666	99.00645648	99.0000458	1	0	0	0	0
2024-10-02 22:10:00	24.61842004	98.973996	99.0000458	1	0	0	0	0
2024-10-02 22:10:10	24.61405392	99.1474935	99.0000458	1	0	0	0	0
2024-10-02 22:10:20	24.613772934285713	99.10880478857143	99.0000458	1	0	0	0	0
2024-10-02 22:10:30	24.62084292405063	99.04641607341772	99.0000458	1	0	0	0	0
2024-10-02 22:10:40	24.614814431372547	99.18143901568627	99.0000458	1	0	0	0	0
2024-10-02 22:10:50	24.592580782608696	99.35134543478262	99.0000458	1	0	0	0	0
2024-10-02 22:11:00	24.602164529411766	99.16365117647058	99.0000458	1	0	0	0	0
2024-10-02 22:11:10	24.612511345121952	99.13754668658537	99.0000458	1	0	0	0	0
2024-10-02 22:11:20	24.57761528474576	99.14183697966101	99.0000458	1	0	0	0	0
2024-10-02 22:11:30	24.53274042	99.41431025	99.0000458	1	0	0	0	0
2024-10-02 22:11:40	24.537763763829787	99.58100987234043	99.0000458	1	0	0	0	0
2024-10-02 22:11:50	24.572985579310345	99.07385931034483	99.0000458	1	0	0	0	0
2024-10-02 22:12:00	24.57361302881356	99.19979762711864	99.0000458	1	0	0	0	0
2024-10-02 22:12:10	24.58108943493976	98.96347616024097	99.0000458	1	0	0	0	0
2024-10-02 22:12:20	24.578406357352943	98.97299138970588	99.0000458	1	0	0	0	0
2024-10-02 22:12:30	24.514865188405796	99.34605379855073	99.0000458	1	0	0	0	0
2024-10-02 22:12:40	24.548896868	99.0925486	99.0000458	1	0	0	0	0
2024-10-02 22:12:50	24.53654621	99.16705971428571	99.0000458	1	0	0	0	0
2024-10-02 22:13:00	24.522970048	99.230237	99.0000458	1	0	0	0	0
2024-10-02 22:13:10	24.5478537	98.96927408	99.0000458	1	0	0	0	0
2024-10-02 22:13:20	24.48365423661972	99.4034485915493	99.0000458	1	0	0	0	0
2024-10-02 22:13:30	24.463106533333335	99.379774	99.0000458	1	0	0	0	0
2024-10-02 22:13:40	24.4692602122449	99.1985563265306	99.0000458	1	0	0	0	0
2024-10-02 22:13:50	24.4891585475	99.186485835	99.0000458	1	0	0	0	0
2024-10-02 22:14:00	24.49805667142857	99.01272428571428	99.0000458	1	0	0	0	0
2024-10-02 22:14:10	24.52418698039216	98.93798254901961	99.0000458	1	0	0	0	0
2024-10-02 22:14:20	24.50857751	99.04481949999999	99.0000458	1	0	0	0	0
2024-10-02 22:14:30	24.498537982716048	99.0953425925926	99.0000458	1	0	0	0	0
2024-10-02 22:14:40	24.479513014285715	99.19111514285714	99.0000458	1	0	0	0	0
2024-10-02 22:14:50	24.48657208695652	99.10514086956522	99.0000458	1	0	0	0	0
2024-10-02 22:15:00	24.537399516666667	98.72991937500001	99.0000458	1	0	0	0	0
2024-10-02 22:15:10	24.452747651428574	99.13724970999999	99.0000458	1	0	0	0	0
2024-10-02 22:15:20	24.465306720588234	99.13777367647059	99.0000458	1	0	0	0	0
2024-10-02 22:15:30	24.503991031081082	98.89038621621623	99.0000458	1	0	0	0	0
2024-10-02 22:15:40	24.446797813333333	99.18804533333333	99.0000458	1	0	0	0	0
2024-10-02 22:15:50	24.494151707142855	98.91059757142858	99.0000458	1	0	0	0	0
2024-10-02 22:16:00	24.4168732372549	99.38131254901961	99.0000458	1	0	0	0	0
2024-10-02 22:16:10	24.445335437142855	99.06069657142856	99.0000458	1	0	0	0	0
2024-10-02 22:16:20	24.474366094285713	98.95840399999999	99.0000458	1	0	0	0	0
2024-10-02 22:16:30	24.480746185	99.04608575	99.0000458	1	0	0	0	0
2024-10-02 22:16:40	24.464917128985505	98.89156521739132	99.0000458	1	0	0	0	0
2024-10-02 22:16:50	24.426252477777776	99.23594212962963	99.0000458	1	0	0	0	0
2024-10-02 22:17:00	24.470996171186442	99.27450864237288	99.0000458	1	0	0	0	0
2024-10-02 22:17:10	24.437418105084745	99.16833237288137	99.0000458	1	0	0	0	0
2024-10-02 22:17:20	24.410122410169492	99.36477389830509	99.0000458	1	0	0	0	0
2024-10-02 22:17:30	24.39686224	99.38380525	99.0000458	1	0	0	0	0
2024-10-02 22:17:40	24.4379905826087	99.01596304347825	99.0000458	1	0	0	0	0
2024-10-02 22:17:50	24.38670118	99.37389205	99.0000458	1	0	0	0	0
2024-10-02 22:18:00	24.392889533333335	99.19731666666667	99.0000458	1	0	0	0	0
2024-10-02 22:18:10	24.486658060563382	98.88461929577464	99.0000458	1	0	0	0	0
2024-10-02 22:18:20	24.41800808115942	99.14990828115941	99.0000458	1	0	0	0	0
2024-10-02 22:18:30	24.369754483516484	99.31105505494506	99.0000458	1	0	0	0	0
2024-10-02 22:18:40	24.403358	98.953608	99.0000458	1	0	0	0	0
2024-10-02 22:18:50	24.43308692173913	98.8791904173913	99.0000458	1	0	0	0	0
2024-10-02 22:19:00	24.38523168870968	99.18100294193549	99.0000458	1	0	0	0	0
2024-10-02 22:19:10	24.40464990857143	99.1862712257143	99.0000458	1	0	0	0	0
2024-10-02 22:19:20	24.42591820327869	98.78297295081967	99.0000458	1	0	0	0	0
2024-10-02 22:19:30	24.411012815189874	98.98725430379747	99.0000458	1	0	0	0	0
2024-10-02 22:19:40	24.426725519999998	99.16265274999999	99.0000458	1	0	0	0	0
2024-10-02 22:19:50	24.405859125	99.170146	99.0000458	1	0	0	0	0
2024-10-02 22:20:00	24.326360433333335	99.54341933333333	99.0000458	1	0	0	0	0
2024-10-02 22:20:10	24.34896689	99.326690355	99.0000458	1	0	0	0	0
2024-10-02 22:20:20	24.368211575510205	99.07664430408164	99.0000458	1	0	0	0	0
2024-10-02 22:20:30	24.449253642857144	98.62539872285714	99.0000458	1	0	0	0	0
2024-10-02 22:20:40	24.383369452173913	99.06063782608696	99.0000458	1	0	0	0	0
2024-10-02 22:20:50	24.384987774444443	99.09003533333333	99.0000458	1	0	0	0	0
2024-10-02 22:21:00	24.334351142857145	99.27571877551021	99.0000458	1	0	0	0	0
2024-10-02 22:21:10	24.36811157837838	99.0837947527027	99.0000458	1	0	0	0	0
2024-10-02 22:21:20	24.39308625081967	98.9087406557377	99.0000458	1	0	0	0	0
2024-10-02 22:21:30	24.361974713235295	99.10654823529411	99.0000458	1	0	0	0	0
2024-10-02 22:21:40	24.383238788	98.963706864	99.0000458	1	0	0	0	0
2024-10-02 22:21:50	24.39279466962025	98.88887076962024	99.0000458	1	0	0	0	0
2024-10-02 22:22:00	24.352425551020406	99.1114318367347	99.0000458	1	0	0	0	0
2024-10-02 22:22:10	24.31382917142857	99.26240285714286	99.0000458	1	0	0	0	0
2024-10-02 22:22:20	24.43373179322034	98.84117525423729	99.0000458	1	0	0	0	0
2024-10-02 22:22:30	24.323259472500002	99.10482142875	99.0000458	1	0	0	0	0
2024-10-02 22:22:40	24.292643546478875	99.38490913098592	99.0000458	1	0	0	0	0
2024-10-02 22:22:50	24.311310945	99.297011585	99.0000458	1	0	0	0	0
2024-10-02 22:23:00	24.371126384	98.905529	99.0000458	1	0	0	0	0
2024-10-02 22:23:10	24.39420408	98.86488175	99.0000458	1	0	0	0	0
2024-10-02 22:23:20	24.349030865217394	99.13662	99.0000458	1	0	0	0	0
2024-10-02 22:23:30	24.341356040816326	99.13022040816327	99.0000458	1	0	0	0	0
2024-10-02 22:23:40	24.347933116393442	99.11477754098361	99.0000458	1	0	0	0	0
2024-10-02 22:23:50	24.32977592857143	98.96328142857143	99.0000458	1	0	0	0	0
2024-10-02 22:24:00	24.37223131911765	98.688405	99.0000458	1	0	0	0	0
2024-10-02 22:24:10	24.387310095714287	98.86485609285714	99.0000458	1	0	0	0	0
2024-10-02 22:24:20	24.370814705882353	99.12192977647058	99.0000458	1	0	0	0	0
2024-10-02 22:24:30	24.34374350285714	99.07231142857142	99.0000458	1	0	0	0	0
2024-10-02 22:24:40	24.34282814347826	99.2218852173913	99.0000458	1	0	0	0	0
2024-10-02 22:24:50	24.33633961392405	99.09106025316456	99.0000458	1	0	0	0	0
2024-10-02 22:25:00	24.342864648571428	99.11489828571429	99.0000458	1	0	0	0	0
2024-10-02 22:25:10	24.359749379012346	98.89436506172841	99.0000458	1	0	0	0	0
2024-10-02 22:25:20	24.272222785714288	99.36049428571428	99.0000458	1	0	0	0	0
2024-10-02 22:25:30	24.24897702	99.435119	99.0000458	1	0	0	0	0
2024-10-02 22:25:40	24.308661863793102	99.13645517241379	99.0000458	1	0	0	0	0
2024-10-02 22:25:50	24.291264615384616	99.14643538461539	99.0000458	1	0	0	0	0
2024-10-02 22:26:00	24.287336185185186	99.09980703703704	99.0000458	1	0	0	0	0
2024-10-02 22:26:10	24.253628130434784	99.32341434782609	99.0000458	1	0	0	0	0
2024-10-02 22:26:20	24.30223351	99.06270036	99.0000458	1	0	0	0	0
2024-10-02 22:26:30	24.277678535211265	99.12752070422535	99.0000458	1	0	0	0	0
2024-10-02 22:26:40	24.280229483333333	99.08292466666667	99.0000458	1	0	0	0	0
2024-10-02 22:26:50	24.25287631690141	99.20694832535212	99.0000458	1	0	0	0	0
2024-10-02 22:27:00	24.30263308	98.86879188	99.0000458	1	0	0	0	0
2024-10-02 22:27:10	24.266015829213483	99.39715269662922	99.0000458	1	0	0	0	0
2024-10-02 22:27:20	24.26811308627451	99.11984333333334	99.0000458	1	0	0	0	0
2024-10-02 22:27:30	24.295222414285714	99.03141977142857	99.0000458	1	0	0	0	0
2024-10-02 22:27:40	24.26515185106383	99.08904276595744	99.0000458	1	0	0	0	0
2024-10-02 22:27:50	24.281216058426967	99.01330033707865	99.0000458	1	0	0	0	0
2024-10-02 22:28:00	24.25794811372549	99.13106666666667	99.0000458	1	0	0	0	0
2024-10-02 22:28:10	24.23547314494382	99.22918864494382	99.0000458	1	0	0	0	0
2024-10-02 22:28:20	24.262697909433964	99.03054094339623	99.0000458	1	0	0	0	0
2024-10-02 22:28:30	24.26366994	99.099548	99.0000458	1	0	0	0	0
2024-10-02 22:28:40	24.252974360655738	99.12071036721312	99.0000458	1	0	0	0	0
2024-10-02 22:28:50	24.268925415	98.955967515	99.0000458	1	0	0	0	0
2024-10-02 22:29:00	24.268366904225353	99.04776971830987	99.0000458	1	0	0	0	0
2024-10-02 22:29:10	24.25698232658228	99.027604521519	99.0000458	1	0	0	0	0
2024-10-02 22:29:20	24.251371894285715	99.03124145142857	99.0000458	1	0	0	0	0
2024-10-02 22:29:30	24.230461128	98.9120208	99.0000458	1	0	0	0	0
2024-10-02 22:29:40	24.25550437857143	98.8682457142857	99.0000458	1	0	0	0	0
2024-10-02 22:29:50	24.2332971942029	99.07430347826087	99.0000458	1	0	0	0	0
2024-10-02 22:30:00	24.26928784142857	98.91326214285714	99.0000458	1	0	0	0	0
2024-10-02 22:30:10	24.269876525274725	98.88120813186814	99.0000458	1	0	0	0	0
2024-10-02 22:30:20	24.243602913235293	99.15493691176471	99.0000458	1	0	0	0	0
2024-10-02 22:30:30	24.235975795	99.09853983333333	99.0000458	1	0	0	0	0
2024-10-02 22:30:40	24.20056572	99.254761186	99.0000458	1	0	0	0	0
2024-10-02 22:30:50	24.23428528051948	98.9784548051948	99.0000458	1	0	0	0	0
2024-10-02 22:31:00	24.226152163934426	99.07157311475409	99.0000458	1	0	0	0	0
2024-10-02 22:31:10	24.24352845	99.05587261219513	99.0000458	1	0	0	0	0
2024-10-02 22:31:20	24.154822492405064	99.48677111898735	99.0000458	1	0	0	0	0
2024-10-02 22:31:30	24.23271159	98.95589220000001	99.0000458	1	0	0	0	0
2024-10-02 22:31:40	24.148280160000002	99.3820932	99.0000458	1	0	0	0	0
2024-10-02 22:31:50	24.203972373333333	99.33913215333334	99.0000458	1	0	0	0	0
2024-10-02 22:32:00	24.210203422033896	99.00286403898305	99.0000458	1	0	0	0	0
2024-10-02 22:32:10	24.210550819178085	99.0167090410959	99.0000458	1	0	0	0	0
2024-10-02 22:32:20	24.198868481967214	99.09682032786885	99.0000458	1	0	0	0	0
2024-10-02 22:32:30	24.201816795652174	99.0700404347826	99.0000458	1	0	0	0	0
2024-10-02 22:32:40	24.245603789830508	98.78827389830508	99.0000458	1	0	0	0	0
2024-10-02 22:32:50	24.233576848571428	99.06729142857142	99.0000458	1	0	0	0	0
2024-10-02 22:33:00	24.1906528	99.1732	99.0000458	1	0	0	0	0
2024-10-02 22:33:10	24.21283317857143	99.00419871428572	99.0000458	1	0	0	0	0
2024-10-02 22:33:20	24.20890901142857	99.0424884742857	99.0000458	1	0	0	0	0
2024-10-02 22:33:30	24.204176880000002	99.05190816	99.0000458	1	0	0	0	0
2024-10-02 22:33:40	24.21062789787234	98.95918127659574	99.0000458	1	0	0	0	0
2024-10-02 22:33:50	24.228357405263157	98.92085335789474	99.0000458	1	0	0	0	0
2024-10-02 22:34:00	24.192597836363635	98.71474447272728	99.0000458	1	0	0	0	0
2024-10-02 22:34:10	24.205469	99.0427933	99.0000458	1	0	0	0	0
2024-10-02 22:34:20	24.251656349180326	98.74260885245901	99.0000458	1	0	0	0	0
2024-10-02 22:34:30	24.187158798734178	99.14570257974684	99.0000458	1	0	0	0	0
2024-10-02 22:34:40	24.181681521126762	99.17587945352112	99.0000458	1	0	0	0	0
2024-10-02 22:34:50	24.215165351898733	98.94478253164557	99.0000458	1	0	0	0	0
2024-10-02 22:35:00	24.212096195238097	98.94746095238095	99.0000458	1	0	0	0	0
2024-10-02 22:35:10	24.092520073493976	99.12361638554218	99.0000458	1	0	0	0	0
2024-10-02 22:35:20	24.128378348051946	99.42894181818183	99.0000458	1	0	0	0	0
2024-10-02 22:35:30	24.23601933	98.73035300000001	99.0000458	1	0	0	0	0
2024-10-02 22:35:40	24.241907744262296	98.69731655737705	99.0000458	1	0	0	0	0
2024-10-02 22:35:50	24.139280108450702	99.37773392253521	99.0000458	1	0	0	0	0
2024-10-02 22:36:00	24.192372442857142	99.16464778571428	99.0000458	1	0	0	0	0
2024-10-02 22:36:10	24.182579637681158	99.0722757768116	99.0000458	1	0	0	0	0
2024-10-02 22:36:20	24.17359795333333	99.02805084333333	99.0000458	1	0	0	0	0
2024-10-02 22:36:30	24.1513341575	99.16047225	99.0000458	1	0	0	0	0
2024-10-02 22:36:40	24.16196224719101	98.91306662921349	99.0000458	1	0	0	0	0
2024-10-02 22:36:50	24.17730345714286	98.88833211428572	99.0000458	1	0	0	0	0
2024-10-02 22:37:00	24.228720579591837	98.76973705102041	99.0000458	1	0	0	0	0
2024-10-02 22:37:10	24.219064911392405	98.88284671012659	99.0000458	1	0	0	0	0
2024-10-02 22:37:20	24.203922666101697	98.93327863898305	99.0000458	1	0	0	0	0
2024-10-02 22:37:30	24.185484164788733	99.07660044084507	99.0000458	1	0	0	0	0
2024-10-02 22:37:40	24.156223776119404	99.20940179104477	99.0000458	1	0	0	0	0
2024-10-02 22:37:50	24.154513395000002	99.21423	99.0000458	1	0	0	0	0
2024-10-02 22:38:00	24.24563754489796	98.60503571428572	99.0000458	1	0	0	0	0
2024-10-02 22:38:10	24.16987145409836	99.03599675409836	99.0000458	1	0	0	0	0
2024-10-02 22:38:20	24.206953497435897	98.89140194487179	99.0000458	1	0	0	0	0
2024-10-02 22:38:30	24.218926043956046	98.81364805054946	99.0000458	1	0	0	0	0
2024-10-02 22:38:40	24.184162133333334	99.04742	99.0000458	1	0	0	0	0
2024-10-02 22:38:50	24.171246704347826	99.13995217391304	99.0000458	1	0	0	0	0
2024-10-02 22:39:00	24.170216447058824	98.85432320980392	99.0000458	1	0	0	0	0
2024-10-02 22:39:10	24.188564723749998	99.007464625	99.0000458	1	0	0	0	0
2024-10-02 22:39:20	24.15207486	99.02224952	99.0000458	1	0	0	0	0
2024-10-02 22:39:30	24.176252925	99.1303825	99.0000458	1	0	0	0	0
2024-10-02 22:39:40	24.155102928	99.15917200000001	99.0000458	1	0	0	0	0
2024-10-02 22:39:50	24.190165822222223	98.92066666666668	99.0000458	1	0	0	0	0
2024-10-02 22:40:00	24.150744844000002	99.1466408	99.0000458	1	0	0	0	0
2024-10-02 22:40:10	24.178711796296298	98.95998533333332	99.0000458	1	0	0	0	0
2024-10-02 22:40:20	24.20842707	98.800412	99.0000458	1	0	0	0	0
2024-10-02 22:40:30	24.168406741573033	99.13505483146066	99.0000458	1	0	0	0	0
2024-10-02 22:40:40	24.199848033333332	98.89591666666666	99.0000458	1	0	0	0	0
2024-10-02 22:40:50	24.16512446521739	99.05290130434783	99.0000458	1	0	0	0	0
2024-10-02 22:41:00	24.137190970491805	99.20997672131148	99.0000458	1	0	0	0	0
2024-10-02 22:41:10	24.137206067532468	99.2220358948052	99.0000458	1	0	0	0	0
2024-10-02 22:41:20	24.165529623728812	98.9713181661017	99.0000458	1	0	0	0	0
2024-10-02 22:41:30	24.161426524285712	98.91440599	99.0000458	1	0	0	0	0
2024-10-02 22:41:40	24.14530404225352	99.01583996619718	99.0000458	1	0	0	0	0
2024-10-02 22:41:50	24.17501717977528	98.93637753820225	99.0000458	1	0	0	0	0
2024-10-02 22:42:00	24.19113651	98.92401106	99.0000458	1	0	0	0	0
2024-10-02 22:42:10	24.20360676	98.75851549999999	99.0000458	1	0	0	0	0
2024-10-02 22:42:20	24.14633687857143	99.03731714285715	99.0000458	1	0	0	0	0
2024-10-02 22:42:30	24.119473422988506	99.36379010344828	99.0000458	1	0	0	0	0
2024-10-02 22:42:40	24.143200416666666	99.12995634583334	99.0000458	1	0	0	0	0
2024-10-02 22:42:50	24.126318556790125	99.1383637037037	99.0000458	1	0	0	0	0
2024-10-02 22:43:00	24.109885804	99.14727119999999	99.0000458	1	0	0	0	0
2024-10-02 22:43:10	24.16848154074074	98.94999711111112	99.0000458	1	0	0	0	0
2024-10-02 22:43:20	24.15343398550725	98.97207665797102	99.0000458	1	0	0	0	0
2024-10-02 22:43:30	24.124568	99.028568645	99.0000458	1	0	0	0	0
2024-10-02 22:43:40	24.1153850125	99.06200575000001	99.0000458	1	0	0	0	0
2024-10-02 22:43:50	24.1293284325	98.98501800000001	99.0000458	1	0	0	0	0
2024-10-02 22:44:00	24.173569375609755	99.04394341463414	99.0000458	1	0	0	0	0
2024-10-02 22:44:10	24.202104871794873	98.63178447692307	99.0000458	1	0	0	0	0
2024-10-02 22:44:20	24.156495404761905	98.95711142857144	99.0000458	1	0	0	0	0
2024-10-02 22:44:30	24.115580493506492	99.1306609090909	99.0000458	1	0	0	0	0
2024-10-02 22:44:40	24.155583501234567	98.92600360987655	99.0000458	1	0	0	0	0
2024-10-02 22:44:50	24.131172499999998	99.039282	99.0000458	1	0	0	0	0
2024-10-02 22:45:00	24.15500704	98.887928	99.0000458	1	0	0	0	0
2024-10-02 22:45:10	24.194018321518985	98.63572367088608	99.0000458	1	0	0	0	0
2024-10-02 22:45:20	24.178563542857145	98.78045571428572	99.0000458	1	0	0	0	0
2024-10-02 22:45:30	24.160393523809525	98.9125530952381	99.0000458	1	0	0	0	0
2024-10-02 22:45:40	24.115718148	99.4445316	99.0000458	1	0	0	0	0
2024-10-02 22:45:50	24.11212806875	99.12714922625	99.0000458	1	0	0	0	0
2024-10-02 22:46:00	24.16160570491803	98.86993778524591	99.0000458	1	0	0	0	0
2024-10-02 22:46:10	24.112885976543208	99.17631333333334	99.0000458	1	0	0	0	0
2024-10-02 22:46:20	24.140545836	99.01623199999999	99.0000458	1	0	0	0	0
2024-10-02 22:46:30	24.13162831304348	99.0555956521739	99.0000458	1	0	0	0	0
2024-10-02 22:46:40	24.09289532352941	99.26836024117648	99.0000458	1	0	0	0	0
2024-10-02 22:46:50	24.147330462962962	98.92772376296296	99.0000458	1	0	0	0	0
2024-10-02 22:47:00	24.159725934285714	98.87420285714285	99.0000458	1	0	0	0	0
2024-10-02 22:47:10	24.151712475	98.93109425	99.0000458	1	0	0	0	0
2024-10-02 22:47:20	24.177237044	98.679196956	99.0000458	1	0	0	0	0
2024-10-02 22:47:30	24.13652725714286	99.08384142857143	99.0000458	1	0	0	0	0
2024-10-02 22:47:40	24.1157826875	99.1590584625	99.0000458	1	0	0	0	0
2024-10-02 22:47:50	24.149421362222224	98.92222311111111	99.0000458	1	0	0	0	0
2024-10-02 22:48:00	24.102458561797754	98.95576516853932	99.0000458	1	0	0	0	0
2024-10-02 22:48:10	24.11949331690141	98.86284819154929	99.0000458	1	0	0	0	0
2024-10-02 22:48:20	24.13216264	98.966173392	99.0000458	1	0	0	0	0
2024-10-02 22:48:30	24.137131945	98.94753487	99.0000458	1	0	0	0	0
2024-10-02 22:48:40	24.147282544067796	98.92794350169491	99.0000458	1	0	0	0	0
2024-10-02 22:48:50	24.182443734444444	98.79775977777778	99.0000458	1	0	0	0	0
2024-10-02 22:49:00	24.15139439	98.89940299999999	99.0000458	1	0	0	0	0
2024-10-02 22:49:10	24.15686834	98.930216	99.0000458	1	0	0	0	0
2024-10-02 22:49:20	24.131144810000002	99.03880721	99.0000458	1	0	0	0	0
2024-10-02 22:49:30	24.117207640983608	99.11230369836066	99.0000458	1	0	0	0	0
2024-10-02 22:49:40	24.141195107999998	99.007640056	99.0000458	1	0	0	0	0
2024-10-02 22:49:50	24.172738097468354	98.76130253164557	99.0000458	1	0	0	0	0
2024-10-02 22:50:00	24.141461451612905	98.98200217580646	99.0000458	1	0	0	0	0
2024-10-02 22:50:10	24.188367496153848	98.67095701410256	99.0000458	1	0	0	0	0
2024-10-02 22:50:20	24.130265312	98.95363848000001	99.0000458	1	0	0	0	0
2024-10-02 22:50:30	24.15327076338028	99.01278126760563	99.0000458	1	0	0	0	0
2024-10-02 22:50:40	24.092715985	99.2729245	99.0000458	1	0	0	0	0
2024-10-02 22:50:50	24.15192479259259	99.11334664074074	99.0000458	1	0	0	0	0
2024-10-02 22:51:00	24.123659514285716	99.04351774857143	99.0000458	1	0	0	0	0
2024-10-02 22:51:10	24.071894330434784	99.02211813913043	99.0000458	1	0	0	0	0
2024-10-02 22:51:20	24.114654437735847	99.1390799245283	99.0000458	1	0	0	0	0
2024-10-02 22:51:30	24.11879027755102	99.02240001428572	99.0000458	1	0	0	0	0
2024-10-02 22:51:40	24.090856140816328	99.18677038979591	99.0000458	1	0	0	0	0
2024-10-02 22:51:50	24.143659574683543	98.84217300253164	99.0000458	1	0	0	0	0
2024-10-02 22:52:00	24.13116210327869	98.91201404590164	99.0000458	1	0	0	0	0
2024-10-02 22:52:10	24.11846344	98.9660296	99.0000458	1	0	0	0	0
2024-10-02 22:52:20	24.104453426666666	99.0007132	99.0000458	1	0	0	0	0
2024-10-02 22:52:30	24.08122486956522	99.20913	99.0000458	1	0	0	0	0
2024-10-02 22:52:40	24.119030318333333	98.93646454499999	99.0000458	1	0	0	0	0
2024-10-02 22:52:50	24.10188159	99.036491	99.0000458	1	0	0	0	0
2024-10-02 22:53:00	24.09784969142857	99.08855342857143	99.0000458	1	0	0	0	0
2024-10-02 22:53:10	24.10098934328358	99.07733597014925	99.0000458	1	0	0	0	0
2024-10-02 22:53:20	24.101714088732397	99.05218225352112	99.0000458	1	0	0	0	0
2024-10-02 22:53:30	24.066507936	99.1492248	99.0000458	1	0	0	0	0
2024-10-02 22:53:40	24.055106000000002	99.1163725	99.0000458	1	0	0	0	0
2024-10-02 22:53:50	24.08841068196721	99.03581049180328	99.0000458	1	0	0	0	0
2024-10-02 22:54:00	24.058175342857144	99.22920955142857	99.0000458	1	0	0	0	0
2024-10-02 22:54:10	24.0549235925	99.214221765	99.0000458	1	0	0	0	0
2024-10-02 22:54:20	24.106681849152544	98.8942338677966	99.0000458	1	0	0	0	0
2024-10-02 22:54:30	24.112387194285713	98.94695714285714	99.0000458	1	0	0	0	0
2024-10-02 22:54:40	24.157993223728813	98.94139830508475	99.0000458	1	0	0	0	0
2024-10-02 22:54:50	24.112492136065573	99.16786518360655	99.0000458	1	0	0	0	0
2024-10-02 22:55:00	24.071255834426232	99.17361681967213	99.0000458	1	0	0	0	0
2024-10-02 22:55:10	24.094942526666667	99.07425654222222	99.0000458	1	0	0	0	0
2024-10-02 22:55:20	24.09099256	99.05511057142857	99.0000458	1	0	0	0	0
2024-10-02 22:55:30	24.075993146666665	99.070442	99.0000458	1	0	0	0	0
2024-10-02 22:55:40	24.091537297959185	99.08415474693878	99.0000458	1	0	0	0	0
2024-10-02 22:55:50	24.082063413333334	99.15670066666667	99.0000458	1	0	0	0	0
2024-10-02 22:56:00	24.066447548	99.134896	99.0000458	1	0	0	0	0
2024-10-02 22:56:10	24.131211611250002	98.724603	99.0000458	1	0	0	0	0
2024-10-02 22:56:20	24.083366765714285	99.06851714285715	99.0000458	1	0	0	0	0
2024-10-02 22:56:30	24.118901585	98.9034617175	99.0000458	1	0	0	0	0
2024-10-02 22:56:40	24.019692475510205	99.42740448979592	99.0000458	1	0	0	0	0
2024-10-02 22:56:50	24.053125825714286	99.16537571428572	99.0000458	1	0	0	0	0
2024-10-02 22:57:00	24.073957460000003	99.002622	99.0000458	1	0	0	0	0
2024-10-02 22:57:10	24.080024502564104	99.00370602564102	99.0000458	1	0	0	0	0
2024-10-02 22:57:20	24.082109244444446	98.90709777777778	99.0000458	1	0	0	0	0
2024-10-02 22:57:30	24.034985136734697	99.30386224489796	99.0000458	1	0	0	0	0
2024-10-02 22:57:40	24.06285362857143	99.10185122448979	99.0000458	1	0	0	0	0
2024-10-02 22:57:50	24.072902898550723	99.03124913043479	99.0000458	1	0	0	0	0
2024-10-02 22:58:00	24.071068085714288	99.14235571428571	99.0000458	1	0	0	0	0
2024-10-02 22:58:10	24.062210167605635	99.07316309859155	99.0000458	1	0	0	0	0
2024-10-02 22:58:20	24.083333806557377	99.30169836065573	99.0000458	1	0	0	0	0
2024-10-02 22:58:30	24.0438368975	99.1130807425	99.0000458	1	0	0	0	0
2024-10-02 22:58:40	24.035830036585367	99.18319041463415	99.0000458	1	0	0	0	0
2024-10-02 22:58:50	24.08471553943662	98.92938056338028	99.0000458	1	0	0	0	0
2024-10-02 22:59:00	24.049674008163265	99.08584601836735	99.0000458	1	0	0	0	0
2024-10-02 22:59:10	24.015767511864407	99.26167700847458	99.0000458	1	0	0	0	0
2024-10-02 22:59:20	24.040058846666668	99.10317844444445	99.0000458	1	0	0	0	0
2024-10-02 22:59:30	24.04241914745763	99.07198203389831	99.0000458	1	0	0	0	0
2024-10-02 22:59:40	24.029710205084747	99.1955061016949	99.0000458	1	0	0	0	0
2024-10-02 22:59:50	24.048210036666667	99.01237531666666	99.0000458	1	0	0	0	0
2024-10-02 23:00:00	24.055341264	99.0398156	99.0000458	1	0	0	0	0
2024-10-02 23:00:10	24.0580805556962	98.96284303797468	99.0000458	1	0	0	0	0
2024-10-02 23:00:20	24.073492842857142	98.85560255714284	99.0000458	1	0	0	0	0
2024-10-02 23:00:30	24.0404671115942	99.11733289855073	99.0000458	1	0	0	0	0
2024-10-02 23:00:40	24.056397660000002	99.064286	99.0000458	1	0	0	0	0
2024-10-02 23:00:50	24.065241828571427	98.87594785714285	98.81433415142857	1	0	0	0	0
2024-10-02 23:01:00	24.029967937254902	99.01435411764706	98.00006	1	0	0	0	0
2024-10-02 23:01:10	23.94189604	99.257334	98.00006	1	0	0	0	0
2024-10-02 23:01:20	23.94313121971831	99.0805785915493	98.00006	1	0	0	0	0
2024-10-02 23:01:30	23.908037659999998	99.08035888	98.00006	1	0	0	0	0
2024-10-02 23:01:40	23.905626525714286	98.89172457142858	98.00006	1	0	0	0	0
2024-10-02 23:01:50	23.84864593898305	99.09164474576271	98.00006	1	0	0	0	0
2024-10-02 23:02:00	23.852826712000002	98.881705806	98.00006	1	0	0	0	0
2024-10-02 23:02:10	23.814822465714286	98.87865257142857	98.00006	1	0	0	0	0
2024-10-02 23:02:20	23.814135864285713	98.96557711428572	98.00006	1	0	0	0	0
2024-10-02 23:02:30	23.707646385185186	99.40735111111111	98.00006	1	0	0	0	0
2024-10-02 23:02:40	23.74684504	98.86076133333334	98.00006	1	0	0	0	0
2024-10-02 23:02:50	23.665647835	99.10814710000001	98.00006	1	0	0	0	0
2024-10-02 23:03:00	23.646829168	99.03174824	98.00006	1	0	0	0	0
2024-10-02 23:03:10	23.637774712857144	98.91598007	98.00006	1	0	0	0	0
2024-10-02 23:03:20	23.66867584	98.52166524	98.00006	1	0	0	0	0
2024-10-02 23:03:30	23.570860662857143	98.96513057142857	98.00006	1	0	0	0	0
2024-10-02 23:03:40	23.56891844347826	98.77728826086957	98.00006	1	0	0	0	0
2024-10-02 23:03:50	23.538516638028167	99.01000084507042	98.00006	1	0	0	0	0
2024-10-02 23:04:00	23.482559133333332	98.89846951764706	98.00006	1	0	0	0	0
2024-10-02 23:04:10	23.422066537142857	99.14908	98.00006	1	0	0	0	0
2024-10-02 23:04:20	23.36802354285714	99.1227022	98.00006	1	0	0	0	0
2024-10-02 23:04:30	23.3814878989011	99.02029426813186	98.00006	1	0	0	0	0
2024-10-02 23:04:40	23.33559684	99.160242	98.00006	1	0	0	0	0
2024-10-02 23:04:50	23.358969705617977	98.91478595505619	98.00006	1	0	0	0	0
2024-10-02 23:05:00	23.287258583050846	99.2264606779661	98.00006	1	0	0	0	0
2024-10-02 23:05:10	23.251559146268658	98.98404314776118	98.00006	1	0	0	0	0
2024-10-02 23:05:20	23.212270094915255	99.03481704576271	98.00006	1	0	0	0	0
2024-10-02 23:05:30	23.223143030434784	98.8929915942029	98.00006	1	0	0	0	0
2024-10-02 23:05:40	23.220628904347826	98.6439112347826	98.00006	1	0	0	0	0
2024-10-02 23:05:50	23.199095919999998	98.7569778775	98.00006	1	0	0	0	0
2024-10-02 23:06:00	23.149909936	98.7210492	98.00006	1	0	0	0	0
2024-10-02 23:06:10	23.242433956521737	98.15888229855074	98.00006	1	0	0	0	0
2024-10-02 23:06:20	23.11656118367347	98.75175268163265	98.00006	1	0	0	0	0
2024-10-02 23:06:30	23.032008813483145	99.19926157303371	98.00006	1	0	0	0	0
2024-10-02 23:06:40	23.0596568	99.1503738028169	98.00006	1	0	0	0	0
2024-10-02 23:06:50	23.05318862	98.703675085	98.00006	1	0	0	0	0
2024-10-02 23:07:00	23.022458836	98.765502204	98.00006	1	0	0	0	0
2024-10-02 23:07:10	23.037145073239436	98.53850253521126	98.00006	1	0	0	0	0
2024-10-02 23:07:20	23.051771873333333	98.30775833333334	98.00006	1	0	0	0	0
2024-10-02 23:07:30	22.991256099999998	98.56610586666666	98.00006	1	0	0	0	0
2024-10-02 23:07:40	22.979992293333332	98.58041333333333	98.00006	1	0	0	0	0
2024-10-02 23:07:50	22.995167469620252	98.35515848101265	98.00006	1	0	0	0	0
2024-10-02 23:08:00	23.095854664	97.937317744	98.00006	1	0	0	0	0
2024-10-02 23:08:10	23.095854664	97.937317744	98.00006	1	0	0	0	0
2024-10-02 23:08:20	23.060905972881358	97.98174158644068	98.00006	1	0	0	0	0
2024-10-02 23:08:30	23.106288864788734	97.53555253521127	98.00006	1	0	0	0	0
2024-10-02 23:08:40	23.106288864788734	97.53555253521127	98.00006	1	0	0	0	0
2024-10-02 23:08:50	23.142863655555555	97.76150288148148	98.00006	1	0	0	0	0
2024-10-02 23:09:00	23.11279377352941	97.83786156470589	98.00006	1	0	0	0	0
2024-10-02 23:09:10	23.06235710126582	98.17952681012659	98.00006	1	0	0	0	0
2024-10-02 23:09:20	23.121879756451612	97.80775138709677	98.00006	1	0	0	0	0
2024-10-02 23:09:30	23.12815892244898	97.9052281632653	98.00006	1	0	0	0	0
2024-10-02 23:09:40	23.1533432	97.70941	98.00006	1	0	0	0	0
2024-10-02 23:09:50	23.153939835000003	97.6117486	98.00006	1	0	0	0	0
2024-10-02 23:10:00	23.16599848382353	97.57915144705882	98.00006	1	0	0	0	0
2024-10-02 23:10:10	23.12455957037037	97.95089481481482	98.00006	1	0	0	0	0
2024-10-02 23:10:20	23.142624288	97.887445	98.00006	1	0	0	0	0
2024-10-02 23:10:30	23.142624288	97.887445	98.00006	1	0	0	0	0
2024-10-02 23:10:40	23.158285430508474	97.85693711864407	98.00006	1	0	0	0	0
2024-10-02 23:10:50	23.189735846153848	97.61599703296703	98.00006	1	0	0	0	0
2024-10-02 23:11:00	23.207127025714286	97.68601485714287	98.00006	1	0	0	0	0
2024-10-02 23:11:10	23.19473818607595	97.93111911392405	98.00006	1	0	0	0	0
2024-10-02 23:11:20	23.19473818607595	97.93111911392405	98.00006	1	0	0	0	0
2024-10-02 23:11:30	23.21968229677419	97.67450225806452	98.00006	1	0	0	0	0
2024-10-02 23:11:40	23.195858404	97.79732440000001	98.00006	1	0	0	0	0
2024-10-02 23:11:50	23.226966937974684	97.71136281012659	98.00006	1	0	0	0	0
2024-10-02 23:12:00	23.210596532258066	97.87055483870968	98.00006	1	0	0	0	0
2024-10-02 23:12:10	23.24132521285714	97.70880557142857	98.00006	1	0	0	0	0
2024-10-02 23:12:20	23.26909578039216	97.90352960784314	98.00006	1	0	0	0	0
2024-10-02 23:12:30	23.26133342	97.887892	98.00006	1	0	0	0	0
2024-10-02 23:12:40	23.255549752	97.908934614	98.00006	1	0	0	0	0
2024-10-02 23:12:50	23.209051693670887	97.98851321898735	98.00006	1	0	0	0	0
2024-10-02 23:13:00	23.26707775098039	97.7840537254902	98.00006	1	0	0	0	0
2024-10-02 23:13:10	23.204268992682927	98.00694865853659	98.00006	1	0	0	0	0
2024-10-02 23:13:20	23.253003389655174	97.92483637931035	98.00006	1	0	0	0	0
2024-10-02 23:13:30	23.31976525	97.62921318181819	98.00006	1	0	0	0	0
2024-10-02 23:13:40	23.294052674418605	97.90216372093023	98.00006	1	0	0	0	0
2024-10-02 23:13:50	23.280801702469137	97.89236192592593	98.00006	1	0	0	0	0
2024-10-02 23:14:00	23.299073650724637	97.74872246376812	98.00006	1	0	0	0	0
2024-10-02 23:14:10	23.32072992739726	97.68855041095891	98.00006	1	0	0	0	0
2024-10-02 23:14:20	23.33463488387097	97.75574712258064	98.00006	1	0	0	0	0
2024-10-02 23:14:30	23.33196790857143	97.778158	98.00006	1	0	0	0	0
2024-10-02 23:14:40	23.275793521568627	98.06921745098039	98.00006	1	0	0	0	0
2024-10-02 23:14:50	23.274080857142856	98.00152	98.00006	1	0	0	0	0
2024-10-02 23:15:00	23.32898415942029	97.71562579710145	98.00006	1	0	0	0	0
2024-10-02 23:15:10	23.366457965	97.58311527	98.00006	1	0	0	0	0
2024-10-02 23:15:20	23.32262278	97.925004	98.00006	1	0	0	0	0
2024-10-02 23:15:30	23.33697640677966	97.91595847457627	98.00006	1	0	0	0	0
2024-10-02 23:15:40	23.36236654042553	97.87538983829786	98.00006	1	0	0	0	0
2024-10-02 23:15:50	23.343938341428572	97.88828842857143	98.00006	1	0	0	0	0
2024-10-02 23:16:00	23.378544666666667	97.64345766666666	98.00006	1	0	0	0	0
2024-10-02 23:16:10	23.38309695054945	97.72281186813187	98.00006	1	0	0	0	0
2024-10-02 23:16:20	23.3992420375	97.74916937500001	98.00006	1	0	0	0	0
2024-10-02 23:16:30	23.395731144303795	97.71206822784809	98.00006	1	0	0	0	0
2024-10-02 23:16:40	23.411145862745098	97.4487443137255	98.00006	1	0	0	0	0
2024-10-02 23:16:50	23.353106872857143	98.07360314285715	98.00006	1	0	0	0	0
2024-10-02 23:17:00	23.41201801	97.821208	98.00006	1	0	0	0	0
2024-10-02 23:17:10	23.38868019111111	97.72470722222222	98.00006	1	0	0	0	0
2024-10-02 23:17:20	23.45220632	97.693076	98.00006	1	0	0	0	0
2024-10-02 23:17:30	23.457492022857142	97.50616514285714	98.00006	1	0	0	0	0
2024-10-02 23:17:40	23.423769648	97.745692	98.00006	1	0	0	0	0
2024-10-02 23:17:50	23.510342830508474	97.6727906779661	98.00006	1	0	0	0	0
2024-10-02 23:18:00	23.423280301960784	97.8862074509804	98.00006	1	0	0	0	0
2024-10-02 23:18:10	23.486743920000002	97.551934	98.00006	1	0	0	0	0
2024-10-02 23:18:20	23.46005742	97.789962	98.00006	1	0	0	0	0
2024-10-02 23:18:30	23.443959500000002	97.9445097752809	98.00006	1	0	0	0	0
2024-10-02 23:18:40	23.490401972	97.712596896	98.00006	1	0	0	0	0
2024-10-02 23:18:50	23.450479365714287	98.02348425142857	98.00006	1	0	0	0	0
2024-10-02 23:19:00	23.505893310169494	97.7172710440678	98.00006	1	0	0	0	0
2024-10-02 23:19:10	23.454913051898735	98.0018570886076	98.00006	1	0	0	0	0
2024-10-02 23:19:20	23.47209763142857	97.95040142857142	98.00006	1	0	0	0	0
2024-10-02 23:19:30	23.541526901639344	97.6218813114754	98.00006	1	0	0	0	0
2024-10-02 23:19:40	23.49210820638298	97.74495106382979	98.00006	1	0	0	0	0
2024-10-02 23:19:50	23.538209910447762	97.66304373134328	98.00006	1	0	0	0	0
2024-10-02 23:20:00	23.551638714285712	98.01002714285714	98.00006	1	0	0	0	0
2024-10-02 23:20:10	23.533110827142856	97.78589128571429	98.00006	1	0	0	0	0
2024-10-02 23:20:20	23.50018971830986	98.16776830985916	98.00006	1	0	0	0	0
2024-10-02 23:20:30	23.547610533333334	97.84438333333334	98.00006	1	0	0	0	0
2024-10-02 23:20:40	23.556333882608694	97.81668391304348	98.00006	1	0	0	0	0
2024-10-02 23:20:50	23.598636925925927	97.49741532592593	98.00006	1	0	0	0	0
2024-10-02 23:21:00	23.591675304761903	97.68326238095239	98.00006	1	0	0	0	0
2024-10-02 23:21:10	23.608184938461537	97.73067923076924	98.00006	1	0	0	0	0
2024-10-02 23:21:20	23.61048131830986	97.69798999999999	98.00006	1	0	0	0	0
2024-10-02 23:21:30	23.65942742	97.43672025000001	98.00006	1	0	0	0	0
2024-10-02 23:21:40	23.623949544	97.81371100000001	98.00006	1	0	0	0	0
2024-10-02 23:21:50	23.60032357142857	97.95013485428571	98.00006	1	0	0	0	0
2024-10-02 23:22:00	23.649258274509805	97.67368958431372	98.00006	1	0	0	0	0
2024-10-02 23:22:10	23.645779211594203	97.7587384057971	98.00006	1	0	0	0	0
2024-10-02 23:22:20	23.66647643902439	97.67327950853658	98.00006	1	0	0	0	0
2024-10-02 23:22:30	23.666853843037973	97.80883911392405	98.00006	1	0	0	0	0
2024-10-02 23:22:40	23.616238034782608	97.99198465217391	98.00006	1	0	0	0	0
2024-10-02 23:22:50	23.602386805714286	98.06878514285714	98.00006	1	0	0	0	0
2024-10-02 23:23:00	23.689073426666667	97.618352	98.00006	1	0	0	0	0
2024-10-02 23:23:10	23.68619792808989	97.62245449438201	98.00006	1	0	0	0	0
2024-10-02 23:23:20	23.72567861690141	97.55299014084507	98.00006	1	0	0	0	0
2024-10-02 23:23:30	23.689661540000003	97.8099768	98.00006	1	0	0	0	0
2024-10-02 23:23:40	23.735287666176472	97.75241615	98.00006	1	0	0	0	0
2024-10-02 23:23:50	23.710397558333334	97.76544708333333	98.00006	1	0	0	0	0
2024-10-02 23:24:00	23.7146374	97.800871452	98.00006	1	0	0	0	0
2024-10-02 23:24:10	23.712695806666666	97.84380682333332	98.00006	1	0	0	0	0
2024-10-02 23:24:20	23.75028956935484	97.65690000000001	98.00006	1	0	0	0	0
2024-10-02 23:24:30	23.729997175362318	97.8389631884058	98.00006	1	0	0	0	0
2024-10-02 23:24:40	23.774153746666666	97.70069166666667	98.00006	1	0	0	0	0
2024-10-02 23:24:50	23.738852911392403	97.56203443037975	98.00006	1	0	0	0	0
2024-10-02 23:25:00	23.783374615686274	97.50558153333333	98.00006	1	0	0	0	0
2024-10-02 23:25:10	23.748904077142857	97.92489390285715	98.00006	1	0	0	0	0
2024-10-02 23:25:20	23.791647036	97.6957452	98.00006	1	0	0	0	0
2024-10-02 23:25:30	23.812527108196722	97.61339091803279	98.00006	1	0	0	0	0
2024-10-02 23:25:40	23.796969632258065	97.57396935483871	98.00006	1	0	0	0	0
2024-10-02 23:25:50	23.816338126315788	97.71809210526317	98.00006	1	0	0	0	0
2024-10-02 23:26:00	23.827550288	97.83691759999999	98.00006	1	0	0	0	0
2024-10-02 23:26:10	23.787454880000002	97.9476126	98.00006	1	0	0	0	0
2024-10-02 23:26:20	23.819324304081633	97.72870608163265	98.00006	1	0	0	0	0
2024-10-02 23:26:30	23.835505203333334	97.67801066666667	98.00006	1	0	0	0	0
2024-10-02 23:26:40	23.869509253225804	97.50677919354838	98.00006	1	0	0	0	0
2024-10-02 23:26:50	23.848440273076925	97.64052923076923	98.00006	1	0	0	0	0
2024-10-02 23:27:00	23.886382361666666	97.5730455	98.00006	1	0	0	0	0
2024-10-02 23:27:10	23.893516988571427	97.55661281142858	98.00006	1	0	0	0	0
2024-10-02 23:27:20	23.881732944262296	97.70150859344263	98.00006	1	0	0	0	0
2024-10-02 23:27:30	23.900061457142858	97.69703511428571	98.00006	1	0	0	0	0
2024-10-02 23:27:40	23.9077288	97.575678	98.00006	1	0	0	0	0
2024-10-02 23:27:50	23.904033866666666	97.74440760493827	98.00006	1	0	0	0	0
2024-10-02 23:28:00	23.9337569483871	97.60583532258065	98.00006	1	0	0	0	0
2024-10-02 23:28:10	23.938845054054052	97.62614094594595	98.00006	1	0	0	0	0
2024-10-02 23:28:20	23.908185129411763	97.88627019411764	98.00006	1	0	0	0	0
2024-10-02 23:28:30	23.91059545	97.919746	98.00006	1	0	0	0	0
2024-10-02 23:28:40	23.91919226	97.88105133333333	98.00006	1	0	0	0	0
2024-10-02 23:28:50	24.006327111392405	97.36068734177215	98.00006	1	0	0	0	0
2024-10-02 23:29:00	23.995396279710146	97.38920637681159	98.00006	1	0	0	0	0
2024-10-02 23:29:10	23.98109169672131	97.66693213114755	98.00006	1	0	0	0	0
2024-10-02 23:29:20	24.047892888135593	97.35800694915254	98.00006	1	0	0	0	0
2024-10-02 23:29:30	23.985405646	97.771989856	98.00006	1	0	0	0	0
2024-10-02 23:29:40	23.969987142857143	97.9470037	98.00006	1	0	0	0	0
2024-10-02 23:29:50	24.02769222	97.63260958000001	98.00006	1	0	0	0	0
2024-10-02 23:30:00	24.013022600000003	97.69126800000001	98.00006	1	0	0	0	0
2024-10-02 23:30:10	24.017744790000002	97.71314749999999	98.00006	1	0	0	0	0
2024-10-02 23:30:20	24.067044255319146	97.53008659574468	98.00006	1	0	0	0	0
2024-10-02 23:30:30	24.006296785714284	97.97080682571428	98.00006	1	0	0	0	0
2024-10-02 23:30:40	24.02337424237288	97.91387220338983	98.00006	1	0	0	0	0
2024-10-02 23:30:50	24.015119000000002	98.05126788732395	98.00006	1	0	0	0	0
2024-10-02 23:31:00	24.05592974	97.84007299999999	98.00006	1	0	0	0	0
2024-10-02 23:31:10	24.078291580000002	97.70035658285714	98.00006	1	0	0	0	0
2024-10-02 23:31:20	24.071374116	97.8043068	98.00006	1	0	0	0	0
2024-10-02 23:31:30	24.088626408333333	97.69834083333333	98.00006	1	0	0	0	0
2024-10-02 23:31:40	24.0382683125	98.04631125	98.00006	1	0	0	0	0
2024-10-02 23:31:50	24.1066164556962	97.74318517848101	98.00006	1	0	0	0	0
2024-10-02 23:32:00	24.11534696229508	97.68769524590164	98.00006	1	0	0	0	0
2024-10-02 23:32:10	24.143644	97.59980636	98.00006	1	0	0	0	0
2024-10-02 23:32:20	24.11497079333333	97.65648678666666	98.00006	1	0	0	0	0
2024-10-02 23:32:30	24.11532338	98.00590964285713	98.00006	1	0	0	0	0
2024-10-02 23:32:40	24.16060283559322	97.60483978305085	98.00006	1	0	0	0	0
2024-10-02 23:32:50	24.210938155	97.358083355	98.00006	1	0	0	0	0
2024-10-02 23:33:00	24.163013954285717	97.71079795142857	98.00006	1	0	0	0	0
2024-10-02 23:33:10	24.158867677777778	97.81267711111111	98.00006	1	0	0	0	0
2024-10-02 23:33:20	24.185418869491524	97.71051681694915	98.00006	1	0	0	0	0
2024-10-02 23:33:30	24.180809650980393	97.4986721745098	98.00006	1	0	0	0	0
2024-10-02 23:33:40	24.190389914285714	97.72556972857143	98.00006	1	0	0	0	0
2024-10-02 23:33:50	24.212382535211265	97.66365992676057	98.00006	1	0	0	0	0
2024-10-02 23:34:00	24.17129252	97.96933112	98.00006	1	0	0	0	0
2024-10-02 23:34:10	24.214132711392406	97.71501286582279	98.00006	1	0	0	0	0
2024-10-02 23:34:20	24.224973649295777	97.83106956619719	98.00006	1	0	0	0	0
2024-10-02 23:34:30	24.252882549295773	97.7484715887324	98.00006	1	0	0	0	0
2024-10-02 23:34:40	24.2459726	97.6598892	98.00006	1	0	0	0	0
2024-10-02 23:34:50	24.1983393278481	97.81876023797469	98.00006	1	0	0	0	0
2024-10-02 23:35:00	24.199876346666667	98.02318468833333	98.00006	1	0	0	0	0
2024-10-02 23:35:10	24.2291859	97.67405481012659	98.00006	1	0	0	0	0
2024-10-02 23:35:20	24.22934025	97.90288429714285	98.00006	1	0	0	0	0
2024-10-02 23:35:30	24.264544761904762	97.69488714285714	98.00006	1	0	0	0	0
2024-10-02 23:35:40	24.24856467857143	97.82153319523809	98.00006	1	0	0	0	0
2024-10-02 23:35:50	24.297850122784812	97.63563392405064	98.00006	1	0	0	0	0
2024-10-02 23:36:00	24.318413323529413	97.50714294117647	98.00006	1	0	0	0	0
2024-10-02 23:36:10	24.346479775	97.447153	98.00006	1	0	0	0	0
2024-10-02 23:36:20	24.31223113898305	97.71550687288136	98.00006	1	0	0	0	0
2024-10-02 23:36:30	24.313500043037973	97.84578839873417	98.00006	1	0	0	0	0
2024-10-02 23:36:40	24.362877104	97.50524419999999	98.00006	1	0	0	0	0
2024-10-02 23:36:50	24.374382522950818	97.51363868852458	98.00006	1	0	0	0	0
2024-10-02 23:37:00	24.35642731864407	97.7868159322034	98.00006	1	0	0	0	0
2024-10-02 23:37:10	24.337215126923077	97.70294923076924	98.00006	1	0	0	0	0
2024-10-02 23:37:20	24.34036121967213	97.89114278688525	98.00006	1	0	0	0	0
2024-10-02 23:37:30	24.387833933333333	97.61440116666667	98.00006	1	0	0	0	0
2024-10-02 23:37:40	24.3796921	97.75642	98.00006	1	0	0	0	0
2024-10-02 23:37:50	24.41666345	97.50107235	98.00006	1	0	0	0	0
2024-10-02 23:38:00	24.363321413559323	97.9537965101695	98.00006	1	0	0	0	0
2024-10-02 23:38:10	24.40283425	97.7099250975	98.00006	1	0	0	0	0
2024-10-02 23:38:20	24.416076664197533	97.66474918024691	98.00006	1	0	0	0	0
2024-10-02 23:38:30	24.456413132857143	97.50215828571427	98.00006	1	0	0	0	0
2024-10-02 23:38:40	24.420492356179775	97.78531674157304	98.00006	1	0	0	0	0
2024-10-02 23:38:50	24.426292329508197	97.81108573770493	98.00006	1	0	0	0	0
2024-10-02 23:39:00	24.451142995999998	97.63526999999999	98.00006	1	0	0	0	0
2024-10-02 23:39:10	24.45658428	97.70149512285714	98.00006	1	0	0	0	0
2024-10-02 23:39:20	24.430696140243903	98.01794345121951	98.00006	1	0	0	0	0
2024-10-02 23:39:30	24.455089110294118	97.82640720588235	98.00006	1	0	0	0	0
2024-10-02 23:39:40	24.42537348	97.86143736	98.00006	1	0	0	0	0
2024-10-02 23:39:50	24.50609305	97.565362	98.00006	1	0	0	0	0
2024-10-02 23:40:00	24.518839095238093	97.4075519047619	98.00006	1	0	0	0	0
2024-10-02 23:40:10	24.576641553846155	97.25161336923077	98.00006	1	0	0	0	0
2024-10-02 23:40:20	24.57539471707317	97.45226707317073	98.00006	1	0	0	0	0
2024-10-02 23:40:30	24.55614624050633	97.54149734177216	98.00006	1	0	0	0	0
2024-10-02 23:40:40	24.552324551250003	97.64741125	98.00006	1	0	0	0	0
2024-10-02 23:40:50	24.610646721052632	97.54745013157894	98.00006	1	0	0	0	0
2024-10-02 23:41:00	24.529700466666668	97.94953555555556	98.00006	1	0	0	0	0
2024-10-02 23:41:10	24.59813683943662	97.50454549295775	98.00006	1	0	0	0	0
2024-10-02 23:41:20	24.569876186206898	97.88547189655172	98.00006	1	0	0	0	0
2024-10-02 23:41:30	24.61292895	97.618152	98.00006	1	0	0	0	0
2024-10-02 23:41:40	24.6078496	97.6519246	98.00006	1	0	0	0	0
2024-10-02 23:41:50	24.62620854782609	97.65114652173912	98.00006	1	0	0	0	0
2024-10-02 23:42:00	24.6216544	97.7605348	98.00006	1	0	0	0	0
2024-10-02 23:42:10	24.676235	97.242408	98.00006	1	0	0	0	0
2024-10-02 23:42:20	24.64976984814815	97.7567657728395	98.00006	1	0	0	0	0
2024-10-02 23:42:30	24.67226396516854	97.64433651685393	98.00006	1	0	0	0	0
2024-10-02 23:42:40	24.64375137	97.917745	98.00006	1	0	0	0	0
2024-10-02 23:42:50	24.684415292405063	97.82478980506329	98.00006	1	0	0	0	0
2024-10-02 23:43:00	24.66660136031746	97.8344245873016	98.00006	1	0	0	0	0
2024-10-02 23:43:10	24.659324594	97.84755360000001	98.00006	1	0	0	0	0
2024-10-02 23:43:20	24.67085830422535	97.82329408450704	98.00006	1	0	0	0	0
2024-10-02 23:43:30	24.722879994285716	97.6768972542857	98.00006	1	0	0	0	0
2024-10-02 23:43:40	24.721852062711864	97.67370434745763	98.00006	1	0	0	0	0
2024-10-02 23:43:50	24.730010566666667	97.6199215942029	98.00006	1	0	0	0	0
2024-10-02 23:44:00	24.776213003846152	97.61438307692308	98.00006	1	0	0	0	0
2024-10-02 23:44:10	24.720778795652173	97.85751043478261	98.00006	1	0	0	0	0
2024-10-02 23:44:20	24.730188288607597	97.83052494683545	98.00006	1	0	0	0	0
2024-10-02 23:44:30	24.84673861728395	97.16725917530864	98.00006	1	0	0	0	0
2024-10-02 23:44:40	24.801479425	97.57523833333333	98.00006	1	0	0	0	0
2024-10-02 23:44:50	24.803576356521738	97.62752884057971	98.00006	1	0	0	0	0
2024-10-02 23:45:00	24.809393228	97.667316524	98.00006	1	0	0	0	0
2024-10-02 23:45:10	24.79415052	97.800442	98.00006	1	0	0	0	0
2024-10-02 23:45:20	24.7892251	97.5135231915493	98.00006	1	0	0	0	0
2024-10-02 23:45:30	24.77674457125	98.010331025	98.00006	1	0	0	0	0
2024-10-02 23:45:40	24.845464237142856	97.50775300571429	98.00006	1	0	0	0	0
2024-10-02 23:45:50	24.8263178175	97.753286525	98.00006	1	0	0	0	0
2024-10-02 23:46:00	24.840043586666667	97.73202436000001	98.00006	1	0	0	0	0
2024-10-02 23:46:10	24.78615451625	98.104656625	98.00006	1	0	0	0	0
2024-10-02 23:46:20	24.869059175471698	97.57220339622641	98.00006	1	0	0	0	0
2024-10-02 23:46:30	24.881207311249998	97.629400125	98.00006	1	0	0	0	0
2024-10-02 23:46:40	24.863303145	97.801892655	98.00006	1	0	0	0	0
2024-10-02 23:46:50	24.871732596250002	97.78938145875	98.00006	1	0	0	0	0
2024-10-02 23:47:00	24.860821082	97.85159879999999	98.00006	1	0	0	0	0
2024-10-02 23:47:10	24.87144585	97.78773	98.00006	1	0	0	0	0
2024-10-02 23:47:20	24.881157259183674	97.88339146938776	98.00006	1	0	0	0	0
2024-10-02 23:47:30	24.93419625081967	97.52370504098361	98.00006	1	0	0	0	0
2024-10-02 23:47:40	24.952464306557378	97.45276262131148	98.00006	1	0	0	0	0
2024-10-02 23:47:50	24.917536424050635	97.82186896329114	98.00006	1	0	0	0	0
2024-10-02 23:48:00	24.87674114	97.899427	98.00006	1	0	0	0	0
2024-10-02 23:48:10	24.958163992753626	97.60950985507247	98.00006	1	0	0	0	0
2024-10-02 23:48:20	24.912373073333335	97.92672377	98.00006	1	0	0	0	0
2024-10-02 23:48:30	24.931979362962963	97.93243060246914	98.00006	1	0	0	0	0
2024-10-02 23:48:40	24.905950693055555	98.03232131944445	98.00006	1	0	0	0	0
2024-10-02 23:48:50	24.954891037974683	97.73033620253165	98.00006	1	0	0	0	0
2024-10-02 23:49:00	24.9739892	97.64701882352941	98.00006	1	0	0	0	0
2024-10-02 23:49:10	24.98063516923077	97.73544615384615	98.00006	1	0	0	0	0
2024-10-02 23:49:20	24.98479784590164	97.6895275409836	98.00006	1	0	0	0	0
2024-10-02 23:49:30	25.044840564	97.41243	98.00006	1	0	0	0	0
2024-10-02 23:49:40	24.999993368571428	97.87148922571428	98.00006	1	0	0	0	0
2024-10-02 23:49:50	25.02132706197183	97.67902021971831	98.00006	1	0	0	0	0
2024-10-02 23:50:00	25.00783891694915	97.84085016949153	98.00006	1	0	0	0	0
2024-10-02 23:50:10	25.052366363636363	97.58983857727273	98.00006	1	0	0	0	0
2024-10-02 23:50:20	25.073733693877553	97.77289591836735	98.00006	1	0	0	0	0
2024-10-02 23:50:30	25.05799596708861	97.45772088607595	98.00006	1	0	0	0	0
2024-10-02 23:50:40	25.014246885714286	97.90211972857142	98.00006	1	0	0	0	0
2024-10-02 23:50:50	25.073716544444444	97.75893777777777	98.00006	1	0	0	0	0
2024-10-02 23:51:00	25.054797556410257	97.81831076923078	98.00006	1	0	0	0	0
2024-10-02 23:51:10	25.051600980263157	98.17710683026316	98.00006	1	0	0	0	0
2024-10-02 23:51:20	25.10644871111111	97.59617777777777	98.00006	1	0	0	0	0
2024-10-02 23:51:30	25.118073668	97.7237234	98.00006	1	0	0	0	0
2024-10-02 23:51:40	25.146641845833333	97.47543041666667	98.00006	1	0	0	0	0
2024-10-02 23:51:50	25.1214134	97.66051900000001	98.00006	1	0	0	0	0
2024-10-02 23:52:00	25.12465864347826	97.4846852173913	98.00006	1	0	0	0	0
2024-10-02 23:52:10	25.07534641830986	98.09493014084508	98.00006	1	0	0	0	0
2024-10-02 23:52:20	25.134541058	97.719922	98.00006	1	0	0	0	0
2024-10-02 23:52:30	25.158565425316457	97.63169149873418	98.00006	1	0	0	0	0
2024-10-02 23:52:40	25.18322911666667	97.51556466666666	98.00006	1	0	0	0	0
2024-10-02 23:52:50	25.163549920987652	97.72332068641975	98.00006	1	0	0	0	0
2024-10-02 23:53:00	25.197780391428573	97.74350085142856	98.00006	1	0	0	0	0
2024-10-02 23:53:10	25.18400499871795	97.69316203205129	98.00006	1	0	0	0	0
2024-10-02 23:53:20	25.203724479999998	97.630557135	98.00006	1	0	0	0	0
2024-10-02 23:53:30	25.13018877142857	97.97589380000001	98.00006	1	0	0	0	0
2024-10-02 23:53:40	25.16959797755102	97.90142262244898	98.00006	1	0	0	0	0
2024-10-02 23:53:50	25.16720289375	97.895284625	98.00006	1	0	0	0	0
2024-10-02 23:54:00	25.12667786779661	97.9824720338983	98.00006	1	0	0	0	0
2024-10-02 23:54:10	25.173921628571428	97.87706857142857	98.00006	1	0	0	0	0
2024-10-02 23:54:20	25.16074876	97.9111524	98.00006	1	0	0	0	0
2024-10-02 23:54:30	25.198732798571427	97.72785842857144	98.00006	1	0	0	0	0
2024-10-02 23:54:40	25.174119701694917	97.62838983050848	98.00006	1	0	0	0	0
2024-10-02 23:54:50	25.216209929113923	97.98494246455697	98.00006	1	0	0	0	0
2024-10-02 23:55:00	25.19381498309859	98.08003122112676	98.00006	1	0	0	0	0
2024-10-02 23:55:10	25.1560416425	98.05920775999999	98.00006	1	0	0	0	0
2024-10-02 23:55:20	25.176232392	97.91676854399999	98.00006	1	0	0	0	0
2024-10-02 23:55:30	25.179065796226414	97.96289358490566	98.00006	1	0	0	0	0
2024-10-02 23:55:40	25.212900480000002	97.7952606	98.00006	1	0	0	0	0
2024-10-02 23:55:50	25.18455781694915	98.17650677966101	98.00006	1	0	0	0	0
2024-10-02 23:56:00	25.196179032098765	97.90260419753086	98.00006	1	0	0	0	0
2024-10-02 23:56:10	25.1667918625	98.15032820125	98.00006	1	0	0	0	0
2024-10-02 23:56:20	25.151333625	98.126564265	98.00006	1	0	0	0	0
2024-10-02 23:56:30	25.136046988607596	98.25899696202532	98.00006	1	0	0	0	0
2024-10-02 23:56:40	25.15410177142857	98.2847857142857	98.00006	1	0	0	0	0
2024-10-02 23:56:50	25.229808117142856	97.61968485714286	98.00006	1	0	0	0	0
2024-10-02 23:57:00	25.17666486056338	97.94000900140844	98.00006	1	0	0	0	0
2024-10-02 23:57:10	25.177184625	97.91656775	98.00006	1	0	0	0	0
2024-10-02 23:57:20	25.216785977142855	97.75678071428571	98.00006	1	0	0	0	0
2024-10-02 23:57:30	25.19721423076923	97.92832153846155	98.00006	1	0	0	0	0
2024-10-02 23:57:40	25.152436542	98.1357358	98.00006	1	0	0	0	0
2024-10-02 23:57:50	25.21686332	97.9386448	98.00006	1	0	0	0	0
2024-10-02 23:58:00	25.159853715714284	98.18285739142857	98.00006	1	0	0	0	0
2024-10-02 23:58:10	25.17989365308642	98.03878592592594	98.00006	1	0	0	0	0
2024-10-02 23:58:20	25.165434259999998	98.153471	98.00006	1	0	0	0	0
2024-10-02 23:58:30	25.191467155696202	97.94194458227848	98.00006	1	0	0	0	0
2024-10-02 23:58:40	25.17746476557377	98.07682619672131	98.00006	1	0	0	0	0
2024-10-02 23:58:50	25.209575630769233	97.95913923076924	98.00006	1	0	0	0	0
2024-10-02 23:59:00	25.251269191666665	97.67311266666667	98.00006	1	0	0	0	0
2024-10-02 23:59:10	25.201555657303373	98.00747576853932	98.00006	1	0	0	0	0
2024-10-02 23:59:20	25.172649849295773	98.13920772676056	98.00006	1	0	0	0	0
2024-10-02 23:59:30	25.138915393220337	98.1780972881356	98.00006	1	0	0	0	0
2024-10-02 23:59:40	25.179498236734695	98.0678869387755	98.00006	1	0	0	0	0
2024-10-02 23:59:50	25.19009145762712	97.89851007966101	98.00006	1	0	0	0	0
2024-10-03 00:00:00	25.239415552	97.74741078400001	98.00006	1	0	0	0	0
