PROCESSDATA	2411LIC30501 Data	yyyy-MM-dd HH:mm:ss
8	10	2024-12-11 21:55:00	751
tagname	2411LIC30501.MV	2411LIC30501.PV	2411LIC30501.SV	2411LIC30501.MODE	bOpOFL	bPvOFL	bSpOFL	bAutOFL
desc	封油罐D205_OP	封油罐D205_PV	封油罐D205_SP	Aut	bOpOFL	bPvOFL	bSpOFL	bAutOFL
fsMax=11.857158447000002	fsMin=0	fsGridNum=10	fdMax=11.857158447000002tfdMin=0	fdGridNum=10	v0GridNum=10	L=24
2024-12-11 21:55:00	27.488193576	71.5230504	71.50162	1	0	0	0	0
2024-12-11 21:55:10	27.580531776	71.51908039999999	71.50162	1	0	0	0	0
2024-12-11 21:55:20	27.559122534	71.5173102	71.50162	1	0	0	0	0
2024-12-11 21:55:30	27.484185084	71.5165752	71.50162	1	0	0	0	0
2024-12-11 21:55:40	27.536165656	71.50016959999999	71.50162	1	0	0	0	0
2024-12-11 21:55:50	27.647872356	71.47638959999999	71.50162	1	0	0	0	0
2024-12-11 21:56:00	27.847441550000003	71.451452308	71.50162	1	0	0	0	0
2024-12-11 21:56:10	28.0883578	71.425970408	71.50162	1	0	0	0	0
2024-12-11 21:56:20	28.224383336	71.412462492	71.50162	1	0	0	0	0
2024-12-11 21:56:30	28.311048535999998	71.40458939199999	71.50162	1	0	0	0	0
2024-12-11 21:56:40	28.421477934	71.3940018	71.50162	1	0	0	0	0
2024-12-11 21:56:50	28.543090483999997	71.3821368	71.50162	1	0	0	0	0
2024-12-11 21:57:00	28.59291149	71.379813968	71.50162	1	0	0	0	0
2024-12-11 21:57:10	28.60894824	71.381981568	71.50162	1	0	0	0	0
2024-12-11 21:57:20	28.662165656	71.37838943199999	71.50162	1	0	0	0	0
2024-12-11 21:57:30	28.732879856	71.372086832	71.50162	1	0	0	0	0
2024-12-11 21:57:40	28.79105455	71.3669998	71.50162	1	0	0	0	0
2024-12-11 21:57:50	28.8433283	71.3624848	71.50162	1	0	0	0	0
2024-12-11 21:58:00	28.882259294	71.3625088	71.50162	1	0	0	0	0
2024-12-11 21:58:10	28.914911344	71.36466879999999	71.50162	1	0	0	0	0
2024-12-11 21:58:20	28.938246884	71.36758019999999	71.50162	1	0	0	0	0
2024-12-11 21:58:30	28.957198184	71.37084519999999	71.50162	1	0	0	0	0
2024-12-11 21:58:40	29.08630132871287	71.3559989049505	71.50162	1	0	0	0	0
2024-12-11 21:58:50	29.267240635643564	71.33262964752475	71.50162	1	0	0	0	0
2024-12-11 21:59:00	29.398852566666665	71.31884763333333	71.50162	1	0	0	0	0
2024-12-11 21:59:10	29.505053425252527	71.3100045020202	71.50162	1	0	0	0	0
2024-12-11 21:59:20	29.44996773	71.32100090200001	71.50162	1	0	0	0	0
2024-12-11 21:59:30	29.318982480000003	71.34133355200001	71.50162	1	0	0	0	0
2024-12-11 21:59:40	29.299822346	71.3422266	71.50162	1	0	0	0	0
2024-12-11 21:59:50	29.333285796	71.3339716	71.50162	1	0	0	0	0
2024-12-11 22:00:00	29.37046905	71.3394288	71.50162	1	0	0	0	0
2024-12-11 22:00:10	29.4094028	71.3513388	71.50162	1	0	0	0	0
2024-12-11 22:00:20	29.354631768	71.37258179999999	71.50162	1	0	0	0	0
2024-12-11 22:00:30	29.255764368	71.3982168	71.50162	1	0	0	0	0
2024-12-11 22:00:40	29.260344144	71.4002524	71.50162	1	0	0	0	0
2024-12-11 22:00:50	29.313604944	71.39118239999999	71.50162	1	0	0	0	0
2024-12-11 22:01:00	29.347319994000003	71.3792836	71.50162	1	0	0	0	0
2024-12-11 22:01:10	29.371837044000003	71.3660536	71.50162	1	0	0	0	0
2024-12-11 22:01:20	29.390225798	71.370168836	71.50162	1	0	0	0	0
2024-12-11 22:01:30	29.405730648	71.382446536	71.50162	1	0	0	0	0
2024-12-11 22:01:40	29.355658678	71.400777256	71.50162	1	0	0	0	0
2024-12-11 22:01:50	29.274727028	71.421956456	71.50162	1	0	0	0	0
2024-12-11 22:02:00	29.192621596	71.434410508	71.50162	1	0	0	0	0
2024-12-11 22:02:10	29.109963796	71.442758608	71.50162	1	0	0	0	0
2024-12-11 22:02:20	29.083118356	71.4458924	71.50162	1	0	0	0	0
2024-12-11 22:02:30	29.082537556000002	71.4465724	71.50162	1	0	0	0	0
2024-12-11 22:02:40	29.078780408	71.44812619999999	71.50162	1	0	0	0	0
2024-12-11 22:02:50	29.073528508000003	71.4500912	71.50162	1	0	0	0	0
2024-12-11 22:03:00	29.124812726000002	71.442663632	71.50162	1	0	0	0	0
2024-12-11 22:03:10	29.202702176	71.430816032	71.50162	1	0	0	0	0
2024-12-11 22:03:20	29.21881111	71.431028368	71.50162	1	0	0	0	0
2024-12-11 22:03:30	29.20584686	71.436915968	71.50162	1	0	0	0	0
2024-12-11 22:03:40	29.197713262	71.44122420000001	71.50162	1	0	0	0	0
2024-12-11 22:03:50	29.191852911999998	71.4447892	71.50162	1	0	0	0	0
2024-12-11 22:04:00	29.194987261999998	71.4471982	71.50162	1	0	0	0	0
2024-12-11 22:04:10	29.202354412	71.4490632	71.50162	1	0	0	0	0
2024-12-11 22:04:20	29.206671014	71.453536	71.50162	1	0	0	0	0
2024-12-11 22:04:30	29.209552064	71.459236	71.50162	1	0	0	0	0
2024-12-11 22:04:40	29.199029294000002	71.4605228	71.50162	1	0	0	0	0
2024-12-11 22:04:50	29.182198844000002	71.4597328	71.50162	1	0	0	0	0
2024-12-11 22:05:00	29.192500938	71.4551416	71.50162	1	0	0	0	0
2024-12-11 22:05:10	29.215571288	71.4487616	71.50162	1	0	0	0	0
2024-12-11 22:05:20	29.280986631999998	71.44022939999999	71.50162	1	0	0	0	0
2024-12-11 22:05:30	29.366329032	71.43068439999999	71.50162	1	0	0	0	0
2024-12-11 22:05:40	29.403947128	71.4322574	71.50162	1	0	0	0	0
2024-12-11 22:05:50	29.419106728	71.4390624	71.50162	1	0	0	0	0
2024-12-11 22:06:00	29.350985504	71.4525858	71.50162	1	0	0	0	0
2024-12-11 22:06:10	29.243673303999998	71.4692708	71.50162	1	0	0	0	0
2024-12-11 22:06:20	29.243838062	71.4677624	71.50162	1	0	0	0	0
2024-12-11 22:06:30	29.294580212	71.4576924	71.50162	1	0	0	0	0
2024-12-11 22:06:40	29.289519726	71.459703926	71.50162	1	0	0	0	0
2024-12-11 22:06:50	29.258199176	71.467400876	71.50162	1	0	0	0	0
2024-12-11 22:07:00	29.264698356	71.47202837399999	71.50162	1	0	0	0	0
2024-12-11 22:07:10	29.288995055999997	71.475211424	71.50162	1	0	0	0	0
2024-12-11 22:07:20	29.2390006	71.477938364	71.50162	1	0	0	0	0
2024-12-11 22:07:30	29.1540456	71.480450664	71.50162	1	0	0	0	0
2024-12-11 22:07:40	29.113466448	71.486499236	71.50162	1	0	0	0	0
2024-12-11 22:07:50	29.093770048	71.494211936	71.50162	1	0	0	0	0
2024-12-11 22:08:00	29.037624152	71.50417186600001	71.50162	1	0	0	0	0
2024-12-11 22:08:10	28.964325552000002	71.515189316	71.50162	1	0	0	0	0
2024-12-11 22:08:20	28.944115844	71.514762434	71.50162	1	0	0	0	0
2024-12-11 22:08:30	28.948889144	71.50894998400001	71.50162	1	0	0	0	0
2024-12-11 22:08:40	29.013024574	71.50182000000001	71.50162	1	0	0	0	0
2024-12-11 22:08:50	29.105095123999998	71.49407000000001	71.50162	1	0	0	0	0
2024-12-11 22:09:00	29.187132138	71.4872312	71.50162	1	0	0	0	0
2024-12-11 22:09:10	29.264447488000002	71.4808212	71.50162	1	0	0	0	0
2024-12-11 22:09:20	29.198001726	71.4868552	71.50162	1	0	0	0	0
2024-12-11 22:09:30	29.063903676	71.4987452	71.50162	1	0	0	0	0
2024-12-11 22:09:40	29.023936462	71.5043656	71.50162	1	0	0	0	0
2024-12-11 22:09:50	29.028266112	71.50703560000001	71.50162	1	0	0	0	0
2024-12-11 22:10:00	29.013017610000002	71.5064892	71.50162	1	0	0	0	0
2024-12-11 22:10:10	28.98855586	71.5044292	71.50162	1	0	0	0	0
2024-12-11 22:10:20	28.979539426	71.511692	71.50162	1	0	0	0	0
2024-12-11 22:10:30	28.977791376	71.523342	71.50162	1	0	0	0	0
2024-12-11 22:10:40	29.009689998000002	71.518340908	71.50162	1	0	0	0	0
2024-12-11 22:10:50	29.057422348000003	71.505504008	71.50162	1	0	0	0	0
2024-12-11 22:11:00	29.060929674	71.499629492	71.50162	1	0	0	0	0
2024-12-11 22:11:10	29.043625224	71.497031392	71.50162	1	0	0	0	0
2024-12-11 22:11:20	29.0851098	71.4879312	71.50162	1	0	0	0	0
2024-12-11 22:11:30	29.154259800000002	71.4757712	71.50162	1	0	0	0	0
2024-12-11 22:11:40	29.08562395	71.4929685	71.50162	1	0	0	0	0
2024-12-11 22:11:50	28.952147699999998	71.523981	71.50162	1	0	0	0	0
2024-12-11 22:12:00	28.907208334	71.5270387	71.50162	1	0	0	0	0
2024-12-11 22:12:10	28.903933384	71.5169412	71.50162	1	0	0	0	0
2024-12-11 22:12:20	28.9028854	71.51371	71.50162	1	0	0	0	0
2024-12-11 22:12:30	28.910067376106195	71.52574530973452	71.50162	1	0	0	0	0
2024-12-11 22:12:40	28.871063586	71.53114260000001	71.50162	1	0	0	0	0
2024-12-11 22:12:50	28.809532536	71.53208760000001	71.50162	1	0	0	0	0
2024-12-11 22:13:00	28.820714362	71.5281604	71.50162	1	0	0	0	0
2024-12-11 22:13:10	28.866114012	71.52194039999999	71.50162	1	0	0	0	0
2024-12-11 22:13:20	28.906878204	71.5146052	71.50162	1	0	0	0	0
2024-12-11 22:13:30	28.945461004000002	71.50674520000001	71.50162	1	0	0	0	0
2024-12-11 22:13:40	28.982499728	71.50384580000001	71.50162	1	0	0	0	0
2024-12-11 22:13:50	29.018811828	71.5032808	71.50162	1	0	0	0	0
2024-12-11 22:14:00	29.015819758000003	71.50469966600001	71.50162	1	0	0	0	0
2024-12-11 22:14:10	28.994331608000003	71.507052116	71.50162	1	0	0	0	0
2024-12-11 22:14:20	29.000711354	71.503449568	71.50162	1	0	0	0	0
2024-12-11 22:14:30	29.020205404	71.497044668	71.50162	1	0	0	0	0
2024-12-11 22:14:40	29.00114971	71.50340496599999	71.50162	1	0	0	0	0
2024-12-11 22:14:50	28.96395296	71.51577241599999	71.50162	1	0	0	0	0
2024-12-11 22:15:00	28.960418624	71.508731	71.50162	1	0	0	0	0
2024-12-11 22:15:10	28.972725424	71.49255600000001	71.50162	1	0	0	0	0
2024-12-11 22:15:20	28.918780776	71.501699168	71.50162	1	0	0	0	0
2024-12-11 22:15:30	28.833658976	71.522756768	71.50162	1	0	0	0	0
2024-12-11 22:15:40	28.788349374	71.527886932	71.50162	1	0	0	0	0
2024-12-11 22:15:50	28.761774924	71.525521832	71.50162	1	0	0	0	0
2024-12-11 22:16:00	28.786254126	71.52447430000001	71.50162	1	0	0	0	0
2024-12-11 22:16:10	28.834758576000002	71.52404680000001	71.50162	1	0	0	0	0
2024-12-11 22:16:20	28.824931742	71.529178572	71.50162	1	0	0	0	0
2024-12-11 22:16:30	28.787654892	71.536926472	71.50162	1	0	0	0	0
2024-12-11 22:16:40	28.760495014	71.537929826	71.50162	1	0	0	0	0
2024-12-11 22:16:50	28.738096064	71.53575927600001	71.50162	1	0	0	0	0
2024-12-11 22:17:00	28.678350732	71.53756210200001	71.50162	1	0	0	0	0
2024-12-11 22:17:10	28.601030632	71.54123475200001	71.50162	1	0	0	0	0
2024-12-11 22:17:20	28.6301765	71.5446166	71.50162	1	0	0	0	0
2024-12-11 22:17:30	28.709424	71.5478616	71.50162	1	0	0	0	0
2024-12-11 22:17:40	28.719195866	71.5402912	71.50162	1	0	0	0	0
2024-12-11 22:17:50	28.696273316000003	71.5276312	71.50162	1	0	0	0	0
2024-12-11 22:18:00	28.698511888000002	71.5253616	71.50162	1	0	0	0	0
2024-12-11 22:18:10	28.712590988000002	71.52798159999999	71.50162	1	0	0	0	0
2024-12-11 22:18:20	28.739505836000003	71.5276062	71.50162	1	0	0	0	0
2024-12-11 22:18:30	28.772461036000003	71.5258212	71.50162	1	0	0	0	0
2024-12-11 22:18:40	28.788135668000002	71.5216188	71.50162	1	0	0	0	0
2024-12-11 22:18:50	28.795678268	71.51627880000001	71.50162	1	0	0	0	0
2024-12-11 22:19:00	28.769527854	71.52008296400001	71.50162	1	0	0	0	0
2024-12-11 22:19:10	28.727521904	71.528190264	71.50162	1	0	0	0	0
2024-12-11 22:19:20	28.675043274	71.532132836	71.50162	1	0	0	0	0
2024-12-11 22:19:30	28.617636324	71.534115536	71.50162	1	0	0	0	0
2024-12-11 22:19:40	28.610678370000002	71.529293	71.50162	1	0	0	0	0
2024-12-11 22:19:50	28.62746112	71.52126799999999	71.50162	1	0	0	0	0
2024-12-11 22:20:00	28.7480542	71.5073508	71.50162	1	0	0	0	0
2024-12-11 22:20:10	28.917499199999998	71.4906608	71.50162	1	0	0	0	0
2024-12-11 22:20:20	28.933580808	71.49229	71.50162	1	0	0	0	0
2024-12-11 22:20:30	28.877491408	71.50254	71.50162	1	0	0	0	0
2024-12-11 22:20:40	28.752780488	71.517057	71.50162	1	0	0	0	0
2024-12-11 22:20:50	28.595777088	71.533582	71.50162	1	0	0	0	0
2024-12-11 22:21:00	28.570313159999998	71.53706120000001	71.50162	1	0	0	0	0
2024-12-11 22:21:10	28.60675016	71.5344012	71.50162	1	0	0	0	0
2024-12-11 22:21:20	28.58074718	71.53696020000001	71.50162	1	0	0	0	0
2024-12-11 22:21:30	28.52536068	71.54197520000001	71.50162	1	0	0	0	0
2024-12-11 22:21:40	28.509543584	71.5381162	71.50162	1	0	0	0	0
2024-12-11 22:21:50	28.512347384	71.53008120000001	71.50162	1	0	0	0	0
2024-12-11 22:22:00	28.43686836	71.5446664	71.50162	1	0	0	0	0
2024-12-11 22:22:10	28.32455036	71.56989639999999	71.50162	1	0	0	0	0
2024-12-11 22:22:20	28.328314276	71.56339419999999	71.50162	1	0	0	0	0
2024-12-11 22:22:30	28.386704976	71.5419592	71.50162	1	0	0	0	0
2024-12-11 22:22:40	28.384836422	71.541135	71.50162	1	0	0	0	0
2024-12-11 22:22:50	28.354610572	71.55001	71.50162	1	0	0	0	0
2024-12-11 22:23:00	28.338941618	71.5504462	71.50162	1	0	0	0	0
2024-12-11 22:23:10	28.330122967999998	71.5469112	71.50162	1	0	0	0	0
2024-12-11 22:23:20	28.414031838	71.5363994	71.50162	1	0	0	0	0
2024-12-11 22:23:30	28.541577187999998	71.5226044	71.50162	1	0	0	0	0
2024-12-11 22:23:40	28.62966921	71.516573436	71.50162	1	0	0	0	0
2024-12-11 22:23:50	28.69919496	71.51419613600001	71.50162	1	0	0	0	0
2024-12-11 22:24:00	28.77079913	71.500634026	71.50162	1	0	0	0	0
2024-12-11 22:24:10	28.84338138	71.481808476	71.50162	1	0	0	0	0
2024-12-11 22:24:20	28.813534481999998	71.490139474	71.50162	1	0	0	0	0
2024-12-11 22:24:30	28.735485632	71.511250024	71.50162	1	0	0	0	0
2024-12-11 22:24:40	28.6025974	71.52452136400001	71.50162	1	0	0	0	0
2024-12-11 22:24:50	28.4439024	71.534103664	71.50162	1	0	0	0	0
2024-12-11 22:25:00	28.355061488	71.5361092	71.50162	1	0	0	0	0
2024-12-11 22:25:10	28.299093088	71.5345492	71.50162	1	0	0	0	0
2024-12-11 22:25:20	28.384488392	71.522434104	71.50162	1	0	0	0	0
2024-12-11 22:25:30	28.536407792	71.505351904	71.50162	1	0	0	0	0
2024-12-11 22:25:40	28.68317252	71.490924696	71.50162	1	0	0	0	0
2024-12-11 22:25:50	28.827511519999998	71.477746896	71.50162	1	0	0	0	0
2024-12-11 22:26:00	28.882438	71.471056568	71.50162	1	0	0	0	0
2024-12-11 22:26:10	28.895288	71.467419168	71.50162	1	0	0	0	0
2024-12-11 22:26:20	28.897029316	71.467654232	71.50162	1	0	0	0	0
2024-12-11 22:26:30	28.893543016	71.469711632	71.50162	1	0	0	0	0
2024-12-11 22:26:40	28.804177136	71.4829398	71.50162	1	0	0	0	0
2024-12-11 22:26:50	28.674397336	71.5014248	71.50162	1	0	0	0	0
2024-12-11 22:27:00	28.620901704	71.51194699999999	71.50162	1	0	0	0	0
2024-12-11 22:27:10	28.603304504	71.518722	71.50162	1	0	0	0	0
2024-12-11 22:27:20	28.572709444	71.5211348	71.50162	1	0	0	0	0
2024-12-11 22:27:30	28.535997744	71.5214948	71.50162	1	0	0	0	0
2024-12-11 22:27:40	28.567291517999998	71.5154764	71.50162	1	0	0	0	0
2024-12-11 22:27:50	28.630587868	71.50645639999999	71.50162	1	0	0	0	0
2024-12-11 22:28:00	28.6457053	71.507209564	71.50162	1	0	0	0	0
2024-12-11 22:28:10	28.6381503	71.51256186399999	71.50162	1	0	0	0	0
2024-12-11 22:28:20	28.641003039999998	71.509499436	71.50162	1	0	0	0	0
2024-12-11 22:28:30	28.648753539999998	71.502477136	71.50162	1	0	0	0	0
2024-12-11 22:28:40	28.677447292	71.4972686	71.50162	1	0	0	0	0
2024-12-11 22:28:50	28.715996692	71.4929136	71.50162	1	0	0	0	0
2024-12-11 22:29:00	28.699692872	71.49490639999999	71.50162	1	0	0	0	0
2024-12-11 22:29:10	28.657575772	71.4998864	71.50162	1	0	0	0	0
2024-12-11 22:29:20	28.628928622	71.5068214	71.50162	1	0	0	0	0
2024-12-11 22:29:30	28.606620272	71.5146764	71.50162	1	0	0	0	0
2024-12-11 22:29:40	28.559421882	71.5209232	71.50162	1	0	0	0	0
2024-12-11 22:29:50	28.500510532	71.52641320000001	71.50162	1	0	0	0	0
2024-12-11 22:30:00	28.524317136	71.5189458	71.50162	1	0	0	0	0
2024-12-11 22:30:10	28.587049836	71.5053808	71.50162	1	0	0	0	0
2024-12-11 22:30:20	28.693945952	71.4894324	71.50162	1	0	0	0	0
2024-12-11 22:30:30	28.821624852	71.4723624	71.50162	1	0	0	0	0
2024-12-11 22:30:40	28.812092468	71.4768518	71.50162	1	0	0	0	0
2024-12-11 22:30:50	28.737990068	71.4914868	71.50162	1	0	0	0	0
2024-12-11 22:31:00	28.69248966237624	71.50246168316832	71.50162	1	0	0	0	0
2024-12-11 22:31:10	28.66044901881188	71.51171415841584	71.50162	1	0	0	0	0
2024-12-11 22:31:20	28.6475277	71.51201493333333	71.50162	1	0	0	0	0
2024-12-11 22:31:30	28.64445573030303	71.50770422626263	71.50162	1	0	0	0	0
2024-12-11 22:31:40	28.63741441	71.509004374	71.50162	1	0	0	0	0
2024-12-11 22:31:50	28.62850516	71.512944924	71.50162	1	0	0	0	0
2024-12-11 22:32:00	28.620250172	71.51184089399999	71.50162	1	0	0	0	0
2024-12-11 22:32:10	28.612303072	71.508362944	71.50162	1	0	0	0	0
2024-12-11 22:32:20	28.626454408	71.507734364	71.50162	1	0	0	0	0
2024-12-11 22:32:30	28.651005008000002	71.508446664	71.50162	1	0	0	0	0
2024-12-11 22:32:40	28.6465073	71.510077236	71.50162	1	0	0	0	0
2024-12-11 22:32:50	28.6283398	71.512139936	71.50162	1	0	0	0	0
2024-12-11 22:33:00	28.504867091999998	71.5259886	71.50162	1	0	0	0	0
2024-12-11 22:33:10	28.331838991999998	71.54538360000001	71.50162	1	0	0	0	0
2024-12-11 22:33:20	28.2522382	71.5535246	71.50162	1	0	0	0	0
2024-12-11 22:33:30	28.2166032	71.55636960000001	71.50162	1	0	0	0	0
2024-12-11 22:33:40	28.294152024000002	71.53907844000001	71.50162	1	0	0	0	0
2024-12-11 22:33:50	28.424963824000002	71.51231144	71.50162	1	0	0	0	0
2024-12-11 22:34:00	28.56206729	71.49633536	71.50162	1	0	0	0	0
2024-12-11 22:34:10	28.70213154	71.48543736	71.50162	1	0	0	0	0
2024-12-11 22:34:20	28.751333340000002	71.4760068	71.50162	1	0	0	0	0
2024-12-11 22:34:30	28.75777634	71.4672668	71.50162	1	0	0	0	0
2024-12-11 22:34:40	28.805609546	71.46679560000001	71.50162	1	0	0	0	0
2024-12-11 22:34:50	28.872920496	71.4702156	71.50162	1	0	0	0	0
2024-12-11 22:35:00	28.838273674	71.4787594	71.50162	1	0	0	0	0
2024-12-11 22:35:10	28.755646723999998	71.4897144	71.50162	1	0	0	0	0
2024-12-11 22:35:20	28.660861476	71.5013732	71.50162	1	0	0	0	0
2024-12-11 22:35:30	28.560354676	71.5133632	71.50162	1	0	0	0	0
2024-12-11 22:35:40	28.55117463	71.513523172	71.50162	1	0	0	0	0
2024-12-11 22:35:50	28.58497188	71.508116072	71.50162	1	0	0	0	0
2024-12-11 22:36:00	28.647735634	71.497377228	71.50162	1	0	0	0	0
2024-12-11 22:36:10	28.724130684	71.484129328	71.50162	1	0	0	0	0
2024-12-11 22:36:20	28.774250499999997	71.4793222	71.50162	1	0	0	0	0
2024-12-11 22:36:30	28.812005499999998	71.47848719999999	71.50162	1	0	0	0	0
2024-12-11 22:36:40	28.756110186	71.4857442	71.50162	1	0	0	0	0
2024-12-11 22:36:50	28.656144135999998	71.4968092	71.50162	1	0	0	0	0
2024-12-11 22:37:00	28.635593892	71.4980482	71.50162	1	0	0	0	0
2024-12-11 22:37:10	28.652415792	71.49466319999999	71.50162	1	0	0	0	0
2024-12-11 22:37:20	28.678281103448274	71.49065231527094	71.50162	1	0	0	0	0
2024-12-11 22:37:30	28.708402137931035	71.48634689655172	71.50162	1	0	0	0	0
2024-12-11 22:37:40	28.698192507614213	71.4890897461929	71.50162	1	0	0	0	0
2024-12-11 22:37:50	28.666266365482233	71.49562781725888	71.50162	1	0	0	0	0
2024-12-11 22:38:00	28.660349436	71.4986822	71.50162	1	0	0	0	0
2024-12-11 22:38:10	28.666672136	71.5000972	71.50162	1	0	0	0	0
2024-12-11 22:38:20	28.666791434	71.50208	71.50162	1	0	0	0	0
2024-12-11 22:38:30	28.663991484	71.50433	71.50162	1	0	0	0	0
2024-12-11 22:38:40	28.63640652	71.5060428	71.50162	1	0	0	0	0
2024-12-11 22:38:50	28.59715802	71.5075028	71.50162	1	0	0	0	0
2024-12-11 22:39:00	28.555659264	71.5074498	71.50162	1	0	0	0	0
2024-12-11 22:39:10	28.513101564	71.5066848	71.50162	1	0	0	0	0
2024-12-11 22:39:20	28.50955169	71.5106798	71.50162	1	0	0	0	0
2024-12-11 22:39:30	28.52435844	71.51691480000001	71.50162	1	0	0	0	0
2024-12-11 22:39:40	28.581635372	71.509951	71.50162	1	0	0	0	0
2024-12-11 22:39:50	28.658898272000002	71.496776	71.50162	1	0	0	0	0
2024-12-11 22:40:00	28.661750472	71.49156719999999	71.50162	1	0	0	0	0
2024-12-11 22:40:10	28.661750472	71.49156719999999	71.50162	1	0	0	0	0
2024-12-11 22:40:20	28.629585872	71.4901072	71.50162	1	0	0	0	0
2024-12-11 22:40:30	28.688951856000003	71.4857402	71.50162	1	0	0	0	0
2024-12-11 22:40:40	28.791391056000002	71.4800052	71.50162	1	0	0	0	0
2024-12-11 22:40:50	28.893830256	71.4742702	71.50162	1	0	0	0	0
2024-12-11 22:41:00	28.996269456	71.4685352	71.50162	1	0	0	0	0
2024-12-11 22:41:10	28.981045842	71.4718374	71.50162	1	0	0	0	0
2024-12-11 22:41:20	28.910451492	71.4793924	71.50162	1	0	0	0	0
2024-12-11 22:41:30	28.831577258	71.486502	71.50162	1	0	0	0	0
2024-12-11 22:41:40	28.748806608	71.493402	71.50162	1	0	0	0	0
2024-12-11 22:41:50	28.7301706	71.4993075	71.50162	1	0	0	0	0
2024-12-11 22:42:00	28.7417156	71.504745	71.50162	1	0	0	0	0
2024-12-11 22:42:10	28.703534172	71.51027429999999	71.50162	1	0	0	0	0
2024-12-11 22:42:20	28.641952072000002	71.51584679999999	71.50162	1	0	0	0	0
2024-12-11 22:42:30	28.6222458	71.51763	71.50162	1	0	0	0	0
2024-12-11 22:42:40	28.656965291803278	71.50517016393442	71.50162	1	0	0	0	0
2024-12-11 22:42:50	28.71924036	71.493719	71.50162	1	0	0	0	0
2024-12-11 22:43:00	28.79266736	71.483394	71.50162	1	0	0	0	0
2024-12-11 22:43:10	28.809130386	71.4804708	71.50162	1	0	0	0	0
2024-12-11 22:43:20	28.798786836	71.4810308	71.50162	1	0	0	0	0
2024-12-11 22:43:30	28.8307604	71.481567	71.50162	1	0	0	0	0
2024-12-11 22:43:40	28.8826479	71.482092	71.50162	1	0	0	0	0
2024-12-11 22:43:50	28.928501454	71.484916828	71.50162	1	0	0	0	0
2024-12-11 22:44:00	28.971515504	71.488823928	71.50162	1	0	0	0	0
2024-12-11 22:44:10	28.9328282	71.488452944	71.50162	1	0	0	0	0
2024-12-11 22:44:20	28.855693199999997	71.48606874400001	71.50162	1	0	0	0	0
2024-12-11 22:44:30	28.769844543999998	71.491598826	71.50162	1	0	0	0	0
2024-12-11 22:44:40	28.679895344	71.500853276	71.50162	1	0	0	0	0
2024-12-11 22:44:50	28.700873456	71.499973006	71.50162	1	0	0	0	0
2024-12-11 22:45:00	28.774052656000002	71.494323456	71.50162	1	0	0	0	0
2024-12-11 22:45:10	28.72521626	71.500850496	71.50162	1	0	0	0	0
2024-12-11 22:45:20	28.61896076	71.513107696	71.50162	1	0	0	0	0
2024-12-11 22:45:30	28.672322782000002	71.50802680000001	71.50162	1	0	0	0	0
2024-12-11 22:45:40	28.800798932	71.4947868	71.50162	1	0	0	0	0
2024-12-11 22:45:50	28.82643943	71.48900979999999	71.50162	1	0	0	0	0
2024-12-11 22:46:00	28.80368668	71.4867448	71.50162	1	0	0	0	0
2024-12-11 22:46:10	28.828410509999998	71.4845342	71.50162	1	0	0	0	0
2024-12-11 22:46:20	28.87547626	71.4823492	71.50162	1	0	0	0	0
2024-12-11 22:46:30	28.841288367999997	71.493465	71.50162	1	0	0	0	0
2024-12-11 22:46:40	28.768863468	71.51084	71.50162	1	0	0	0	0
2024-12-11 22:46:50	28.700350948	71.5179028	71.50162	1	0	0	0	0
2024-12-11 22:47:00	28.633679548	71.5201128	71.50162	1	0	0	0	0
2024-12-11 22:47:10	28.580056702	71.52061787	71.50162	1	0	0	0	0
2024-12-11 22:47:20	28.532574352	71.52032061999999	71.50162	1	0	0	0	0
2024-12-11 22:47:30	28.570629439999998	71.511089462	71.50162	1	0	0	0	0
2024-12-11 22:47:40	28.648937439999997	71.497654112	71.50162	1	0	0	0	0
2024-12-11 22:47:50	28.733656548	71.4896454	71.50162	1	0	0	0	0
2024-12-11 22:48:00	28.821392648	71.4841904	71.50162	1	0	0	0	0
2024-12-11 22:48:10	28.752120794	71.495893568	71.50162	1	0	0	0	0
2024-12-11 22:48:20	28.608962844	71.515671168	71.50162	1	0	0	0	0
2024-12-11 22:48:30	28.574793491999998	71.5205992	71.50162	1	0	0	0	0
2024-12-11 22:48:40	28.591912892	71.5185392	71.50162	1	0	0	0	0
2024-12-11 22:48:50	28.695005712	71.50479680000001	71.50162	1	0	0	0	0
2024-12-11 22:49:00	28.838556612	71.4855568	71.50162	1	0	0	0	0
2024-12-11 22:49:10	28.898567914	71.4800188	71.50162	1	0	0	0	0
2024-12-11 22:49:20	28.919266464	71.4809288	71.50162	1	0	0	0	0
2024-12-11 22:49:30	28.933063047999998	71.476461394	71.50162	1	0	0	0	0
2024-12-11 22:49:40	28.943611647999997	71.469463444	71.50162	1	0	0	0	0
2024-12-11 22:49:50	28.946607828	71.469946106	71.50162	1	0	0	0	0
2024-12-11 22:50:00	28.946049928	71.473949056	71.50162	1	0	0	0	0
2024-12-11 22:50:10	28.944692416000002	71.4734314	71.50162	1	0	0	0	0
2024-12-11 22:50:20	28.942958616000002	71.4707864	71.50162	1	0	0	0	0
2024-12-11 22:50:30	28.951671486000002	71.47258332999999	71.50162	1	0	0	0	0
2024-12-11 22:50:40	28.965300436	71.47647058	71.50162	1	0	0	0	0
2024-12-11 22:50:50	28.931721304	71.48363917	71.50162	1	0	0	0	0
2024-12-11 22:51:00	28.875926604	71.49235192	71.50162	1	0	0	0	0
2024-12-11 22:51:10	28.818385494	71.492771696	71.50162	1	0	0	0	0
2024-12-11 22:51:20	28.760022544	71.489288896	71.50162	1	0	0	0	0
2024-12-11 22:51:30	28.820553344	71.483468902	71.50162	1	0	0	0	0
2024-12-11 22:51:40	28.937034144000002	71.476549052	71.50162	1	0	0	0	0
2024-12-11 22:51:50	28.99933948	71.474503102	71.50162	1	0	0	0	0
2024-12-11 22:52:00	29.03615048	71.47475075199999	71.50162	1	0	0	0	0
2024-12-11 22:52:10	29.036117516	71.47660139999999	71.50162	1	0	0	0	0
2024-12-11 22:52:20	29.018746216	71.4792064	71.50162	1	0	0	0	0
2024-12-11 22:52:30	29.038457458	71.4750488	71.50162	1	0	0	0	0
2024-12-11 22:52:40	29.075619308	71.4677088	71.50162	1	0	0	0	0
2024-12-11 22:52:50	29.111506192	71.463026274	71.50162	1	0	0	0	0
2024-12-11 22:53:00	29.146793092	71.45959432400001	71.50162	1	0	0	0	0
2024-12-11 22:53:10	29.1184681	71.466116826	71.50162	1	0	0	0	0
2024-12-11 22:53:20	29.0602081	71.47732377599999	71.50162	1	0	0	0	0
2024-12-11 22:53:30	29.079516992000002	71.474943	71.50162	1	0	0	0	0
2024-12-11 22:53:40	29.135328892	71.466168	71.50162	1	0	0	0	0
2024-12-11 22:53:50	29.277417016	71.45150079999999	71.50162	1	0	0	0	0
2024-12-11 22:54:00	29.460105716	71.4340608	71.50162	1	0	0	0	0
2024-12-11 22:54:10	29.46778608	71.43472919999999	71.50162	1	0	0	0	0
2024-12-11 22:54:20	29.39310958	71.4439192	71.50162	1	0	0	0	0
2024-12-11 22:54:30	29.298790056	71.4601608	71.50162	1	0	0	0	0
2024-12-11 22:54:40	29.195226756	71.4797208	71.50162	1	0	0	0	0
2024-12-11 22:54:50	29.097876072000002	71.4919708	71.50162	1	0	0	0	0
2024-12-11 22:55:00	29.003448972	71.5007808	71.50162	1	0	0	0	0
2024-12-11 22:55:10	28.992927174	71.4971366	71.50162	1	0	0	0	0
2024-12-11 22:55:20	29.021890224	71.4876316	71.50162	1	0	0	0	0
2024-12-11 22:55:30	29.095933058	71.4751448	71.50162	1	0	0	0	0
2024-12-11 22:55:40	29.191189908	71.4612548	71.50162	1	0	0	0	0
2024-12-11 22:55:50	29.237671786	71.45418860000001	71.50162	1	0	0	0	0
2024-12-11 22:56:00	29.261200736000003	71.45033360000001	71.50162	1	0	0	0	0
2024-12-11 22:56:10	29.383123884	71.43707760000001	71.50162	1	0	0	0	0
2024-12-11 22:56:20	29.551350184	71.41939760000001	71.50162	1	0	0	0	0
2024-12-11 22:56:30	29.614655238	71.41929900000001	71.50162	1	0	0	0	0
2024-12-11 22:56:40	29.628585588	71.427474	71.50162	1	0	0	0	0
2024-12-11 22:56:50	29.601303824000002	71.4309128	71.50162	1	0	0	0	0
2024-12-11 22:57:00	29.554628124	71.4321228	71.50162	1	0	0	0	0
2024-12-11 22:57:10	29.467797404000002	71.4417308	71.50162	1	0	0	0	0
2024-12-11 22:57:20	29.362070204000002	71.4552908	71.50162	1	0	0	0	0
2024-12-11 22:57:30	29.351403162	71.458938372	71.50162	1	0	0	0	0
2024-12-11 22:57:40	29.385470312	71.45792127200001	71.50162	1	0	0	0	0
2024-12-11 22:57:50	29.466431588	71.454731028	71.50162	1	0	0	0	0
2024-12-11 22:58:00	29.569460688	71.450518128	71.50162	1	0	0	0	0
2024-12-11 22:58:10	26.097361024	71.446893496	70.9916268	1	0	0	0	0
2024-12-11 22:58:20	20.942847824	71.443545696	70.2416368	1	0	0	0	0
2024-12-11 22:58:30	19.196263084	71.421870298	70.00164	1	0	0	0	0
2024-12-11 22:58:40	19.053409384000002	71.391570148	70.00164	1	0	0	0	0
2024-12-11 22:58:50	19.018133758	71.349205506	70.00164	1	0	0	0	0
2024-12-11 22:59:00	19.033483108	71.30116345600001	70.00164	1	0	0	0	0
2024-12-11 22:59:10	19.062552138	71.2546188	70.00164	1	0	0	0	0
2024-12-11 22:59:20	19.098077488	71.20877879999999	70.00164	1	0	0	0	0
2024-12-11 22:59:30	19.104026102	71.1721936	70.00164	1	0	0	0	0
2024-12-11 22:59:40	19.096056252	71.1399636	70.00164	1	0	0	0	0
2024-12-11 22:59:50	19.113833072000002	71.0935964	70.00164	1	0	0	0	0
2024-12-11 23:00:00	19.143725972000002	71.0405764	70.00164	1	0	0	0	0
2024-12-11 23:00:10	19.193972666	71.0021084	70.00164	1	0	0	0	0
2024-12-11 23:00:20	19.253797616	70.9704884	70.00164	1	0	0	0	0
2024-12-11 23:00:30	19.392729006	70.9137016	70.00164	1	0	0	0	0
2024-12-11 23:00:40	19.568886956	70.8450716	70.00164	1	0	0	0	0
2024-12-11 23:00:50	19.694847884	70.805039	70.00164	1	0	0	0	0
2024-12-11 23:01:00	19.797186684	70.778464	70.00164	1	0	0	0	0
2024-12-11 23:01:10	19.84139667	70.74735	70.00164	1	0	0	0	0
2024-12-11 23:01:20	19.85825192	70.7141	70.00164	1	0	0	0	0
2024-12-11 23:01:30	20.00730340990099	70.67018520990099	70.00164	1	0	0	0	0
2024-12-11 23:01:40	20.218564895049507	70.6212516950495	70.00164	1	0	0	0	0
2024-12-11 23:01:50	20.438803333333333	70.56448953333333	70.00164	1	0	0	0	0
2024-12-11 23:02:00	20.663666262626265	70.50369443232323	70.00164	1	0	0	0	0
2024-12-11 23:02:10	20.794286884	70.4686238	70.00164	1	0	0	0	0
2024-12-11 23:02:20	20.880558184	70.4456588	70.00164	1	0	0	0	0
2024-12-11 23:02:30	21.0015443	70.4144454	70.00164	1	0	0	0	0
2024-12-11 23:02:40	21.1388668	70.3793504	70.00164	1	0	0	0	0
2024-12-11 23:02:50	21.32734859	70.3384856	70.00164	1	0	0	0	0
2024-12-11 23:03:00	21.539905339999997	70.29490559999999	70.00164	1	0	0	0	0
2024-12-11 23:03:10	21.749004358	70.257219806	70.00164	1	0	0	0	0
2024-12-11 23:03:20	21.956476208	70.222307756	70.00164	1	0	0	0	0
2024-12-11 23:03:30	22.201441014	70.186472198	70.00164	1	0	0	0	0
2024-12-11 23:03:40	22.464049564	70.150202048	70.00164	1	0	0	0	0
2024-12-11 23:03:50	22.729874038	70.10612917	70.00164	1	0	0	0	0
2024-12-11 23:04:00	22.997211888	70.05838442	70.00164	1	0	0	0	0
2024-12-11 23:04:10	23.12915742	70.033223626	70.00164	1	0	0	0	0
2024-12-11 23:04:20	23.197388919999998	70.018690576	70.00164	1	0	0	0	0
2024-12-11 23:04:30	23.302245084	70.00074599999999	70.00164	1	0	0	0	0
2024-12-11 23:04:40	23.424336384	69.981196	70.00164	1	0	0	0	0
2024-12-11 23:04:50	23.667800034000003	69.948877266	70.00164	1	0	0	0	0
2024-12-11 23:05:00	23.968380084	69.91054971599999	70.00164	1	0	0	0	0
2024-12-11 23:05:10	24.216567902	69.878576834	70.00164	1	0	0	0	0
2024-12-11 23:05:20	24.440100552	69.849594384	70.00164	1	0	0	0	0
2024-12-11 23:05:30	24.630155782000003	69.8274068	70.00164	1	0	0	0	0
2024-12-11 23:05:40	24.804456932	69.8084168	70.00164	1	0	0	0	0
2024-12-11 23:05:50	24.936432978	69.7880226	70.00164	1	0	0	0	0
2024-12-11 23:06:00	25.048491328	69.7669676	70.00164	1	0	0	0	0
2024-12-11 23:06:10	25.26818528	69.746273	70.00164	1	0	0	0	0
2024-12-11 23:06:20	25.53853128	69.725748	70.00164	1	0	0	0	0
2024-12-11 23:06:30	25.788680872	69.6933196	70.00164	1	0	0	0	0
2024-12-11 23:06:40	26.029326272000002	69.65528959999999	70.00164	1	0	0	0	0
2024-12-11 23:06:50	26.29691742	69.63786019999999	70.00164	1	0	0	0	0
2024-12-11 23:07:00	26.57718892	69.6301252	70.00164	1	0	0	0	0
2024-12-11 23:07:10	26.744283838	69.6129671	70.00164	1	0	0	0	0
2024-12-11 23:07:20	26.858119188	69.5913746	70.00164	1	0	0	0	0
2024-12-11 23:07:30	27.1100776	69.5690273	70.00164	1	0	0	0	0
2024-12-11 23:07:40	27.427035099999998	69.54632480000001	70.00164	1	0	0	0	0
2024-12-11 23:07:50	27.628793289999997	69.535009036	70.00164	1	0	0	0	0
2024-12-11 23:08:00	27.776340039999997	69.529051736	70.00164	1	0	0	0	0
2024-12-11 23:08:10	27.944436424	69.52055436399999	70.00164	1	0	0	0	0
2024-12-11 23:08:20	28.122203224	69.510861664	70.00164	1	0	0	0	0
2024-12-11 23:08:30	28.287128462000002	69.497150266	70.00164	1	0	0	0	0
2024-12-11 23:08:40	28.446010612000002	69.481547716	70.00164	1	0	0	0	0
2024-12-11 23:08:50	28.681991434	69.46971454199999	70.00164	1	0	0	0	0
2024-12-11 23:09:00	28.954253984	69.459655192	70.00164	1	0	0	0	0
2024-12-11 23:09:10	29.117479316	69.446183092	70.00164	1	0	0	0	0
2024-12-11 23:09:20	29.229393016	69.431104992	70.00164	1	0	0	0	0
2024-12-11 23:09:30	29.408494388	69.42901570800001	70.00164	1	0	0	0	0
2024-12-11 23:09:40	29.619213488	69.433038808	70.00164	1	0	0	0	0
2024-12-11 23:09:50	29.738065642	69.437050892	70.00164	1	0	0	0	0
2024-12-11 23:10:00	29.813686292	69.441057792	70.00164	1	0	0	0	0
2024-12-11 23:10:10	29.980666778	69.4351864	70.00164	1	0	0	0	0
2024-12-11 23:10:20	30.190640128	69.4246664	70.00164	1	0	0	0	0
2024-12-11 23:10:30	30.328704702	69.4180156	70.00164	1	0	0	0	0
2024-12-11 23:10:40	30.432929851999997	69.4131856	70.00164	1	0	0	0	0
2024-12-11 23:10:50	30.559140388	69.41481900000001	70.00164	1	0	0	0	0
2024-12-11 23:11:00	30.695696987999998	69.419494	70.00164	1	0	0	0	0
2024-12-11 23:11:10	30.81582132	69.4151998	70.00164	1	0	0	0	0
2024-12-11 23:11:20	30.928212820000002	69.4066848	70.00164	1	0	0	0	0
2024-12-11 23:11:30	31.112885294	69.4039974	70.00164	1	0	0	0	0
2024-12-11 23:11:40	31.331572344	69.4040524	70.00164	1	0	0	0	0
2024-12-11 23:11:50	31.446720112	69.4072422	70.00164	1	0	0	0	0
2024-12-11 23:12:00	31.513143512	69.4119072	70.00164	1	0	0	0	0
2024-12-11 23:12:10	31.6676875	69.40852287	70.00164	1	0	0	0	0
2024-12-11 23:12:20	31.8637	69.40135062	70.00164	1	0	0	0	0
2024-12-11 23:12:30	31.955211494	69.41249723	70.00164	1	0	0	0	0
2024-12-11 23:12:40	31.997546043999996	69.43226448	70.00164	1	0	0	0	0
2024-12-11 23:12:50	32.068801707999995	69.439801726	70.00164	1	0	0	0	0
2024-12-11 23:13:00	32.153667307999996	69.441583676	70.00164	1	0	0	0	0
2024-12-11 23:13:10	32.247403032	69.45041797399999	70.00164	1	0	0	0	0
2024-12-11 23:13:20	32.345312932	69.462571024	70.00164	1	0	0	0	0
2024-12-11 23:13:30	32.356541906000004	69.475484892	70.00164	1	0	0	0	0
2024-12-11 23:13:40	32.326979856	69.488756792	70.00164	1	0	0	0	0
2024-12-11 23:13:50	32.391319176	69.500111908	70.00164	1	0	0	0	0
2024-12-11 23:14:00	32.499847376	69.510565008	70.00164	1	0	0	0	0
2024-12-11 23:14:10	32.589792162	69.5107548	70.00164	1	0	0	0	0
2024-12-11 23:14:20	32.670991812000004	69.5061148	70.00164	1	0	0	0	0
2024-12-11 23:14:30	32.663022926000004	69.51900367	70.00164	1	0	0	0	0
2024-12-11 23:14:40	32.613092376	69.54014142	70.00164	1	0	0	0	0
2024-12-11 23:14:50	32.625129716	69.55087483	70.00164	1	0	0	0	0
2024-12-11 23:15:00	32.666328416	69.55671208000001	70.00164	1	0	0	0	0
2024-12-11 23:15:10	32.72392892	69.564382236	70.00164	1	0	0	0	0
2024-12-11 23:15:20	32.78924792	69.572914936	70.00164	1	0	0	0	0
2024-12-11 23:15:30	32.865188112	69.576167164	70.00164	1	0	0	0	0
2024-12-11 23:15:40	32.946126512	69.576934464	70.00164	1	0	0	0	0
2024-12-11 23:15:50	32.948824826	69.5868972	70.00164	1	0	0	0	0
2024-12-11 23:16:00	32.914704276	69.6011872	70.00164	1	0	0	0	0
2024-12-11 23:16:10	32.957985916	69.61240360000001	70.00164	1	0	0	0	0
2024-12-11 23:16:20	33.037692116	69.6221736	70.00164	1	0	0	0	0
2024-12-11 23:16:30	33.09346354	69.6292083	70.00164	1	0	0	0	0
2024-12-11 23:16:40	33.13797154	69.6349558	70.00164	1	0	0	0	0
2024-12-11 23:16:50	33.10945859	69.6499105	70.00164	1	0	0	0	0
2024-12-11 23:17:00	33.04658284	69.66919800000001	70.00164	1	0	0	0	0
2024-12-11 23:17:10	33.087116662	69.676163526	70.00164	1	0	0	0	0
2024-12-11 23:17:20	33.176313812000004	69.677330476	70.00164	1	0	0	0	0
2024-12-11 23:17:30	33.125076954	69.690316574	70.00164	1	0	0	0	0
2024-12-11 23:17:40	33.007753504	69.708864624	70.00164	1	0	0	0	0
2024-12-11 23:17:50	32.9014144	69.7359684	70.00164	1	0	0	0	0
2024-12-11 23:18:00	32.800244400000004	69.76709840000001	70.00164	1	0	0	0	0
2024-12-11 23:18:10	32.749956522	69.7820274	70.00164	1	0	0	0	0
2024-12-11 23:18:20	32.723613172	69.78933239999999	70.00164	1	0	0	0	0
2024-12-11 23:18:30	32.719217977999996	69.7927546	70.00164	1	0	0	0	0
2024-12-11 23:18:40	32.725151327999995	69.7943496	70.00164	1	0	0	0	0
2024-12-11 23:18:50	32.702714704	69.80865516	70.00164	1	0	0	0	0
2024-12-11 23:19:00	32.666927504	69.82894216000001	70.00164	1	0	0	0	0
2024-12-11 23:19:10	32.628732696	69.839973476	70.00164	1	0	0	0	0
2024-12-11 23:19:20	32.589404896	69.846649176	70.00164	1	0	0	0	0
2024-12-11 23:19:30	32.585516485999996	69.853931164	70.00164	1	0	0	0	0
2024-12-11 23:19:40	32.598305436	69.861498464	70.00164	1	0	0	0	0
2024-12-11 23:19:50	32.64556328	69.85658959999999	70.00164	1	0	0	0	0
2024-12-11 23:20:00	32.70904178	69.8458096	70.00164	1	0	0	0	0
2024-12-11 23:20:10	32.672342033999996	69.8560042	70.00164	1	0	0	0	0
2024-12-11 23:20:20	32.588499584	69.8760692	70.00164	1	0	0	0	0
2024-12-11 23:20:30	32.51485693	69.88916760000001	70.00164	1	0	0	0	0
2024-12-11 23:20:40	32.446014180000006	69.8989876	70.00164	1	0	0	0	0
2024-12-11 23:20:50	32.41640777	69.907978	70.00164	1	0	0	0	0
2024-12-11 23:21:00	32.40526552	69.916578	70.00164	1	0	0	0	0
2024-12-11 23:21:10	32.399773628	69.9160762	70.00164	1	0	0	0	0
2024-12-11 23:21:20	32.396940728000004	69.91129120000001	70.00164	1	0	0	0	0
2024-12-11 23:21:30	32.377096744	69.91871900000001	70.00164	1	0	0	0	0
2024-12-11 23:21:40	32.349247544	69.931894	70.00164	1	0	0	0	0
2024-12-11 23:21:50	32.335656244	69.941329	70.00164	1	0	0	0	0
2024-12-11 23:22:00	32.328774544000005	69.949004	70.00164	1	0	0	0	0
2024-12-11 23:22:10	32.201337616	69.96817779999999	70.00164	1	0	0	0	0
2024-12-11 23:22:20	32.017168816	69.9927628	70.00164	1	0	0	0	0
2024-12-11 23:22:30	32.004048168	69.9928372	70.00164	1	0	0	0	0
2024-12-11 23:22:40	32.071420767999996	69.9813772	70.00164	1	0	0	0	0
2024-12-11 23:22:50	31.951909987999997	69.998892	70.00164	1	0	0	0	0
2024-12-11 23:23:00	31.744454087999998	70.030042	70.00164	1	0	0	0	0
2024-12-11 23:23:10	31.666016491999997	70.03940139999999	70.00164	1	0	0	0	0
2024-12-11 23:23:20	31.648293392	70.03850639999999	70.00164	1	0	0	0	0
2024-12-11 23:23:30	31.659933678	70.0371728	70.00164	1	0	0	0	0
2024-12-11 23:23:40	31.685392028000003	70.0356328	70.00164	1	0	0	0	0
2024-12-11 23:23:50	31.606346142	70.0468564	70.00164	1	0	0	0	0
2024-12-11 23:24:00	31.478121792	70.0640864	70.00164	1	0	0	0	0
2024-12-11 23:24:10	31.367982722	70.077964	70.00164	1	0	0	0	0
2024-12-11 23:24:20	31.266354372000002	70.090264	70.00164	1	0	0	0	0
2024-12-11 23:24:30	31.286951806	70.08604340000001	70.00164	1	0	0	0	0
2024-12-11 23:24:40	31.365067256	70.07404840000001	70.00164	1	0	0	0	0
2024-12-11 23:24:50	31.342251972	70.0736984	70.00164	1	0	0	0	0
2024-12-11 23:25:00	31.271939872	70.0788284	70.00164	1	0	0	0	0
2024-12-11 23:25:10	31.25633911	70.0734932	70.00164	1	0	0	0	0
2024-12-11 23:25:20	31.26648486	70.0632332	70.00164	1	0	0	0	0
2024-12-11 23:25:30	31.26132177	70.06209199999999	70.00164	1	0	0	0	0
2024-12-11 23:25:40	31.24895452	70.065242	70.00164	1	0	0	0	0
2024-12-11 23:25:50	31.25055141	70.0624488	70.00164	1	0	0	0	0
2024-12-11 23:26:00	31.25871966	70.0568588	70.00164	1	0	0	0	0
2024-12-11 23:26:10	31.262937858	70.059505368	70.00164	1	0	0	0	0
2024-12-11 23:26:20	31.265297208	70.066027968	70.00164	1	0	0	0	0
2024-12-11 23:26:30	31.178971196000003	70.075634232	70.00164	1	0	0	0	0
2024-12-11 23:26:40	31.050910896	70.086691632	70.00164	1	0	0	0	0
2024-12-11 23:26:50	30.994943856000003	70.0928276	70.00164	1	0	0	0	0
2024-12-11 23:27:00	30.972903056	70.0966476	70.00164	1	0	0	0	0
2024-12-11 23:27:10	30.916037178	70.099670198	70.00164	1	0	0	0	0
2024-12-11 23:27:20	30.842783028	70.10231754799999	70.00164	1	0	0	0	0
2024-12-11 23:27:30	30.779271612	70.108161102	70.00164	1	0	0	0	0
2024-12-11 23:27:40	30.720345012	70.115508752	70.00164	1	0	0	0	0
2024-12-11 23:27:50	30.716909777999998	70.11848736799999	70.00164	1	0	0	0	0
2024-12-11 23:28:00	30.739588127999998	70.119409968	70.00164	1	0	0	0	0
2024-12-11 23:28:10	30.750283552	70.113518832	70.00164	1	0	0	0	0
2024-12-11 23:28:20	30.755339952	70.104421232	70.00164	1	0	0	0	0
2024-12-11 23:28:30	30.70712148	70.1082148	70.00164	1	0	0	0	0
2024-12-11 23:28:40	30.63383248	70.1180748	70.00164	1	0	0	0	0
2024-12-11 23:28:50	30.60068048	70.118102	70.00164	1	0	0	0	0
2024-12-11 23:29:00	30.58641648	70.113502	70.00164	1	0	0	0	0
2024-12-11 23:29:10	30.59861893	70.105468	70.00164	1	0	0	0	0
2024-12-11 23:29:20	30.623276179999998	70.09581800000001	70.00164	1	0	0	0	0
2024-12-11 23:29:30	30.539213942	70.1056058	70.00164	1	0	0	0	0
2024-12-11 23:29:40	30.403989592	70.1245408	70.00164	1	0	0	0	0
2024-12-11 23:29:50	30.384705106	70.12409427	70.00164	1	0	0	0	0
2024-12-11 23:30:00	30.419980556	70.11452702	70.00164	1	0	0	0	0
2024-12-11 23:30:10	30.453326064	70.10416382999999	70.00164	1	0	0	0	0
2024-12-11 23:30:20	30.485763364	70.09342608	70.00164	1	0	0	0	0
2024-12-11 23:30:30	30.547752784	70.079706972	70.00164	1	0	0	0	0
2024-12-11 23:30:40	30.623649084	70.064584872	70.00164	1	0	0	0	0
2024-12-11 23:30:50	30.653187438	70.05782106	70.00164	1	0	0	0	0
2024-12-11 23:31:00	30.660910288	70.05499056	70.00164	1	0	0	0	0
2024-12-11 23:31:10	30.682222428	70.049693768	70.00164	1	0	0	0	0
2024-12-11 23:31:20	30.709929528	70.043236368	70.00164	1	0	0	0	0
2024-12-11 23:31:30	30.789668256	70.03398403199999	70.00164	1	0	0	0	0
2024-12-11 23:31:40	30.893892456	70.023416432	70.00164	1	0	0	0	0
2024-12-11 23:31:50	31.025823766000002	70.002592766	70.00164	1	0	0	0	0
2024-12-11 23:32:00	31.170793716000002	69.976942716	70.00164	1	0	0	0	0
2024-12-11 23:32:10	31.27435442	69.961980702	70.00164	1	0	0	0	0
2024-12-11 23:32:20	31.35842842	69.952048352	70.00164	1	0	0	0	0
2024-12-11 23:32:30	31.425260169999998	69.946705866	70.00164	1	0	0	0	0
2024-12-11 23:32:40	31.483977919999997	69.943523316	70.00164	1	0	0	0	0
2024-12-11 23:32:50	31.482416016	69.94505663400001	70.00164	1	0	0	0	0
2024-12-11 23:33:00	31.452487216	69.94880918400001	70.00164	1	0	0	0	0
2024-12-11 23:33:10	31.525390974	69.942071	70.00164	1	0	0	0	0
2024-12-11 23:33:20	31.646686524	69.930396	70.00164	1	0	0	0	0
2024-12-11 23:33:30	31.669287995999998	69.9277616	70.00164	1	0	0	0	0
2024-12-11 23:33:40	31.645445195999997	69.9293816	70.00164	1	0	0	0	0
2024-12-11 23:33:50	31.713652193999998	69.91535327	70.00164	1	0	0	0	0
2024-12-11 23:34:00	31.825176744	69.89396101999999	70.00164	1	0	0	0	0
2024-12-11 23:34:10	31.966630236	69.88420323	70.00164	1	0	0	0	0
2024-12-11 23:34:20	32.122167936	69.87992048	70.00164	1	0	0	0	0
2024-12-11 23:34:30	32.1687984	69.8760272	70.00164	1	0	0	0	0
2024-12-11 23:34:40	32.1641784	69.8723172	70.00164	1	0	0	0	0
2024-12-11 23:34:50	32.204218386	69.8679408	70.00164	1	0	0	0	0
2024-12-11 23:35:00	32.265274835999996	69.8632508	70.00164	1	0	0	0	0
2024-12-11 23:35:10	32.347417644	69.8554872	70.00164	1	0	0	0	0
2024-12-11 23:35:20	32.439483444	69.84627719999999	70.00164	1	0	0	0	0
2024-12-11 23:35:30	32.508527572	69.843925	70.00164	1	0	0	0	0
2024-12-11 23:35:40	32.566737972	69.84479999999999	70.00164	1	0	0	0	0
2024-12-11 23:35:50	32.604704806	69.8441076	70.00164	1	0	0	0	0
2024-12-11 23:36:00	32.633145256	69.8426776	70.00164	1	0	0	0	0
2024-12-11 23:36:10	32.66074917	69.84205537199999	70.00164	1	0	0	0	0
2024-12-11 23:36:20	32.68795942	69.841813272	70.00164	1	0	0	0	0
2024-12-11 23:36:30	32.78831642	69.83314882799999	70.00164	1	0	0	0	0
2024-12-11 23:36:40	32.923095419999996	69.820520928	70.00164	1	0	0	0	0
2024-12-11 23:36:50	33.052117302	69.8071028	70.00164	1	0	0	0	0
2024-12-11 23:37:00	33.178429952	69.7933128	70.00164	1	0	0	0	0
2024-12-11 23:37:10	33.300849772	69.7799274	70.00164	1	0	0	0	0
2024-12-11 23:37:20	33.421437671999996	69.76673240000001	70.00164	1	0	0	0	0
2024-12-11 23:37:30	33.511130078	69.76186226600001	70.00164	1	0	0	0	0
2024-12-11 23:37:40	33.586283428	69.760909716	70.00164	1	0	0	0	0
2024-12-11 23:37:50	33.62653265	69.766643708	70.00164	1	0	0	0	0
2024-12-11 23:38:00	33.6503564	69.775524308	70.00164	1	0	0	0	0
2024-12-11 23:38:10	33.747499382	69.76639742	70.00164	1	0	0	0	0
2024-12-11 23:38:20	33.879145531999995	69.74879642	70.00164	1	0	0	0	0
2024-12-11 23:38:30	33.959834318	69.74138981	70.00164	1	0	0	0	0
2024-12-11 23:38:40	34.016543168	69.73878056000001	70.00164	1	0	0	0	0
2024-12-11 23:38:50	34.105485582	69.739099696	70.00164	1	0	0	0	0
2024-12-11 23:39:00	34.209596732	69.74079689599999	70.00164	1	0	0	0	0
2024-12-11 23:39:10	34.246384346	69.7443524	70.00164	1	0	0	0	0
2024-12-11 23:39:20	34.251490296	69.74878240000001	70.00164	1	0	0	0	0
2024-12-11 23:39:30	34.350002372	69.742278	70.00164	1	0	0	0	0
2024-12-11 23:39:40	34.492470272	69.730628	70.00164	1	0	0	0	0
2024-12-11 23:39:50	34.568757070000004	69.72605	70.00164	1	0	0	0	0
2024-12-11 23:40:00	34.61389982	69.7248	70.00164	1	0	0	0	0
2024-12-11 23:40:10	34.66715463	69.7330292	70.00164	1	0	0	0	0
2024-12-11 23:40:20	34.724226879999996	69.7457192	70.00164	1	0	0	0	0
2024-12-11 23:40:30	34.635397854	69.7654234	70.00164	1	0	0	0	0
2024-12-11 23:40:40	34.477909404	69.7884284	70.00164	1	0	0	0	0
2024-12-11 23:40:50	34.575342244	69.7775762	70.00164	1	0	0	0	0
2024-12-11 23:41:00	34.792738044000004	69.75079120000001	70.00164	1	0	0	0	0
2024-12-11 23:41:10	35.033533902	69.7208952	70.00164	1	0	0	0	0
2024-12-11 23:41:20	35.285341552000006	69.68953520000001	70.00164	1	0	0	0	0
2024-12-11 23:41:30	35.403579964	69.685104526	70.00164	1	0	0	0	0
2024-12-11 23:41:40	35.458962264	69.693346476	70.00164	1	0	0	0	0
2024-12-11 23:41:50	35.547039235999996	69.704424774	70.00164	1	0	0	0	0
2024-12-11 23:42:00	35.650501936	69.716837824	70.00164	1	0	0	0	0
2024-12-11 23:42:10	35.6629176	69.717520806	70.00164	1	0	0	0	0
2024-12-11 23:42:20	35.632487600000005	69.712683756	70.00164	1	0	0	0	0
2024-12-11 23:42:30	35.62275	69.7111359	70.00164	1	0	0	0	0
2024-12-11 23:42:40	35.78285889344262	69.70071803114755	70.00164	1	0	0	0	0
2024-12-11 23:42:50	35.803036104	69.710381374	70.00164	1	0	0	0	0
2024-12-11 23:43:00	35.748991404	69.730039424	70.00164	1	0	0	0	0
2024-12-11 23:43:10	35.804580486	69.729429326	70.00164	1	0	0	0	0
2024-12-11 23:43:20	35.911761936000005	69.719281276	70.00164	1	0	0	0	0
2024-12-11 23:43:30	36.02686872118227	69.71214352955666	70.00164	1	0	0	0	0
2024-12-11 23:43:40	36.145705075862075	69.70642239655173	70.00164	1	0	0	0	0
2024-12-11 23:43:50	36.20697438883249	69.70506999999999	70.00164	1	0	0	0	0
2024-12-11 23:44:00	36.23724606395939	69.70607	70.00164	1	0	0	0	0
2024-12-11 23:44:10	36.315618066	69.709853104	70.00164	1	0	0	0	0
2024-12-11 23:44:20	36.416625516	69.714945904	70.00164	1	0	0	0	0
2024-12-11 23:44:30	36.362451152	69.730736226	70.00164	1	0	0	0	0
2024-12-11 23:44:40	36.235250052	69.751560676	70.00164	1	0	0	0	0
2024-12-11 23:44:50	36.226647684	69.75457477	70.00164	1	0	0	0	0
2024-12-11 23:45:00	36.273856484	69.74920752	70.00164	1	0	0	0	0
2024-12-11 23:45:10	36.451556161999996	69.740065964	70.00164	1	0	0	0	0
2024-12-11 23:45:20	36.690663312	69.729148264	70.00164	1	0	0	0	0
2024-12-11 23:45:30	36.755917616	69.730015236	70.00164	1	0	0	0	0
2024-12-11 23:45:40	36.739358816	69.736427936	70.00164	1	0	0	0	0
2024-12-11 23:45:50	36.693380428	69.7463884	70.00164	1	0	0	0	0
2024-12-11 23:46:00	36.633557528	69.7580184	70.00164	1	0	0	0	0
2024-12-11 23:46:10	36.641425772	69.76378340000001	70.00164	1	0	0	0	0
2024-12-11 23:46:20	36.681148672	69.76678840000001	70.00164	1	0	0	0	0
2024-12-11 23:46:30	36.727182142000004	69.7669952	70.00164	1	0	0	0	0
2024-12-11 23:46:40	36.776185292	69.7658852	70.00164	1	0	0	0	0
2024-12-11 23:46:50	36.864324958000005	69.761458602	70.00164	1	0	0	0	0
2024-12-11 23:47:00	36.970881808	69.755471252	70.00164	1	0	0	0	0
2024-12-11 23:47:10	36.986167800000004	69.774181298	70.00164	1	0	0	0	0
2024-12-11 23:47:20	36.9585028	69.80451364800001	70.00164	1	0	0	0	0
2024-12-11 23:47:30	36.80478705	69.8258276	70.00164	1	0	0	0	0
2024-12-11 23:47:40	36.5917533	69.8428976	70.00164	1	0	0	0	0
2024-12-11 23:47:50	36.545883066	69.8505462	70.00164	1	0	0	0	0
2024-12-11 23:48:00	36.578678016000005	69.8537612	70.00164	1	0	0	0	0
2024-12-11 23:48:10	36.667503232	69.847497	70.00164	1	0	0	0	0
2024-12-11 23:48:20	36.782695632	69.83677200000001	70.00164	1	0	0	0	0
2024-12-11 23:48:30	36.829487002	69.8346728	70.00164	1	0	0	0	0
2024-12-11 23:48:40	36.844089652	69.8366328	70.00164	1	0	0	0	0
2024-12-11 23:48:50	36.864470432	69.8368044	70.00164	1	0	0	0	0
2024-12-11 23:49:00	36.887570332	69.8361344	70.00164	1	0	0	0	0
2024-12-11 23:49:10	36.87970055	69.8448824	70.00164	1	0	0	0	0
2024-12-11 23:49:20	36.8572568	69.8580624	70.00164	1	0	0	0	0
2024-12-11 23:49:30	36.874634768	69.8634802	70.00164	1	0	0	0	0
2024-12-11 23:49:40	36.910752368000004	69.86524519999999	70.00164	1	0	0	0	0
2024-12-11 23:49:50	36.911469644	69.87106299999999	70.00164	1	0	0	0	0
2024-12-11 23:50:00	36.895527944	69.878788	70.00164	1	0	0	0	0
2024-12-11 23:50:10	36.834513056	69.88971770399999	70.00164	1	0	0	0	0
2024-12-11 23:50:20	36.752287255999995	69.90215550399999	70.00164	1	0	0	0	0
2024-12-11 23:50:30	36.619527868	69.91677097	70.00164	1	0	0	0	0
2024-12-11 23:50:40	36.462987968	69.93241121999999	70.00164	1	0	0	0	0
2024-12-11 23:50:50	36.457205632	69.94125602599999	70.00164	1	0	0	0	0
2024-12-11 23:51:00	36.522368031999996	69.946902976	70.00164	1	0	0	0	0
2024-12-11 23:51:10	36.495677799999996	69.949588526	70.00164	1	0	0	0	0
2024-12-11 23:51:20	36.4257628	69.950880476	70.00164	1	0	0	0	0
2024-12-11 23:51:30	36.461168274	69.945968174	70.00164	1	0	0	0	0
2024-12-11 23:51:40	36.546136324	69.938136224	70.00164	1	0	0	0	0
2024-12-11 23:51:50	36.569167934	69.9431712	70.00164	1	0	0	0	0
2024-12-11 23:52:00	36.563052984	69.95426119999999	70.00164	1	0	0	0	0
2024-12-11 23:52:10	36.598475664	69.947594666	70.00164	1	0	0	0	0
2024-12-11 23:52:20	36.653445464	69.932572116	70.00164	1	0	0	0	0
2024-12-11 23:52:30	36.727857246	69.92370363399999	70.00164	1	0	0	0	0
2024-12-11 23:52:40	36.811418196	69.91773118399999	70.00164	1	0	0	0	0
2024-12-11 23:52:50	36.72914023532338	69.9365447761194	70.00164	1	0	0	0	0
2024-12-11 23:53:00	36.56882043432836	69.9670223880597	70.00164	1	0	0	0	0
2024-12-11 23:53:10	36.48087436666667	69.9862052	70.00164	1	0	0	0	0
2024-12-11 23:53:20	36.428575063184084	69.99982490149253	70.00164	1	0	0	0	0
2024-12-11 23:53:30	36.330682305882355	70.01202437647059	70.00164	1	0	0	0	0
2024-12-11 23:53:40	36.209302011764706	70.02349221960785	70.00164	1	0	0	0	0
2024-12-11 23:53:50	36.20049968383839	70.01392364141414	70.00164	1	0	0	0	0
2024-12-11 23:54:00	36.26069675454546	69.99146177272726	70.00164	1	0	0	0	0
2024-12-11 23:54:10	36.33160637064677	69.98344698258705	70.00164	1	0	0	0	0
2024-12-11 23:54:20	36.408541793532336	69.98355867412936	70.00164	1	0	0	0	0
2024-12-11 23:54:30	36.3892839825	69.9857924	70.00164	1	0	0	0	0
2024-12-11 23:54:40	36.3135317325	69.9892724	70.00164	1	0	0	0	0
2024-12-11 23:54:50	36.295982379	69.99413525	70.00164	1	0	0	0	0
2024-12-11 23:55:00	36.312615679000004	69.99981025	70.00164	1	0	0	0	0
2024-12-11 23:55:10	36.2994416	70.0114545	70.00164	1	0	0	0	0
2024-12-11 23:55:20	36.2687616	70.0266045	70.00164	1	0	0	0	0
2024-12-11 23:55:30	36.1211284	70.0411119	70.00164	1	0	0	0	0
2024-12-11 23:55:40	35.9048084	70.0552419	70.00164	1	0	0	0	0
2024-12-11 23:55:50	35.86603185	70.05698295	70.00164	1	0	0	0	0
2024-12-11 23:56:00	35.93152685	70.05144795000001	70.00164	1	0	0	0	0
2024-12-11 23:56:10	35.9148424135	70.05189795	70.00164	1	0	0	0	0
2024-12-11 23:56:20	35.8498938635	70.05586294999999	70.00164	1	0	0	0	0
2024-12-11 23:56:30	35.8382572365	70.05180804999999	70.00164	1	0	0	0	0
2024-12-11 23:56:40	35.8579307865	70.04304305	70.00164	1	0	0	0	0
2024-12-11 23:56:50	35.899426874999996	70.0378722	70.00164	1	0	0	0	0
2024-12-11 23:57:00	35.953739375	70.0348122	70.00164	1	0	0	0	0
2024-12-11 23:57:10	35.9772248095	70.03341855000001	70.00164	1	0	0	0	0
2024-12-11 23:57:20	35.9826054595	70.03300355	70.00164	1	0	0	0	0
2024-12-11 23:57:30	35.9517272155	70.0362772	70.00164	1	0	0	0	0
2024-12-11 23:57:40	35.8995540655	70.0417172	70.00164	1	0	0	0	0
2024-12-11 23:57:50	35.871466981	70.0454562	70.00164	1	0	0	0	0
2024-12-11 23:58:00	35.857525681	70.0481962	70.00164	1	0	0	0	0
2024-12-11 23:58:10	35.819872819	70.0567322	70.00164	1	0	0	0	0
2024-12-11 23:58:20	35.768294119	70.0686722	70.00164	1	0	0	0	0
2024-12-11 23:58:30	35.66315515	70.0807382	70.00164	1	0	0	0	0
2024-12-11 23:58:40	35.52656015	70.0928782	70.00164	1	0	0	0	0
2024-12-11 23:58:50	35.477658	70.09634625	70.00164	1	0	0	0	0
2024-12-11 23:59:00	35.480258	70.09472125	70.00164	1	0	0	0	0
2024-12-11 23:59:10	35.48507875	70.09952225	70.00164	1	0	0	0	0
2024-12-11 23:59:20	35.491203750000004	70.10809725	70.00164	1	0	0	0	0
2024-12-11 23:59:30	35.4176999	70.1085358	70.00164	1	0	0	0	0
2024-12-11 23:59:40	35.2974299	70.1041958	70.00164	1	0	0	0	0
2024-12-11 23:59:50	35.252245795049504	70.09965688217822	70.00164	1	0	0	0	0
2024-12-12 00:00:00	35.25115975544554	70.09500113960395	70.00164	1	0	0	0	0
