PROCESSDATA	2111FIC46005 Data	yyyy-MM-dd HH:mm:ss
8	10	2024-09-01 21:55:00	751
tagname	2111FIC46005.MV	2111FIC46005.PV	2111FIC46005.SV	2111FIC46005.MODE	bOpOFL	bPvOFL	bSpOFL	bAutOFL
desc	低低压蒸汽自F301至C420_OP	低低压蒸汽自F301至C420_PV	低低压蒸汽自F301至C420_SP	Aut	bOpOFL	bPvOFL	bSpOFL	bAutOFL
fsMax=1.6474154699999985	fsMin=0	fsGridNum=10	fdMax=1.6474154699999985tfdMin=0	fdGridNum=10	v0GridNum=10	L=24
2024-09-01 21:55:00	72.327150684	960.879676	970	1	0	0	0	0
2024-09-01 21:55:10	72.364424312	960.70208048	970	1	0	0	0	0
2024-09-01 21:55:20	72.406926496	960.01170696	970	1	0	0	0	0
2024-09-01 21:55:30	72.4511844	959.806792	970	1	0	0	0	0
2024-09-01 21:55:40	72.476564936	960.0565760000001	970	1	0	0	0	0
2024-09-01 21:55:50	72.522069416	959.5294719999999	970	1	0	0	0	0
2024-09-01 21:56:00	72.5491488	959.653312	970	1	0	0	0	0
2024-09-01 21:56:10	72.59582826399999	958.62236	970	1	0	0	0	0
2024-09-01 21:56:20	72.6294324	959.9035719999999	970	1	0	0	0	0
2024-09-01 21:56:30	72.66610232000001	959.7524770399999	970	1	0	0	0	0
2024-09-01 21:56:40	72.69004731599999	959.837032	970	1	0	0	0	0
2024-09-01 21:56:50	72.73118960000001	960.3491	970	1	0	0	0	0
2024-09-01 21:57:00	72.72476359999999	963.33183716	970	1	0	0	0	0
2024-09-01 21:57:10	72.623537736	970.6018599600001	970	1	0	0	0	0
2024-09-01 21:57:20	72.595274936	971.61402468	970	1	0	0	0	0
2024-09-01 21:57:30	72.5864904	971.781356	970	1	0	0	0	0
2024-09-01 21:57:40	72.58018487999999	972.5365941599999	970	1	0	0	0	0
2024-09-01 21:57:50	72.56106036	972.757688	970	1	0	0	0	0
2024-09-01 21:58:00	72.5353288	973.729128	970	1	0	0	0	0
2024-09-01 21:58:10	72.5330776	973.43032968	970	1	0	0	0	0
2024-09-01 21:58:20	72.5191172	972.9232546	970	1	0	0	0	0
2024-09-01 21:58:30	72.51137634	973.10715056	970	1	0	0	0	0
2024-09-01 21:58:40	72.5004248	973.52988256	970	1	0	0	0	0
2024-09-01 21:58:50	72.49361634	972.96381352	970	1	0	0	0	0
2024-09-01 21:59:00	72.489658624	973.01239236	970	1	0	0	0	0
2024-09-01 21:59:10	72.4739612	973.3855759999999	970	1	0	0	0	0
2024-09-01 21:59:20	72.4524388	973.8886187200001	970	1	0	0	0	0
2024-09-01 21:59:30	72.4503524	973.29731216	970	1	0	0	0	0
2024-09-01 21:59:40	72.43115688	973.2277590799999	970	1	0	0	0	0
2024-09-01 21:59:50	72.4163956	973.8095880000001	970	1	0	0	0	0
2024-09-01 22:00:00	72.40193484	973.72723172	970	1	0	0	0	0
2024-09-01 22:00:10	72.3843944	974.098648	970	1	0	0	0	0
2024-09-01 22:00:20	72.356047704	974.814708	970	1	0	0	0	0
2024-09-01 22:00:30	72.3516824	973.8692196000001	970	1	0	0	0	0
2024-09-01 22:00:40	72.330402	974.7403190399999	970	1	0	0	0	0
2024-09-01 22:00:50	72.3215036	974.00589744	970	1	0	0	0	0
2024-09-01 22:01:00	72.3063736	974.054012	970	1	0	0	0	0
2024-09-01 22:01:10	72.298574	973.35880344	970	1	0	0	0	0
2024-09-01 22:01:20	72.284643736	973.3720519999999	970	1	0	0	0	0
2024-09-01 22:01:30	72.284483648	972.8141355199999	970	1	0	0	0	0
2024-09-01 22:01:40	72.2667296	973.1277365999999	970	1	0	0	0	0
2024-09-01 22:01:50	72.2717848	972.50518572	970	1	0	0	0	0
2024-09-01 22:02:00	72.25907240000001	972.86382588	970	1	0	0	0	0
2024-09-01 22:02:10	72.243376544	972.9852199999999	970	1	0	0	0	0
2024-09-01 22:02:20	72.230514	973.19305504	970	1	0	0	0	0
2024-09-01 22:02:30	72.22205439999999	972.5070946	970	1	0	0	0	0
2024-09-01 22:02:40	72.208973376	972.7628000000001	970	1	0	0	0	0
2024-09-01 22:02:50	72.19799085918368	973.6639591836735	970	1	0	0	0	0
2024-09-01 22:03:00	72.18708840000001	973.590536	970	1	0	0	0	0
2024-09-01 22:03:10	72.156211464	974.56732	970	1	0	0	0	0
2024-09-01 22:03:20	72.1509056	973.8684992	970	1	0	0	0	0
2024-09-01 22:03:30	72.1339452	974.195488	970	1	0	0	0	0
2024-09-01 22:03:40	72.121314068	973.98064456	970	1	0	0	0	0
2024-09-01 22:03:50	72.10728677959183	973.7271340204081	970	1	0	0	0	0
2024-09-01 22:04:00	72.090870448	974.291848	970	1	0	0	0	0
2024-09-01 22:04:10	72.087033952	973.397004	970	1	0	0	0	0
2024-09-01 22:04:20	72.080890048	972.94343956	970	1	0	0	0	0
2024-09-01 22:04:30	72.0756192	973.27721984	970	1	0	0	0	0
2024-09-01 22:04:40	72.068927032	972.51856672	970	1	0	0	0	0
2024-09-01 22:04:50	72.05427018775511	972.2237435714285	970	1	0	0	0	0
2024-09-01 22:05:00	72.050091896	972.12446152	970	1	0	0	0	0
2024-09-01 22:05:10	72.04030608	972.56889216	970	1	0	0	0	0
2024-09-01 22:05:20	72.036184	972.50160796	970	1	0	0	0	0
2024-09-01 22:05:30	72.04084934	971.274188	970	1	0	0	0	0
2024-09-01 22:05:40	72.18398992	961.463716	970	1	0	0	0	0
2024-09-01 22:05:50	72.23715814	960.83589848	970	1	0	0	0	0
2024-09-01 22:06:00	72.282481824	959.811464	970	1	0	0	0	0
2024-09-01 22:06:10	72.313838624	960.1054003200001	970	1	0	0	0	0
2024-09-01 22:06:20	72.34207752	960.05588364	970	1	0	0	0	0
2024-09-01 22:06:30	72.36891835200001	960.7215276	970	1	0	0	0	0
2024-09-01 22:06:40	72.416781112	960.3566204	970	1	0	0	0	0
2024-09-01 22:06:50	72.46302157894736	959.3540654035087	970	1	0	0	0	0
2024-09-01 22:07:00	72.50125462040816	959.3124671836734	970	1	0	0	0	0
2024-09-01 22:07:10	72.53869200000001	958.7518902400001	970	1	0	0	0	0
2024-09-01 22:07:20	72.575661288	959.01748	970	1	0	0	0	0
2024-09-01 22:07:30	72.6051712	959.8364278	970	1	0	0	0	0
2024-09-01 22:07:40	72.635120968	960.083768	970	1	0	0	0	0
2024-09-01 22:07:50	72.65623760000001	960.1253519999999	970	1	0	0	0	0
2024-09-01 22:08:00	72.69964440000001	960.4983041600001	970	1	0	0	0	0
2024-09-01 22:08:10	72.717326	961.4165482799999	970	1	0	0	0	0
2024-09-01 22:08:20	72.705202	965.5281254	970	1	0	0	0	0
2024-09-01 22:08:30	72.527664	976.3949891599999	970	1	0	0	0	0
2024-09-01 22:08:40	72.5074436	975.69217872	970	1	0	0	0	0
2024-09-01 22:08:50	72.49027919999999	975.96484176	970	1	0	0	0	0
2024-09-01 22:09:00	72.4755476	975.2997884	970	1	0	0	0	0
2024-09-01 22:09:10	72.462293064	974.70747896	970	1	0	0	0	0
2024-09-01 22:09:20	72.44717320000001	974.99314	970	1	0	0	0	0
2024-09-01 22:09:30	72.4302232	974.7274980000001	970	1	0	0	0	0
2024-09-01 22:09:40	72.429596	974.50996	970	1	0	0	0	0
2024-09-01 22:09:50	72.417104	973.7472839999999	970	1	0	0	0	0
2024-09-01 22:10:00	72.40644214400001	973.53403016	970	1	0	0	0	0
2024-09-01 22:10:10	72.397632136	973.369056	970	1	0	0	0	0
2024-09-01 22:10:20	72.3887472	972.72258456	970	1	0	0	0	0
2024-09-01 22:10:30	72.385792128	972.5813610399999	970	1	0	0	0	0
2024-09-01 22:10:40	72.37348504799999	972.5253319999999	970	1	0	0	0	0
2024-09-01 22:10:50	72.3668442	972.349044	970	1	0	0	0	0
2024-09-01 22:11:00	72.34576440000001	973.8625880000001	970	1	0	0	0	0
2024-09-01 22:11:10	72.351341472	972.75918	970	1	0	0	0	0
2024-09-01 22:11:20	72.34293360000001	972.6802600000001	970	1	0	0	0	0
2024-09-01 22:11:30	72.3297036	972.8920630800001	970	1	0	0	0	0
2024-09-01 22:11:40	72.32424119999999	972.38725672	970	1	0	0	0	0
2024-09-01 22:11:50	72.3055408	973.03087432	970	1	0	0	0	0
2024-09-01 22:12:00	72.2921992	973.3885	970	1	0	0	0	0
2024-09-01 22:12:10	72.270210672	973.69863572	970	1	0	0	0	0
2024-09-01 22:12:20	72.2596832	973.4212075199999	970	1	0	0	0	0
2024-09-01 22:12:30	72.2386008	973.9977151200001	970	1	0	0	0	0
2024-09-01 22:12:40	72.230572	974.2260679999999	970	1	0	0	0	0
2024-09-01 22:12:50	72.2193408	973.854516	970	1	0	0	0	0
2024-09-01 22:13:00	72.1859584	974.0999756	970	1	0	0	0	0
2024-09-01 22:13:10	72.1845184	974.2830680000001	970	1	0	0	0	0
2024-09-01 22:13:20	72.159486	974.65320952	970	1	0	0	0	0
2024-09-01 22:13:30	72.1512144	973.94823832	970	1	0	0	0	0
2024-09-01 22:13:40	72.1375388	973.78405752	970	1	0	0	0	0
2024-09-01 22:13:50	72.127219432	973.9385348	970	1	0	0	0	0
2024-09-01 22:14:00	72.120351296	974.0472586	970	1	0	0	0	0
2024-09-01 22:14:10	72.1033944	973.788996	970	1	0	0	0	0
2024-09-01 22:14:20	72.086814	973.76636576	970	1	0	0	0	0
2024-09-01 22:14:30	72.060285416	974.54875928	970	1	0	0	0	0
2024-09-01 22:14:40	72.0420664	974.6514522	970	1	0	0	0	0
2024-09-01 22:14:50	72.0278232	974.69653808	970	1	0	0	0	0
2024-09-01 22:15:00	71.9999256	975.7334246800001	970	1	0	0	0	0
2024-09-01 22:15:10	71.9784132	975.43016	970	1	0	0	0	0
2024-09-01 22:15:20	71.966373264	975.353036	970	1	0	0	0	0
2024-09-01 22:15:30	71.9824376	971.092636	970	1	0	0	0	0
2024-09-01 22:15:40	72.1920544	959.37942332	970	1	0	0	0	0
2024-09-01 22:15:50	72.2270744	959.33021568	970	1	0	0	0	0
2024-09-01 22:16:00	72.266075508	959.0992862400001	970	1	0	0	0	0
2024-09-01 22:16:10	72.3029968	959.201721	970	1	0	0	0	0
2024-09-01 22:16:20	72.3556832	959.1227193999999	970	1	0	0	0	0
2024-09-01 22:16:30	72.40158079999999	958.037288	970	1	0	0	0	0
2024-09-01 22:16:40	72.452332	957.34029544	970	1	0	0	0	0
2024-09-01 22:16:50	72.4970508	957.65806	970	1	0	0	0	0
2024-09-01 22:17:00	72.5420288	957.79343944	970	1	0	0	0	0
2024-09-01 22:17:10	72.5821308	957.3019314000001	970	1	0	0	0	0
2024-09-01 22:17:20	72.627122632	957.8831354399999	970	1	0	0	0	0
2024-09-01 22:17:30	72.4966192	969.27619128	970	1	0	0	0	0
2024-09-01 22:17:40	72.46049640000001	971.2798758	970	1	0	0	0	0
2024-09-01 22:17:50	72.4454592	971.7440848	970	1	0	0	0	0
2024-09-01 22:18:00	72.443664	971.3301799999999	970	1	0	0	0	0
2024-09-01 22:18:10	72.43317777200001	971.8277559999999	970	1	0	0	0	0
2024-09-01 22:18:20	72.4374084	971.33684104	970	1	0	0	0	0
2024-09-01 22:18:30	72.436529036	971.384764	970	1	0	0	0	0
2024-09-01 22:18:40	72.4313888	971.35992988	970	1	0	0	0	0
2024-09-01 22:18:50	72.4225644	971.214224	970	1	0	0	0	0
2024-09-01 22:19:00	72.430860732	970.0459519599999	970	1	0	0	0	0
2024-09-01 22:19:10	72.4305964	970.9156238	970	1	0	0	0	0
2024-09-01 22:19:20	72.4259552	970.84779276	970	1	0	0	0	0
2024-09-01 22:19:30	72.4195192	970.84581568	970	1	0	0	0	0
2024-09-01 22:19:40	72.4255812	969.949788	970	1	0	0	0	0
2024-09-01 22:19:50	72.4241388	970.39495556	970	1	0	0	0	0
2024-09-01 22:20:00	72.4186276	971.0498392	970	1	0	0	0	0
2024-09-01 22:20:10	72.405416664	971.29635632	970	1	0	0	0	0
2024-09-01 22:20:20	72.393594744	971.56236528	970	1	0	0	0	0
2024-09-01 22:20:30	72.39548977599999	971.580532	970	1	0	0	0	0
2024-09-01 22:20:40	72.38711738399999	971.75354928	970	1	0	0	0	0
2024-09-01 22:20:50	72.3742812	972.3520400000001	970	1	0	0	0	0
2024-09-01 22:21:00	72.3611908	972.272856	970	1	0	0	0	0
2024-09-01 22:21:10	72.3577464	972.22849736	970	1	0	0	0	0
2024-09-01 22:21:20	72.33644124	972.233676	970	1	0	0	0	0
2024-09-01 22:21:30	72.338928	972.23554392	970	1	0	0	0	0
2024-09-01 22:21:40	72.327282528	972.55676796	970	1	0	0	0	0
2024-09-01 22:21:50	72.31588072	973.312544	970	1	0	0	0	0
2024-09-01 22:22:00	72.3012252	972.747836	970	1	0	0	0	0
2024-09-01 22:22:10	72.293288068	973.3164894399999	970	1	0	0	0	0
2024-09-01 22:22:20	72.2837008	972.97836172	970	1	0	0	0	0
2024-09-01 22:22:30	72.2608224	973.26262784	970	1	0	0	0	0
2024-09-01 22:22:40	72.25426888	973.13769328	970	1	0	0	0	0
2024-09-01 22:22:50	72.2443504	973.42034904	970	1	0	0	0	0
2024-09-01 22:23:00	72.219438	973.527176	970	1	0	0	0	0
2024-09-01 22:23:10	72.21077960000001	974.03623616	970	1	0	0	0	0
2024-09-01 22:23:20	72.1946744	973.6617777600001	970	1	0	0	0	0
2024-09-01 22:23:30	72.180264092	973.9884667199999	970	1	0	0	0	0
2024-09-01 22:23:40	72.160321312	974.13046132	970	1	0	0	0	0
2024-09-01 22:23:50	72.14977206	974.128056	970	1	0	0	0	0
2024-09-01 22:24:00	72.1520164	973.073776	970	1	0	0	0	0
2024-09-01 22:24:10	72.144961032	973.3567848	970	1	0	0	0	0
2024-09-01 22:24:20	72.1253832	973.5834372400001	970	1	0	0	0	0
2024-09-01 22:24:30	72.124089368	973.0816560000001	970	1	0	0	0	0
2024-09-01 22:24:40	72.1016704	973.3882151199999	970	1	0	0	0	0
2024-09-01 22:24:50	72.080008988	974.033904	970	1	0	0	0	0
2024-09-01 22:25:00	72.0591668	974.3885679599999	970	1	0	0	0	0
2024-09-01 22:25:10	72.047168528	973.9242507199999	970	1	0	0	0	0
2024-09-01 22:25:20	72.031557624	974.53810128	970	1	0	0	0	0
2024-09-01 22:25:30	72.0247928	974.16741472	970	1	0	0	0	0
2024-09-01 22:25:40	72.0060256	973.5134	970	1	0	0	0	0
2024-09-01 22:25:50	71.979867908	975.18135064	970	1	0	0	0	0
2024-09-01 22:26:00	71.9696416	974.755628	970	1	0	0	0	0
2024-09-01 22:26:10	71.957184164	974.3179696799999	970	1	0	0	0	0
2024-09-01 22:26:20	72.0457732	965.219884	970	1	0	0	0	0
2024-09-01 22:26:30	72.16061015199999	961.6060398	970	1	0	0	0	0
2024-09-01 22:26:40	72.177846	961.8907786	970	1	0	0	0	0
2024-09-01 22:26:50	72.202275436	962.669896	970	1	0	0	0	0
2024-09-01 22:27:00	72.2330216	961.185152	970	1	0	0	0	0
2024-09-01 22:27:10	72.2652084	962.09078432	970	1	0	0	0	0
2024-09-01 22:27:20	72.2894104	962.10954224	970	1	0	0	0	0
2024-09-01 22:27:30	72.3198652	961.6609840000001	970	1	0	0	0	0
2024-09-01 22:27:40	72.34060896400001	962.4987160000001	970	1	0	0	0	0
2024-09-01 22:27:50	72.3706028	962.0238760000001	970	1	0	0	0	0
2024-09-01 22:28:00	72.39169	962.45188004	970	1	0	0	0	0
2024-09-01 22:28:10	72.4229692	962.449652	970	1	0	0	0	0
2024-09-01 22:28:20	72.453314732	961.608852	970	1	0	0	0	0
2024-09-01 22:28:30	72.500705856	960.8940240000001	970	1	0	0	0	0
2024-09-01 22:28:40	72.526892	961.471404	970	1	0	0	0	0
2024-09-01 22:28:50	72.559139532	960.74715532	970	1	0	0	0	0
2024-09-01 22:29:00	72.59700432	960.40542832	970	1	0	0	0	0
2024-09-01 22:29:10	72.63991672	960.060692	970	1	0	0	0	0
2024-09-01 22:29:20	72.668830096	960.68852712	970	1	0	0	0	0
2024-09-01 22:29:30	72.5877	968.7626884	970	1	0	0	0	0
2024-09-01 22:29:40	72.50121458800001	973.7175761599999	970	1	0	0	0	0
2024-09-01 22:29:50	72.479531472	974.369344	970	1	0	0	0	0
2024-09-01 22:30:00	72.45941107200001	974.4259	970	1	0	0	0	0
2024-09-01 22:30:10	72.44777824799999	974.396272	970	1	0	0	0	0
2024-09-01 22:30:20	72.4200948	975.063904	970	1	0	0	0	0
2024-09-01 22:30:30	72.397390584	975.189624	970	1	0	0	0	0
2024-09-01 22:30:40	72.37477	975.3506724800001	970	1	0	0	0	0
2024-09-01 22:30:50	72.37074319999999	974.77387592	970	1	0	0	0	0
2024-09-01 22:31:00	72.342301328	975.19237088	970	1	0	0	0	0
2024-09-01 22:31:10	72.32974680000001	975.78395304	970	1	0	0	0	0
2024-09-01 22:31:20	72.306859328	975.1177759999999	970	1	0	0	0	0
2024-09-01 22:31:30	72.2868924	975.1944639999999	970	1	0	0	0	0
2024-09-01 22:31:40	72.2674988	975.058704	970	1	0	0	0	0
2024-09-01 22:31:50	72.260736488	974.5071046400001	970	1	0	0	0	0
2024-09-01 22:32:00	72.26801	973.178	970	1	0	0	0	0
2024-09-01 22:32:10	72.23276591999999	974.9305398	970	1	0	0	0	0
2024-09-01 22:32:20	72.23737440000001	973.36986832	970	1	0	0	0	0
2024-09-01 22:32:30	72.204100408	975.04249296	970	1	0	0	0	0
2024-09-01 22:32:40	72.194104928	974.6540436	970	1	0	0	0	0
2024-09-01 22:32:50	72.2137596	971.92034144	970	1	0	0	0	0
2024-09-01 22:33:00	72.2053	972.618684	970	1	0	0	0	0
2024-09-01 22:33:10	72.16237199999999	973.6699759999999	970	1	0	0	0	0
2024-09-01 22:33:20	72.1425764	974.89248056	970	1	0	0	0	0
2024-09-01 22:33:30	72.11712406800001	974.908132	970	1	0	0	0	0
2024-09-01 22:33:40	72.090834	975.417376	970	1	0	0	0	0
2024-09-01 22:33:50	72.082449112	975.131296	970	1	0	0	0	0
2024-09-01 22:34:00	72.065154236	974.96413952	970	1	0	0	0	0
2024-09-01 22:34:10	72.0672644	974.57329312	970	1	0	0	0	0
2024-09-01 22:34:20	72.030292468	975.39671072	970	1	0	0	0	0
2024-09-01 22:34:30	72.0284448	974.51181428	970	1	0	0	0	0
2024-09-01 22:34:40	72.0112592	974.2351871200001	970	1	0	0	0	0
2024-09-01 22:34:50	72.014997104	972.48813384	970	1	0	0	0	0
2024-09-01 22:35:00	72.1224504	964.9965080000001	970	1	0	0	0	0
2024-09-01 22:35:10	72.178690624	964.15674072	970	1	0	0	0	0
2024-09-01 22:35:20	72.1979408	963.72049016	970	1	0	0	0	0
2024-09-01 22:35:30	72.2196036	963.8481287999999	970	1	0	0	0	0
2024-09-01 22:35:40	72.23238520000001	964.03586	970	1	0	0	0	0
2024-09-01 22:35:50	72.25323608800001	964.54111584	970	1	0	0	0	0
2024-09-01 22:36:00	72.302434	963.1131277999999	970	1	0	0	0	0
2024-09-01 22:36:10	72.31022399999999	963.73204492	970	1	0	0	0	0
2024-09-01 22:36:20	72.322139276	963.919076	970	1	0	0	0	0
2024-09-01 22:36:30	72.33339032	964.6381547999999	970	1	0	0	0	0
2024-09-01 22:36:40	72.363148624	964.359608	970	1	0	0	0	0
2024-09-01 22:36:50	72.37172859649122	964.7254950877193	970	1	0	0	0	0
2024-09-01 22:37:00	72.39639056	963.90844	970	1	0	0	0	0
2024-09-01 22:37:10	72.4068108	964.579304	970	1	0	0	0	0
2024-09-01 22:37:20	72.4438336	963.7889893600001	970	1	0	0	0	0
2024-09-01 22:37:30	72.4552968	964.199224	970	1	0	0	0	0
2024-09-01 22:37:40	72.4816376	964.222936	970	1	0	0	0	0
2024-09-01 22:37:50	72.499577552	963.8265769999999	970	1	0	0	0	0
2024-09-01 22:38:00	72.5158016	964.35838	970	1	0	0	0	0
2024-09-01 22:38:10	72.53545092799999	964.47585712	970	1	0	0	0	0
2024-09-01 22:38:20	72.5559108	964.6236560000001	970	1	0	0	0	0
2024-09-01 22:38:30	72.59447200000001	963.60084808	970	1	0	0	0	0
2024-09-01 22:38:40	72.598724624	964.305088	970	1	0	0	0	0
2024-09-01 22:38:50	72.624063592	964.34088264	970	1	0	0	0	0
2024-09-01 22:39:00	72.63940232	964.1567640000001	970	1	0	0	0	0
2024-09-01 22:39:10	72.6552008	964.977128	970	1	0	0	0	0
2024-09-01 22:39:20	72.67775119999999	964.34342372	970	1	0	0	0	0
2024-09-01 22:39:30	72.61533	970.05189376	970	1	0	0	0	0
2024-09-01 22:39:40	72.52459600799999	975.37695496	970	1	0	0	0	0
2024-09-01 22:39:50	72.49371760000001	975.990016	970	1	0	0	0	0
2024-09-01 22:40:00	72.472631072	975.94406	970	1	0	0	0	0
2024-09-01 22:40:10	72.45919808000001	975.836804	970	1	0	0	0	0
2024-09-01 22:40:20	72.4398688	975.2262479999999	970	1	0	0	0	0
2024-09-01 22:40:30	72.425762636	975.4165392	970	1	0	0	0	0
2024-09-01 22:40:40	72.4057436	975.2878872800001	970	1	0	0	0	0
2024-09-01 22:40:50	72.3822744	975.6754520000001	970	1	0	0	0	0
2024-09-01 22:41:00	72.3591348	975.8339872800001	970	1	0	0	0	0
2024-09-01 22:41:10	72.3403256	975.999012	970	1	0	0	0	0
2024-09-01 22:41:20	72.311088	976.5008126399999	970	1	0	0	0	0
2024-09-01 22:41:30	72.29179	976.49569832	970	1	0	0	0	0
2024-09-01 22:41:40	72.26824479999999	976.2247045600001	970	1	0	0	0	0
2024-09-01 22:41:50	72.24206148799999	976.2881175599999	970	1	0	0	0	0
2024-09-01 22:42:00	72.21522999999999	976.4479757600001	970	1	0	0	0	0
2024-09-01 22:42:10	72.2011516	976.34737952	970	1	0	0	0	0
2024-09-01 22:42:20	72.183116	975.9034836	970	1	0	0	0	0
2024-09-01 22:42:30	72.1529204	975.985284	970	1	0	0	0	0
2024-09-01 22:42:40	72.1555428	975.32760952	970	1	0	0	0	0
2024-09-01 22:42:50	72.1409036	974.53363928	970	1	0	0	0	0
2024-09-01 22:43:00	72.1156848	975.48320936	970	1	0	0	0	0
2024-09-01 22:43:10	72.094716636	975.46145048	970	1	0	0	0	0
2024-09-01 22:43:20	72.0725164	975.61258856	970	1	0	0	0	0
2024-09-01 22:43:30	72.0582972	975.54411112	970	1	0	0	0	0
2024-09-01 22:43:40	72.0582972	975.54411112	970	1	0	0	0	0
2024-09-01 22:43:50	72.04339759999999	975.19535388	970	1	0	0	0	0
2024-09-01 22:44:00	71.992496696	975.9868268	970	1	0	0	0	0
2024-09-01 22:44:10	71.992496696	975.9868268	970	1	0	0	0	0
2024-09-01 22:44:20	71.994724	975.076028	970	1	0	0	0	0
2024-09-01 22:44:30	71.97611119999999	974.4822079999999	970	1	0	0	0	0
2024-09-01 22:44:40	72.1496452	962.02146332	970	1	0	0	0	0
2024-09-01 22:44:50	72.2096368	960.65748568	970	1	0	0	0	0
2024-09-01 22:45:00	72.251492176	959.95128344	970	1	0	0	0	0
2024-09-01 22:45:10	72.270716	960.7344445599999	970	1	0	0	0	0
2024-09-01 22:45:20	72.298941776	961.03465612	970	1	0	0	0	0
2024-09-01 22:45:30	72.342957492	960.31764416	970	1	0	0	0	0
2024-09-01 22:45:40	72.3731464	960.60828344	970	1	0	0	0	0
2024-09-01 22:45:50	72.39793560000001	960.791336	970	1	0	0	0	0
2024-09-01 22:46:00	72.4361436	960.35503872	970	1	0	0	0	0
2024-09-01 22:46:10	72.4662875	960.2292698399999	970	1	0	0	0	0
2024-09-01 22:46:20	72.501049316	960.58358636	970	1	0	0	0	0
2024-09-01 22:46:30	72.5326544	960.83363208	970	1	0	0	0	0
2024-09-01 22:46:40	72.55220611600001	961.30833276	970	1	0	0	0	0
2024-09-01 22:46:50	72.5899116	961.54295384	970	1	0	0	0	0
2024-09-01 22:47:00	72.6175264	961.29371328	970	1	0	0	0	0
2024-09-01 22:47:10	72.631024096	962.2123	970	1	0	0	0	0
2024-09-01 22:47:20	72.6583116	962.99173472	970	1	0	0	0	0
2024-09-01 22:47:30	72.501081072	974.37439468	970	1	0	0	0	0
2024-09-01 22:47:40	72.455606	976.2405783600001	970	1	0	0	0	0
2024-09-01 22:47:50	72.4157044	977.1602720000001	970	1	0	0	0	0
2024-09-01 22:48:00	72.401216732	976.45940756	970	1	0	0	0	0
2024-09-01 22:48:10	72.37860280000001	976.3386959999999	970	1	0	0	0	0
2024-09-01 22:48:20	72.3594688	976.6446773600001	970	1	0	0	0	0
2024-09-01 22:48:30	72.3305448	976.5443359999999	970	1	0	0	0	0
2024-09-01 22:48:40	72.31742399999999	976.291864	970	1	0	0	0	0
2024-09-01 22:48:50	72.3057404	975.437016	970	1	0	0	0	0
2024-09-01 22:49:00	72.292422	975.069812	970	1	0	0	0	0
2024-09-01 22:49:10	72.2807844	975.275212	970	1	0	0	0	0
2024-09-01 22:49:20	72.2597232	974.89808332	970	1	0	0	0	0
2024-09-01 22:49:30	72.239126	975.091584	970	1	0	0	0	0
2024-09-01 22:49:40	72.228437288	974.4460280000001	970	1	0	0	0	0
2024-09-01 22:49:50	72.204542	974.94508976	970	1	0	0	0	0
2024-09-01 22:50:00	72.191294916	974.92972	970	1	0	0	0	0
2024-09-01 22:50:10	72.1728488	975.16070356	970	1	0	0	0	0
2024-09-01 22:50:20	72.15479800000001	975.05136408	970	1	0	0	0	0
2024-09-01 22:50:30	72.126998	975.53578108	970	1	0	0	0	0
2024-09-01 22:50:40	72.109369692	975.71923184	970	1	0	0	0	0
2024-09-01 22:50:50	72.08555463600001	975.72443472	970	1	0	0	0	0
2024-09-01 22:51:00	72.080738232	974.6972559999999	970	1	0	0	0	0
2024-09-01 22:51:10	72.066151316	974.72045012	970	1	0	0	0	0
2024-09-01 22:51:20	72.0543724	974.46325996	970	1	0	0	0	0
2024-09-01 22:51:30	72.035296	974.4807040000001	970	1	0	0	0	0
2024-09-01 22:51:40	72.02728719999999	973.6809776399999	970	1	0	0	0	0
2024-09-01 22:51:50	72.0102528	974.4734960000001	970	1	0	0	0	0
2024-09-01 22:52:00	71.9935196	973.900592	970	1	0	0	0	0
2024-09-01 22:52:10	71.982829784	974.18832	970	1	0	0	0	0
2024-09-01 22:52:20	71.9570156	974.522864	970	1	0	0	0	0
2024-09-01 22:52:30	71.9379816	974.7314560000001	970	1	0	0	0	0
2024-09-01 22:52:40	71.9179824	974.60883668	970	1	0	0	0	0
2024-09-01 22:52:50	71.933721892	971.1152199999999	970	1	0	0	0	0
2024-09-01 22:53:00	72.17720938800001	957.28728284	970	1	0	0	0	0
2024-09-01 22:53:10	72.22046782400001	957.7192283600001	970	1	0	0	0	0
2024-09-01 22:53:20	72.2674608	957.317944	970	1	0	0	0	0
2024-09-01 22:53:30	72.3007616	958.053132	970	1	0	0	0	0
2024-09-01 22:53:40	72.341854	958.43904004	970	1	0	0	0	0
2024-09-01 22:53:50	72.3811108	958.06221556	970	1	0	0	0	0
2024-09-01 22:54:00	72.423337296	957.521552	970	1	0	0	0	0
2024-09-01 22:54:10	72.4762144	957.88893836	970	1	0	0	0	0
2024-09-01 22:54:20	72.5317804	956.97337204	970	1	0	0	0	0
2024-09-01 22:54:30	72.58453903200001	956.19289432	970	1	0	0	0	0
2024-09-01 22:54:40	72.6209212	957.2302808	970	1	0	0	0	0
2024-09-01 22:54:50	72.51694640000001	966.78144164	970	1	0	0	0	0
2024-09-01 22:55:00	72.478908	969.511872	970	1	0	0	0	0
2024-09-01 22:55:10	72.474432116	969.810848	970	1	0	0	0	0
2024-09-01 22:55:20	72.4858808	969.0586428	970	1	0	0	0	0
2024-09-01 22:55:30	72.469884792	970.020612	970	1	0	0	0	0
2024-09-01 22:55:40	72.484473692	969.69858392	970	1	0	0	0	0
2024-09-01 22:55:50	72.471293688	970.90142564	970	1	0	0	0	0
2024-09-01 22:56:00	72.459842284	971.3194440000001	970	1	0	0	0	0
2024-09-01 22:56:10	72.439910648	971.57923512	970	1	0	0	0	0
2024-09-01 22:56:20	72.4488112	970.9612438	970	1	0	0	0	0
2024-09-01 22:56:30	72.4451292	971.2485656800001	970	1	0	0	0	0
2024-09-01 22:56:40	72.43742639999999	971.11727784	970	1	0	0	0	0
2024-09-01 22:56:50	72.4375244	970.8495959999999	970	1	0	0	0	0
2024-09-01 22:57:00	72.442769	970.895488	970	1	0	0	0	0
2024-09-01 22:57:10	72.4403672	970.40346	970	1	0	0	0	0
2024-09-01 22:57:20	72.430754088	971.286372	970	1	0	0	0	0
2024-09-01 22:57:30	72.4300092	971.15372216	970	1	0	0	0	0
2024-09-01 22:57:40	72.4225096	971.212572	970	1	0	0	0	0
2024-09-01 22:57:50	72.42502173999999	970.79527996	970	1	0	0	0	0
2024-09-01 22:58:00	72.4158988	971.6186280400001	970	1	0	0	0	0
2024-09-01 22:58:10	72.409148	970.7045519999999	970	1	0	0	0	0
2024-09-01 22:58:20	72.41740592	970.920584	970	1	0	0	0	0
2024-09-01 22:58:30	72.40774280000001	970.946492	970	1	0	0	0	0
2024-09-01 22:58:40	72.400478928	971.4103062400001	970	1	0	0	0	0
2024-09-01 22:58:50	72.3987604	970.887736	970	1	0	0	0	0
2024-09-01 22:59:00	72.38911279999999	971.6640439600001	970	1	0	0	0	0
2024-09-01 22:59:10	72.376720504	971.40901752	970	1	0	0	0	0
2024-09-01 22:59:20	72.385378856	971.2575800000001	970	1	0	0	0	0
2024-09-01 22:59:30	72.37348279999999	971.325652	970	1	0	0	0	0
2024-09-01 22:59:40	72.361362928	971.65112588	970	1	0	0	0	0
2024-09-01 22:59:50	72.3484728	972.44811532	970	1	0	0	0	0
2024-09-01 23:00:00	72.34245680000001	972.24213904	970	1	0	0	0	0
2024-09-01 23:00:10	72.316854588	973.10962872	970	1	0	0	0	0
2024-09-01 23:00:20	72.301877292	973.57528928	970	1	0	0	0	0
2024-09-01 23:00:30	72.2933972	973.0501399999999	970	1	0	0	0	0
2024-09-01 23:00:40	72.27365	973.68823464	970	1	0	0	0	0
2024-09-01 23:00:50	72.2653368	973.333488	970	1	0	0	0	0
2024-09-01 23:01:00	72.2600606	972.62878008	970	1	0	0	0	0
2024-09-01 23:01:10	72.241185328	973.30033672	970	1	0	0	0	0
2024-09-01 23:01:20	72.2400988	973.017648	970	1	0	0	0	0
2024-09-01 23:01:30	72.23212720000001	972.874552	970	1	0	0	0	0
2024-09-01 23:01:40	72.212279896	972.93953572	970	1	0	0	0	0
2024-09-01 23:01:50	72.2156468	972.887262	970	1	0	0	0	0
2024-09-01 23:02:00	72.20379728	972.196512	970	1	0	0	0	0
2024-09-01 23:02:10	72.20837039999999	972.137892	970	1	0	0	0	0
2024-09-01 23:02:20	72.207750504	971.6550204	970	1	0	0	0	0
2024-09-01 23:02:30	72.199763268	971.5216361600001	970	1	0	0	0	0
2024-09-01 23:02:40	72.197417192	971.05163704	970	1	0	0	0	0
2024-09-01 23:02:50	72.196203736	970.59907016	970	1	0	0	0	0
2024-09-01 23:03:00	72.191116136	970.77927144	970	1	0	0	0	0
2024-09-01 23:03:10	72.1934336	970.86834208	970	1	0	0	0	0
2024-09-01 23:03:20	72.174620868	971.431724	970	1	0	0	0	0
2024-09-01 23:03:30	72.1798648	970.892072	970	1	0	0	0	0
2024-09-01 23:03:40	72.160955768	972.17624536	970	1	0	0	0	0
2024-09-01 23:03:50	72.148727352	972.4187559999999	970	1	0	0	0	0
2024-09-01 23:04:00	72.13612128	972.34167944	970	1	0	0	0	0
2024-09-01 23:04:10	72.13138	972.73193872	970	1	0	0	0	0
2024-09-01 23:04:20	72.124884536	972.905792	970	1	0	0	0	0
2024-09-01 23:04:30	72.1152176	972.26697128	970	1	0	0	0	0
2024-09-01 23:04:40	72.096394	972.8036040000001	970	1	0	0	0	0
2024-09-01 23:04:50	72.081282	973.2725378399999	970	1	0	0	0	0
2024-09-01 23:05:00	72.073663744	972.86397144	970	1	0	0	0	0
2024-09-01 23:05:10	72.06884240000001	972.545584	970	1	0	0	0	0
2024-09-01 23:05:20	72.06354479999999	972.6977928	970	1	0	0	0	0
2024-09-01 23:05:30	72.062186312	971.7392502399999	970	1	0	0	0	0
2024-09-01 23:05:40	72.0764332	970.802852	970	1	0	0	0	0
2024-09-01 23:05:50	72.07337	970.3995920000001	970	1	0	0	0	0
2024-09-01 23:06:00	72.081890232	969.553208	970	1	0	0	0	0
2024-09-01 23:06:10	72.06916404	970.86029536	970	1	0	0	0	0
2024-09-01 23:06:20	72.07873716	970.21777416	970	1	0	0	0	0
2024-09-01 23:06:30	72.07033214	970.38826672	970	1	0	0	0	0
2024-09-01 23:06:40	72.0737992	969.95869172	970	1	0	0	0	0
2024-09-01 23:06:50	72.06758640000001	970.5806067999999	970	1	0	0	0	0
2024-09-01 23:07:00	72.07551186666666	969.9577754385964	970	1	0	0	0	0
2024-09-01 23:07:10	72.06580224489797	970.7874013265306	970	1	0	0	0	0
2024-09-01 23:07:20	72.056847524	970.86710204	970	1	0	0	0	0
2024-09-01 23:07:30	72.06065960000001	970.63583744	970	1	0	0	0	0
2024-09-01 23:07:40	72.05498759999999	970.66692656	970	1	0	0	0	0
2024-09-01 23:07:50	72.05188008799999	971.35839232	970	1	0	0	0	0
2024-09-01 23:08:00	72.0270024	971.946988	970	1	0	0	0	0
2024-09-01 23:08:10	72.0318512	971.34055544	970	1	0	0	0	0
2024-09-01 23:08:20	72.03387120000001	970.74529104	970	1	0	0	0	0
2024-09-01 23:08:30	72.033530888	970.895636	970	1	0	0	0	0
2024-09-01 23:08:40	72.03561239999999	970.64001556	970	1	0	0	0	0
2024-09-01 23:08:50	72.0257644	970.69118104	970	1	0	0	0	0
2024-09-01 23:09:00	72.02416679999999	970.675464	970	1	0	0	0	0
2024-09-01 23:09:10	72.025879108	970.8081960000001	970	1	0	0	0	0
2024-09-01 23:09:20	72.016748	971.0743308399999	970	1	0	0	0	0
2024-09-01 23:09:30	72.0119548	971.56102584	970	1	0	0	0	0
2024-09-01 23:09:40	72.00727378399999	971.39602624	970	1	0	0	0	0
2024-09-01 23:09:50	71.986942	971.99008824	970	1	0	0	0	0
2024-09-01 23:10:00	71.980830708	972.21604944	970	1	0	0	0	0
2024-09-01 23:10:10	71.977082	971.6542178799999	970	1	0	0	0	0
2024-09-01 23:10:20	72.03141072	967.270072	970	1	0	0	0	0
2024-09-01 23:10:30	72.11244	963.81599828	970	1	0	0	0	0
2024-09-01 23:10:40	72.1249636	963.6726080000001	970	1	0	0	0	0
2024-09-01 23:10:50	72.155917648	963.2686917599999	970	1	0	0	0	0
2024-09-01 23:11:00	72.187946176	963.1005664	970	1	0	0	0	0
2024-09-01 23:11:10	72.217767608	962.7816413600001	970	1	0	0	0	0
2024-09-01 23:11:20	72.243660144	963.05899408	970	1	0	0	0	0
2024-09-01 23:11:30	72.285552848	961.7757617599999	970	1	0	0	0	0
2024-09-01 23:11:40	72.3152732	961.71861872	970	1	0	0	0	0
2024-09-01 23:11:50	72.340408144	961.055468	970	1	0	0	0	0
2024-09-01 23:12:00	72.3678148	961.80632356	970	1	0	0	0	0
2024-09-01 23:12:10	72.4133824	961.0562242	970	1	0	0	0	0
2024-09-01 23:12:20	72.4362684	961.44437744	970	1	0	0	0	0
2024-09-01 23:12:30	72.470377388	960.562188	970	1	0	0	0	0
2024-09-01 23:12:40	72.49255120000001	961.7555230400001	970	1	0	0	0	0
2024-09-01 23:12:50	72.52621328000001	961.610348	970	1	0	0	0	0
2024-09-01 23:13:00	72.5574188	961.51817624	970	1	0	0	0	0
2024-09-01 23:13:10	72.5699044	962.028232	970	1	0	0	0	0
2024-09-01 23:13:20	72.5975748	962.489204	970	1	0	0	0	0
2024-09-01 23:13:30	72.621403832	962.438448	970	1	0	0	0	0
2024-09-01 23:13:40	72.642884	962.66522044	970	1	0	0	0	0
2024-09-01 23:13:50	72.6635076	962.986136	970	1	0	0	0	0
2024-09-01 23:14:00	72.662207104	965.6031760000001	970	1	0	0	0	0
2024-09-01 23:14:10	72.55018199999999	972.69988168	970	1	0	0	0	0
2024-09-01 23:14:20	72.53435759999999	972.8008560000001	970	1	0	0	0	0
2024-09-01 23:14:30	72.5266604	972.796008	970	1	0	0	0	0
2024-09-01 23:14:40	72.5185228	972.1260081600001	970	1	0	0	0	0
2024-09-01 23:14:50	72.526273	971.84396208	970	1	0	0	0	0
2024-09-01 23:15:00	72.5088628	972.66845784	970	1	0	0	0	0
2024-09-01 23:15:10	72.506484	971.758904	970	1	0	0	0	0
2024-09-01 23:15:20	72.50094	972.03284352	970	1	0	0	0	0
2024-09-01 23:15:30	72.5012296	971.62528	970	1	0	0	0	0
2024-09-01 23:15:40	72.48318119999999	972.05170856	970	1	0	0	0	0
2024-09-01 23:15:50	72.4751952	972.282304	970	1	0	0	0	0
2024-09-01 23:16:00	72.457964	972.507704	970	1	0	0	0	0
2024-09-01 23:16:10	72.44863712	973.025396	970	1	0	0	0	0
2024-09-01 23:16:20	72.4457716	972.5923200000001	970	1	0	0	0	0
2024-09-01 23:16:30	72.410494	973.72889972	970	1	0	0	0	0
2024-09-01 23:16:40	72.4010324	973.847524	970	1	0	0	0	0
2024-09-01 23:16:50	72.378134	974.364336	970	1	0	0	0	0
2024-09-01 23:17:00	72.354715512	975.11339412	970	1	0	0	0	0
2024-09-01 23:17:10	72.33252465999999	974.7286494	970	1	0	0	0	0
2024-09-01 23:17:20	72.3246636	974.3612442	970	1	0	0	0	0
2024-09-01 23:17:30	72.306158068	974.6785674399999	970	1	0	0	0	0
2024-09-01 23:17:40	72.29120356	974.47906896	970	1	0	0	0	0
2024-09-01 23:17:50	72.275637472	974.4921788400001	970	1	0	0	0	0
2024-09-01 23:18:00	72.264048	974.099252	970	1	0	0	0	0
2024-09-01 23:18:10	72.249951896	973.93208056	970	1	0	0	0	0
2024-09-01 23:18:20	72.24224134	973.9442715199999	970	1	0	0	0	0
2024-09-01 23:18:30	72.227728296	973.9031080000001	970	1	0	0	0	0
2024-09-01 23:18:40	72.210814536	974.10221384	970	1	0	0	0	0
2024-09-01 23:18:50	72.1959112	973.99704936	970	1	0	0	0	0
2024-09-01 23:19:00	72.1828572	973.879352	970	1	0	0	0	0
2024-09-01 23:19:10	72.1723072	973.8673510799999	970	1	0	0	0	0
2024-09-01 23:19:20	72.16290839999999	973.275152	970	1	0	0	0	0
2024-09-01 23:19:30	72.14289	973.9975900000001	970	1	0	0	0	0
2024-09-01 23:19:40	72.141235908	973.7099479999999	970	1	0	0	0	0
2024-09-01 23:19:50	72.119890552	974.4386067199999	970	1	0	0	0	0
2024-09-01 23:20:00	72.114604212	972.90462384	970	1	0	0	0	0
2024-09-01 23:20:10	72.103365504	973.18258332	970	1	0	0	0	0
2024-09-01 23:20:20	72.0869948	973.71257416	970	1	0	0	0	0
2024-09-01 23:20:30	72.0825028	973.11741156	970	1	0	0	0	0
2024-09-01 23:20:40	72.08489928	973.18410832	970	1	0	0	0	0
2024-09-01 23:20:50	72.072385268	972.5564478	970	1	0	0	0	0
2024-09-01 23:21:00	72.0654368	972.66463912	970	1	0	0	0	0
2024-09-01 23:21:10	72.04698110400001	972.6476	970	1	0	0	0	0
2024-09-01 23:21:20	72.0444928	972.710164	970	1	0	0	0	0
2024-09-01 23:21:30	72.032231896	972.5158680000001	970	1	0	0	0	0
2024-09-01 23:21:40	72.017440928	972.59862	970	1	0	0	0	0
2024-09-01 23:21:50	72.002728	973.4727360400001	970	1	0	0	0	0
2024-09-01 23:22:00	71.98804014	973.58362656	970	1	0	0	0	0
2024-09-01 23:22:10	71.983580272	972.961372	970	1	0	0	0	0
2024-09-01 23:22:20	72.0710888	966.4971439999999	970	1	0	0	0	0
2024-09-01 23:22:30	72.1664072	961.96466844	970	1	0	0	0	0
2024-09-01 23:22:40	72.1928188	962.01283168	970	1	0	0	0	0
2024-09-01 23:22:50	72.23077280000001	961.7811079999999	970	1	0	0	0	0
2024-09-01 23:23:00	72.2572132	961.58018384	970	1	0	0	0	0
2024-09-01 23:23:10	72.28912992000001	961.7484471600001	970	1	0	0	0	0
2024-09-01 23:23:20	72.318499152	961.11680528	970	1	0	0	0	0
2024-09-01 23:23:30	72.3388052	962.3075762799999	970	1	0	0	0	0
2024-09-01 23:23:40	72.3588372	962.0149025999999	970	1	0	0	0	0
2024-09-01 23:23:50	72.39688679999999	961.54434372	970	1	0	0	0	0
2024-09-01 23:24:00	72.42417021199999	961.63732016	970	1	0	0	0	0
2024-09-01 23:24:10	72.4625452	961.4156177599999	970	1	0	0	0	0
2024-09-01 23:24:20	72.47667457600001	962.139332	970	1	0	0	0	0
2024-09-01 23:24:30	72.498816176	962.448352	970	1	0	0	0	0
2024-09-01 23:24:40	72.5266304	962.185152	970	1	0	0	0	0
2024-09-01 23:24:50	72.5528448	962.359476	970	1	0	0	0	0
2024-09-01 23:25:00	72.59488400000001	961.48166784	970	1	0	0	0	0
2024-09-01 23:25:10	72.612139388	962.2904	970	1	0	0	0	0
2024-09-01 23:25:20	72.646548468	962.10321228	970	1	0	0	0	0
2024-09-01 23:25:30	72.6493904	963.2416320000001	970	1	0	0	0	0
2024-09-01 23:25:40	72.526535072	973.7471919999999	970	1	0	0	0	0
2024-09-01 23:25:50	72.478725752	975.1110956	970	1	0	0	0	0
2024-09-01 23:26:00	72.44703	975.63772416	970	1	0	0	0	0
2024-09-01 23:26:10	72.4419164	975.09568056	970	1	0	0	0	0
2024-09-01 23:26:20	72.427432648	974.83864936	970	1	0	0	0	0
2024-09-01 23:26:30	72.405989688	974.47622	970	1	0	0	0	0
2024-09-01 23:26:40	72.401178	974.00846	970	1	0	0	0	0
2024-09-01 23:26:50	72.38137052799999	974.80343912	970	1	0	0	0	0
2024-09-01 23:27:00	72.3597292	974.3019649600001	970	1	0	0	0	0
2024-09-01 23:27:10	72.347180928	974.69386	970	1	0	0	0	0
2024-09-01 23:27:20	72.326740176	974.954596	970	1	0	0	0	0
2024-09-01 23:27:30	72.3024768	975.34833256	970	1	0	0	0	0
2024-09-01 23:27:40	72.2763172	975.988012	970	1	0	0	0	0
2024-09-01 23:27:50	72.262226528	975.355936	970	1	0	0	0	0
2024-09-01 23:28:00	72.238463764	975.912968	970	1	0	0	0	0
2024-09-01 23:28:10	72.2180736	976.166576	970	1	0	0	0	0
2024-09-01 23:28:20	72.19363058399999	976.451	970	1	0	0	0	0
2024-09-01 23:28:30	72.179476	975.517712	970	1	0	0	0	0
2024-09-01 23:28:40	72.14783	975.99684432	970	1	0	0	0	0
2024-09-01 23:28:50	72.138132	975.49294656	970	1	0	0	0	0
2024-09-01 23:29:00	72.1262228	975.5596374400001	970	1	0	0	0	0
2024-09-01 23:29:10	72.101362	975.41035704	970	1	0	0	0	0
2024-09-01 23:29:20	72.100531776	974.6923172	970	1	0	0	0	0
2024-09-01 23:29:30	72.070467816	975.890748	970	1	0	0	0	0
2024-09-01 23:29:40	72.0641444	974.84837928	970	1	0	0	0	0
2024-09-01 23:29:50	72.0559724	974.05386	970	1	0	0	0	0
2024-09-01 23:30:00	72.040299132	974.36716224	970	1	0	0	0	0
2024-09-01 23:30:10	72.01286448799999	974.94	970	1	0	0	0	0
2024-09-01 23:30:20	71.993266576	975.110652	970	1	0	0	0	0
2024-09-01 23:30:30	71.973782808	975.313036	970	1	0	0	0	0
2024-09-01 23:30:40	71.9469948	976.02503456	970	1	0	0	0	0
2024-09-01 23:30:50	71.93154097600001	975.263248	970	1	0	0	0	0
2024-09-01 23:31:00	71.944082	971.3779	970	1	0	0	0	0
2024-09-01 23:31:10	72.20209582400001	957.439348	970	1	0	0	0	0
2024-09-01 23:31:20	72.2464252	957.01317128	970	1	0	0	0	0
2024-09-01 23:31:30	72.292385872	957.08669688	970	1	0	0	0	0
2024-09-01 23:31:40	72.3466844	956.19250456	970	1	0	0	0	0
2024-09-01 23:31:50	72.3922528	956.50026008	970	1	0	0	0	0
2024-09-01 23:32:00	72.4359316	956.683576	970	1	0	0	0	0
2024-09-01 23:32:10	72.480570516	956.86562008	970	1	0	0	0	0
2024-09-01 23:32:20	72.5367196	956.064096	970	1	0	0	0	0
2024-09-01 23:32:30	72.5818008	956.68905032	970	1	0	0	0	0
2024-09-01 23:32:40	72.62250680000001	957.30693528	970	1	0	0	0	0
2024-09-01 23:32:50	72.454042384	971.5493472	970	1	0	0	0	0
2024-09-01 23:33:00	72.398768488	973.638244	970	1	0	0	0	0
2024-09-01 23:33:10	72.37392799999999	974.650612	970	1	0	0	0	0
2024-09-01 23:33:20	72.35817724	974.68522468	970	1	0	0	0	0
2024-09-01 23:33:30	72.33479094	974.38547824	970	1	0	0	0	0
2024-09-01 23:33:40	72.319711744	975.08013432	970	1	0	0	0	0
2024-09-01 23:33:50	72.3041832	974.645628	970	1	0	0	0	0
2024-09-01 23:34:00	72.2827652	974.977228	970	1	0	0	0	0
2024-09-01 23:34:10	72.2635996	974.8293199999999	970	1	0	0	0	0
2024-09-01 23:34:20	72.258416216	974.52440344	970	1	0	0	0	0
2024-09-01 23:34:30	72.2297332	975.8171054	970	1	0	0	0	0
2024-09-01 23:34:40	72.216413288	975.14086104	970	1	0	0	0	0
2024-09-01 23:34:50	72.214479436	974.62876	970	1	0	0	0	0
2024-09-01 23:35:00	72.1771148	975.2645383600001	970	1	0	0	0	0
2024-09-01 23:35:10	72.157104332	975.300628	970	1	0	0	0	0
2024-09-01 23:35:20	72.1452068	975.5274320000001	970	1	0	0	0	0
2024-09-01 23:35:30	72.1335868	974.9543960000001	970	1	0	0	0	0
2024-09-01 23:35:40	72.119386	974.734284	970	1	0	0	0	0
2024-09-01 23:35:50	72.1015108	974.71479272	970	1	0	0	0	0
2024-09-01 23:36:00	72.093080928	973.8084410399999	970	1	0	0	0	0
2024-09-01 23:36:10	72.079863424	974.02304468	970	1	0	0	0	0
2024-09-01 23:36:20	72.07087350799999	973.7254523199999	970	1	0	0	0	0
2024-09-01 23:36:30	72.0620264	973.334576	970	1	0	0	0	0
2024-09-01 23:36:40	72.061407288	973.715608	970	1	0	0	0	0
2024-09-01 23:36:50	72.03766984800001	973.6469079999999	970	1	0	0	0	0
2024-09-01 23:37:00	72.03773919677418	972.7617285806451	970	1	0	0	0	0
2024-09-01 23:37:10	72.02140574468085	972.6818638297873	970	1	0	0	0	0
2024-09-01 23:37:20	72.0248168	972.714692	970	1	0	0	0	0
2024-09-01 23:37:30	72.0113312	973.10486444	970	1	0	0	0	0
2024-09-01 23:37:40	72.000808272	972.66242	970	1	0	0	0	0
2024-09-01 23:37:50	72.016233544	971.2545839999999	970	1	0	0	0	0
2024-09-01 23:38:00	71.987256352	972.94041688	970	1	0	0	0	0
2024-09-01 23:38:10	71.9743672	973.28095544	970	1	0	0	0	0
2024-09-01 23:38:20	71.976354552	971.492128	970	1	0	0	0	0
2024-09-01 23:38:30	72.1452488	960.72425056	970	1	0	0	0	0
2024-09-01 23:38:40	72.19118399999999	960.58163568	970	1	0	0	0	0
2024-09-01 23:38:50	72.221129728	960.13474	970	1	0	0	0	0
2024-09-01 23:39:00	72.2653436	959.983696	970	1	0	0	0	0
2024-09-01 23:39:10	72.3044024	959.6424182400001	970	1	0	0	0	0
2024-09-01 23:39:20	72.3480316	958.92112744	970	1	0	0	0	0
2024-09-01 23:39:30	72.373903436	960.180752	970	1	0	0	0	0
2024-09-01 23:39:40	72.404012	960.2623925199999	970	1	0	0	0	0
2024-09-01 23:39:50	72.4280052	960.56222768	970	1	0	0	0	0
2024-09-01 23:40:00	72.47005399999999	960.4416516800001	970	1	0	0	0	0
2024-09-01 23:40:10	72.4975388	960.520508	970	1	0	0	0	0
2024-09-01 23:40:20	72.5430484	960.056872	970	1	0	0	0	0
2024-09-01 23:40:30	72.57295959999999	960.133012	970	1	0	0	0	0
2024-09-01 23:40:40	72.61599614000001	959.8690354	970	1	0	0	0	0
2024-09-01 23:40:50	72.6393572	960.554428	970	1	0	0	0	0
2024-09-01 23:41:00	72.5035956	971.4699344	970	1	0	0	0	0
2024-09-01 23:41:10	72.459697412	973.1802762	970	1	0	0	0	0
2024-09-01 23:41:20	72.4573896	972.7709159999999	970	1	0	0	0	0
2024-09-01 23:41:30	72.4430124	973.61972804	970	1	0	0	0	0
2024-09-01 23:41:40	72.44046728	972.267476	970	1	0	0	0	0
2024-09-01 23:41:50	72.42355	973.35232936	970	1	0	0	0	0
2024-09-01 23:42:00	72.41667611599999	973.1676560000001	970	1	0	0	0	0
2024-09-01 23:42:10	72.4116252	972.77526456	970	1	0	0	0	0
2024-09-01 23:42:20	72.4015552	972.74692	970	1	0	0	0	0
2024-09-01 23:42:30	72.40242497599999	972.16315472	970	1	0	0	0	0
2024-09-01 23:42:40	72.40102983599999	971.43321244	970	1	0	0	0	0
2024-09-01 23:42:50	72.41354766799999	970.7187261199999	970	1	0	0	0	0
2024-09-01 23:43:00	72.4124304	970.666384	970	1	0	0	0	0
2024-09-01 23:43:10	72.40253120000001	971.017104	970	1	0	0	0	0
2024-09-01 23:43:20	72.40604359999999	970.36148708	970	1	0	0	0	0
2024-09-01 23:43:30	72.406516488	970.536748	970	1	0	0	0	0
2024-09-01 23:43:40	72.4094204	970.38762116	970	1	0	0	0	0
2024-09-01 23:43:50	72.41095626399999	970.68933908	970	1	0	0	0	0
2024-09-01 23:44:00	72.404632272	970.68103108	970	1	0	0	0	0
2024-09-01 23:44:10	72.399767484	970.45122272	970	1	0	0	0	0
2024-09-01 23:44:20	72.39971320000001	970.486872	970	1	0	0	0	0
2024-09-01 23:44:30	72.38353190400001	970.55679728	970	1	0	0	0	0
2024-09-01 23:44:40	72.38353599999999	970.8515414	970	1	0	0	0	0
2024-09-01 23:44:50	72.3798108	971.590428	970	1	0	0	0	0
2024-09-01 23:45:00	72.377174	971.2109684	970	1	0	0	0	0
2024-09-01 23:45:10	72.383686	970.73528556	970	1	0	0	0	0
2024-09-01 23:45:20	72.3852004	970.2180643199999	970	1	0	0	0	0
2024-09-01 23:45:30	72.3840272	970.28320608	970	1	0	0	0	0
2024-09-01 23:45:40	72.38637440000001	970.2658946	970	1	0	0	0	0
2024-09-01 23:45:50	72.387257532	970.3895064	970	1	0	0	0	0
2024-09-01 23:46:00	72.3845936	970.36080796	970	1	0	0	0	0
2024-09-01 23:46:10	72.38936319999999	970.351752	970	1	0	0	0	0
2024-09-01 23:46:20	72.382334	970.46063508	970	1	0	0	0	0
2024-09-01 23:46:30	72.36708867200001	970.690424	970	1	0	0	0	0
2024-09-01 23:46:40	72.3654944	971.0922124	970	1	0	0	0	0
2024-09-01 23:46:50	72.35837719999999	971.54972964	970	1	0	0	0	0
2024-09-01 23:47:00	72.362967508	970.90671896	970	1	0	0	0	0
2024-09-01 23:47:10	72.350328576	971.523352	970	1	0	0	0	0
2024-09-01 23:47:20	72.338096048	972.185156	970	1	0	0	0	0
2024-09-01 23:47:30	72.319643776	972.16744144	970	1	0	0	0	0
2024-09-01 23:47:40	72.327425768	972.0034273199999	970	1	0	0	0	0
2024-09-01 23:47:50	72.317099864	971.32637704	970	1	0	0	0	0
2024-09-01 23:48:00	72.3197084	971.38679288	970	1	0	0	0	0
2024-09-01 23:48:10	72.315022936	971.3375038400001	970	1	0	0	0	0
2024-09-01 23:48:20	72.29572759999999	972.163748	970	1	0	0	0	0
2024-09-01 23:48:30	72.2903884	972.03399704	970	1	0	0	0	0
2024-09-01 23:48:40	72.26952199200001	972.97563568	970	1	0	0	0	0
2024-09-01 23:48:50	72.262964	973.02580788	970	1	0	0	0	0
2024-09-01 23:49:00	72.2340768	973.51756416	970	1	0	0	0	0
2024-09-01 23:49:10	72.21702719999999	974.4445612	970	1	0	0	0	0
2024-09-01 23:49:20	72.1900616	974.89387632	970	1	0	0	0	0
2024-09-01 23:49:30	72.176045912	974.58174272	970	1	0	0	0	0
2024-09-01 23:49:40	72.16078087999999	974.8530712	970	1	0	0	0	0
2024-09-01 23:49:50	72.14126426	975.012116	970	1	0	0	0	0
2024-09-01 23:50:00	72.125289464	974.762808	970	1	0	0	0	0
2024-09-01 23:50:10	72.0970672	974.704228	970	1	0	0	0	0
2024-09-01 23:50:20	72.09577156	974.2284882800001	970	1	0	0	0	0
2024-09-01 23:50:30	72.087892284	974.12721716	970	1	0	0	0	0
2024-09-01 23:50:40	72.0890436	972.796672	970	1	0	0	0	0
2024-09-01 23:50:50	72.0935556	973.08353268	970	1	0	0	0	0
2024-09-01 23:51:00	72.09301640000001	971.42874952	970	1	0	0	0	0
2024-09-01 23:51:10	72.0791928	972.1487047200001	970	1	0	0	0	0
2024-09-01 23:51:20	72.075816	971.558744	970	1	0	0	0	0
2024-09-01 23:51:30	72.081914	971.22614504	970	1	0	0	0	0
2024-09-01 23:51:40	72.063059408	972.11775056	970	1	0	0	0	0
2024-09-01 23:51:50	72.054316	972.03052	970	1	0	0	0	0
2024-09-01 23:52:00	72.05796928000001	971.4088186	970	1	0	0	0	0
2024-09-01 23:52:10	72.061236624	971.651544	970	1	0	0	0	0
2024-09-01 23:52:20	72.0607008	970.9843548	970	1	0	0	0	0
2024-09-01 23:52:30	72.041656	972.062432	970	1	0	0	0	0
2024-09-01 23:52:40	72.0448344	971.3858282	970	1	0	0	0	0
2024-09-01 23:52:50	72.0318968	971.671144	970	1	0	0	0	0
2024-09-01 23:53:00	72.05049360000001	968.9615820800001	970	1	0	0	0	0
2024-09-01 23:53:10	72.222093952	958.98498696	970	1	0	0	0	0
2024-09-01 23:53:20	72.2665	959.49291648	970	1	0	0	0	0
2024-09-01 23:53:30	72.297820632	959.751664	970	1	0	0	0	0
2024-09-01 23:53:40	72.325536	959.9347312	970	1	0	0	0	0
2024-09-01 23:53:50	72.3626104	959.81811512	970	1	0	0	0	0
2024-09-01 23:54:00	72.404292504	959.56983072	970	1	0	0	0	0
2024-09-01 23:54:10	72.431194308	959.96013956	970	1	0	0	0	0
2024-09-01 23:54:20	72.47166759999999	959.6787842399999	970	1	0	0	0	0
2024-09-01 23:54:30	72.5036092	959.7430318400001	970	1	0	0	0	0
2024-09-01 23:54:40	72.54154439999999	959.58654992	970	1	0	0	0	0
2024-09-01 23:54:50	72.58317240000001	959.467464	970	1	0	0	0	0
2024-09-01 23:55:00	72.6068	959.570068	970	1	0	0	0	0
2024-09-01 23:55:10	72.6588352	958.8151720000001	970	1	0	0	0	0
2024-09-01 23:55:20	72.6502708	963.43519492	970	1	0	0	0	0
2024-09-01 23:55:30	72.49727440000001	973.241216	970	1	0	0	0	0
2024-09-01 23:55:40	72.47475947199999	973.26089128	970	1	0	0	0	0
2024-09-01 23:55:50	72.468006164	973.41569112	970	1	0	0	0	0
2024-09-01 23:56:00	72.45593439999999	973.852492	970	1	0	0	0	0
2024-09-01 23:56:10	72.442369908	973.8023440000001	970	1	0	0	0	0
2024-09-01 23:56:20	72.427656492	973.52650092	970	1	0	0	0	0
2024-09-01 23:56:30	72.42823680000001	973.5994	970	1	0	0	0	0
2024-09-01 23:56:40	72.4039712	973.4749400000001	970	1	0	0	0	0
2024-09-01 23:56:50	72.3996712	973.1803724	970	1	0	0	0	0
2024-09-01 23:57:00	72.38863784313726	972.5312	970	1	0	0	0	0
2024-09-01 23:57:10	72.38617313600001	972.74688312	970	1	0	0	0	0
2024-09-01 23:57:20	72.400941268	971.228748	970	1	0	0	0	0
2024-09-01 23:57:30	72.434393816	966.8173372800001	970	1	0	0	0	0
2024-09-01 23:57:40	72.401616	972.1329724799999	970	1	0	0	0	0
2024-09-01 23:57:50	72.367348	973.689296	970	1	0	0	0	0
2024-09-01 23:58:00	72.3527492	972.822632	970	1	0	0	0	0
2024-09-01 23:58:10	72.3402648	973.597192	970	1	0	0	0	0
2024-09-01 23:58:20	72.3202648	973.865908	970	1	0	0	0	0
2024-09-01 23:58:30	72.3023468	973.60170872	970	1	0	0	0	0
2024-09-01 23:58:40	72.292995288	974.435776	970	1	0	0	0	0
2024-09-01 23:58:50	72.27375839999999	973.91390964	970	1	0	0	0	0
2024-09-01 23:59:00	72.2568724	974.21575824	970	1	0	0	0	0
2024-09-01 23:59:10	72.2506336	973.47320744	970	1	0	0	0	0
2024-09-01 23:59:20	72.2326772	974.2447442	970	1	0	0	0	0
2024-09-01 23:59:30	72.213755072	974.69473024	970	1	0	0	0	0
2024-09-01 23:59:40	72.18398741600001	975.414464	970	1	0	0	0	0
2024-09-01 23:59:50	72.16812560000001	975.19442	970	1	0	0	0	0
2024-09-02 00:00:00	72.137502752	975.8758154799999	970	1	0	0	0	0
