PROCESSDATA	2411LIC30501 Data	yyyy-MM-dd HH:mm:ss
8	10	2024-10-18 21:55:00	751
tagname	2411LIC30501.MV	2411LIC30501.PV	2411LIC30501.SV	2411LIC30501.MODE	bOpOFL	bPvOFL	bSpOFL	bAutOFL
desc	封油罐D205_OP	封油罐D205_PV	封油罐D205_SP	Aut	bOpOFL	bPvOFL	bSpOFL	bAutOFL
fsMax=11.857158447000002	fsMin=0	fsGridNum=10	fdMax=11.857158447000002tfdMin=0	fdGridNum=10	v0GridNum=10	L=24
2024-10-18 21:55:00	29.319504261000002	69.98556025	69.9844742	1	0	0	0	0
2024-10-18 21:55:10	29.299214151	69.98964075	69.9844742	1	0	0	0	0
2024-10-18 21:55:20	29.236102851	70.00191575	69.9844742	1	0	0	0	0
2024-10-18 21:55:30	29.196325928	70.004573	69.9844742	1	0	0	0	0
2024-10-18 21:55:40	29.165179528000003	70.00367299999999	69.9844742	1	0	0	0	0
2024-10-18 21:55:50	29.19176985	70.0004459425	69.9844742	1	0	0	0	0
2024-10-18 21:56:00	29.23971485	69.9963581925	69.9844742	1	0	0	0	0
2024-10-18 21:56:10	29.287145199999998	69.9877849575	69.9844742	1	0	0	0	0
2024-10-18 21:56:20	29.3343852	69.9775527075	69.9844742	1	0	0	0	0
2024-10-18 21:56:30	29.3359806725	69.978288525	69.9844742	1	0	0	0	0
2024-10-18 21:56:40	29.320693922500002	69.983081025	69.9844742	1	0	0	0	0
2024-10-18 21:56:50	29.307190307	69.99150527500001	69.9844742	1	0	0	0	0
2024-10-18 21:57:00	29.294346207	70.001272775	69.9844742	1	0	0	0	0
2024-10-18 21:57:10	29.231271172	70.00492105000001	69.9844742	1	0	0	0	0
2024-10-18 21:57:20	29.149617572	70.00630605	69.9844742	1	0	0	0	0
2024-10-18 21:57:30	29.1666402985	70.0078553	69.9844742	1	0	0	0	0
2024-10-18 21:57:40	29.2201597485	70.0094653	69.9844742	1	0	0	0	0
2024-10-18 21:57:50	29.2201597485	70.0094653	69.9844742	1	0	0	0	0
2024-10-18 21:58:00	29.3156588565	69.988487444	69.9844742	1	0	0	0	0
2024-10-18 21:58:10	29.3156588565	69.988487444	69.9844742	1	0	0	0	0
2024-10-18 21:58:20	29.2760853965	69.986496173	69.9844742	1	0	0	0	0
2024-10-18 21:58:30	29.2045474465	69.988346273	69.9844742	1	0	0	0	0
2024-10-18 21:58:40	29.170361297000003	69.994415262	69.9844742	1	0	0	0	0
2024-10-18 21:58:50	29.149990197	70.002044662	69.9844742	1	0	0	0	0
2024-10-18 21:59:00	29.1666893	70.000033171	69.9844742	1	0	0	0	0
2024-10-18 21:59:10	29.1970993	69.994455871	69.9844742	1	0	0	0	0
2024-10-18 21:59:20	29.190397377500002	69.99612915	69.9844742	1	0	0	0	0
2024-10-18 21:59:30	29.1699691275	70.00048415	69.9844742	1	0	0	0	0
2024-10-18 21:59:40	29.157904524	70.00148115	69.9844742	1	0	0	0	0
2024-10-18 21:59:50	29.148933324	70.00123615	69.9844742	1	0	0	0	0
2024-10-18 22:00:00	29.0993886145	70.00814515	69.9844742	1	0	0	0	0
2024-10-18 22:00:10	29.034837264500002	70.01770015	69.9844742	1	0	0	0	0
2024-10-18 22:00:20	29.0731823345	70.0137633265	69.9844742	1	0	0	0	0
2024-10-18 22:00:30	29.149584984500002	70.0048363765	69.9844742	1	0	0	0	0
2024-10-18 22:00:40	29.1175282495	70.00700977	69.9844742	1	0	0	0	0
2024-10-18 22:00:50	29.0453563995	70.01328877	69.9844742	1	0	0	0	0
2024-10-18 22:01:00	29.038282409359606	70.01402607389163	69.9844742	1	0	0	0	0
2024-10-18 22:01:10	29.055285709852217	70.01271370935962	69.9844742	1	0	0	0	0
2024-10-18 22:01:20	29.031363243147208	70.0094276142132	69.9844742	1	0	0	0	0
2024-10-18 22:01:30	28.989901161928934	70.00529563451776	69.9844742	1	0	0	0	0
2024-10-18 22:01:40	28.97356647	70.00630229250001	69.9844742	1	0	0	0	0
2024-10-18 22:01:50	28.96652547	70.0092095425	69.9844742	1	0	0	0	0
2024-10-18 22:02:00	28.977923394	70.01100755750001	69.9844742	1	0	0	0	0
2024-10-18 22:02:10	28.996141194	70.0123953075	69.9844742	1	0	0	0	0
2024-10-18 22:02:20	29.029881422	70.00561965	69.9844742	1	0	0	0	0
2024-10-18 22:02:30	29.069362822	69.99582465	69.9844742	1	0	0	0	0
2024-10-18 22:02:40	29.062717128	69.99645405	69.9844742	1	0	0	0	0
2024-10-18 22:02:50	29.039010727999997	70.00093905	69.9844742	1	0	0	0	0
2024-10-18 22:03:00	29.116048999999997	69.98865595	69.9844742	1	0	0	0	0
2024-10-18 22:03:10	29.230348999999997	69.97017095	69.9844742	1	0	0	0	0
2024-10-18 22:03:20	29.2850171615	69.96592825	69.9844742	1	0	0	0	0
2024-10-18 22:03:30	29.3176297115	69.96695325	69.9844742	1	0	0	0	0
2024-10-18 22:03:40	29.235404392	69.9828666	69.9844742	1	0	0	0	0
2024-10-18 22:03:50	29.110704792	70.0042866	69.9844742	1	0	0	0	0
2024-10-18 22:04:00	29.054782434	70.0090204425	69.9844742	1	0	0	0	0
2024-10-18 22:04:10	29.024298234	70.0075826925	69.9844742	1	0	0	0	0
2024-10-18 22:04:20	29.0544062605	70.0007360075	69.9844742	1	0	0	0	0
2024-10-18 22:04:30	29.106925110499997	69.9918887575	69.9844742	1	0	0	0	0
2024-10-18 22:04:40	29.145907387999998	69.98771880000001	69.9844742	1	0	0	0	0
2024-10-18 22:04:50	29.179882988	69.9852788	69.9844742	1	0	0	0	0
2024-10-18 22:05:00	29.195697063999997	69.9832695	69.9844742	1	0	0	0	0
2024-10-18 22:05:10	29.204793864	69.9814195	69.9844742	1	0	0	0	0
2024-10-18 22:05:20	29.1427224895	69.98739145	69.9844742	1	0	0	0	0
2024-10-18 22:05:30	29.0543286395	69.99625645	69.9844742	1	0	0	0	0
2024-10-18 22:05:40	29.0605276055	69.9939634	69.9844742	1	0	0	0	0
2024-10-18 22:05:50	29.1017129555	69.9875434	69.9844742	1	0	0	0	0
2024-10-18 22:06:00	29.1214601035	69.9862042	69.9844742	1	0	0	0	0
2024-10-18 22:06:10	29.1332780535	69.9867442	69.9844742	1	0	0	0	0
2024-10-18 22:06:20	29.167874376	69.981577717	69.9844742	1	0	0	0	0
2024-10-18 22:06:30	29.210895576000002	69.974300617	69.9844742	1	0	0	0	0
2024-10-18 22:06:40	29.2368129855	69.973826533	69.9844742	1	0	0	0	0
2024-10-18 22:06:50	29.256404335499997	69.975868633	69.9844742	1	0	0	0	0
2024-10-18 22:07:00	29.25363845	69.9765733	69.9844742	1	0	0	0	0
2024-10-18 22:07:10	29.24260345	69.9767833	69.9844742	1	0	0	0	0
2024-10-18 22:07:20	29.21742762	69.9790227	69.9844742	1	0	0	0	0
2024-10-18 22:07:30	29.18702162	69.9820127	69.9844742	1	0	0	0	0
2024-10-18 22:07:40	29.20742727	69.97948025000001	69.9844742	1	0	0	0	0
2024-10-18 22:07:50	29.24662627	69.97490525	69.9844742	1	0	0	0	0
2024-10-18 22:08:00	29.253251429	69.97543295	69.9844742	1	0	0	0	0
2024-10-18 22:08:10	29.247828729	69.97784795	69.9844742	1	0	0	0	0
2024-10-18 22:08:20	29.251215306862747	69.9758662745098	69.9844742	1	0	0	0	0
2024-10-18 22:08:30	29.257860110784314	69.97225843137255	69.9844742	1	0	0	0	0
2024-10-18 22:08:40	29.25527351887755	69.97292132653062	69.9844742	1	0	0	0	0
2024-10-18 22:08:50	29.24853948826531	69.97550295918369	69.9844742	1	0	0	0	0
2024-10-18 22:09:00	29.2211184845	69.97972955	69.9844742	1	0	0	0	0
2024-10-18 22:09:10	29.1860461345	69.98456455	69.9844742	1	0	0	0	0
2024-10-18 22:09:20	29.162776169	69.98862940000001	69.9844742	1	0	0	0	0
2024-10-18 22:09:30	29.143871469	69.9924094	69.9844742	1	0	0	0	0
2024-10-18 22:09:40	29.170552422	69.9893953265	69.9844742	1	0	0	0	0
2024-10-18 22:09:50	29.214093822000002	69.9838683765	69.9844742	1	0	0	0	0
2024-10-18 22:10:00	29.240193843	69.9787676735	69.9844742	1	0	0	0	0
2024-10-18 22:10:10	29.259842943	69.9738246235	69.9844742	1	0	0	0	0
2024-10-18 22:10:20	29.280207297	69.9703563195	69.9844742	1	0	0	0	0
2024-10-18 22:10:30	29.300836197	69.9674334695	69.9844742	1	0	0	0	0
2024-10-18 22:10:40	29.3126284835	69.9650513305	69.9844742	1	0	0	0	0
2024-10-18 22:10:50	29.3211524335	69.96286918050001	69.9844742	1	0	0	0	0
2024-10-18 22:11:00	29.291983673	69.96992675000001	69.9844742	1	0	0	0	0
2024-10-18 22:11:10	29.248873773	69.98040175000001	69.9844742	1	0	0	0	0
2024-10-18 22:11:20	29.332170380999997	69.97046230000001	69.9844742	1	0	0	0	0
2024-10-18 22:11:30	29.462220080999998	69.9529723	69.9844742	1	0	0	0	0
2024-10-18 22:11:40	29.5050702225	69.945184	69.9844742	1	0	0	0	0
2024-10-18 22:11:50	29.5156684725	69.940984	69.9844742	1	0	0	0	0
2024-10-18 22:12:00	29.555717222	69.93726945	69.9844742	1	0	0	0	0
2024-10-18 22:12:10	29.606658622	69.93373444999999	69.9844742	1	0	0	0	0
2024-10-18 22:12:20	29.5862957025	69.936752879	69.9844742	1	0	0	0	0
2024-10-18 22:12:30	29.5395599525	69.94219517900001	69.9844742	1	0	0	0	0
2024-10-18 22:12:40	29.6013638875	69.937777661	69.9844742	1	0	0	0	0
2024-10-18 22:12:50	29.7033126375	69.929713361	69.9844742	1	0	0	0	0
2024-10-18 22:13:00	29.690917618500002	69.93138456	69.9844742	1	0	0	0	0
2024-10-18 22:13:10	29.636231068500003	69.93665656	69.9844742	1	0	0	0	0
2024-10-18 22:13:20	29.631140536	69.943231683	69.9844742	1	0	0	0	0
2024-10-18 22:13:30	29.644393736	69.95028878299999	69.9844742	1	0	0	0	0
2024-10-18 22:13:40	29.6130766765	69.946797967	69.9844742	1	0	0	0	0
2024-10-18 22:13:50	29.5652747265	69.939405867	69.9844742	1	0	0	0	0
2024-10-18 22:14:00	29.592734207	69.94004165	69.9844742	1	0	0	0	0
2024-10-18 22:14:10	29.648030107	69.94364665	69.9844742	1	0	0	0	0
2024-10-18 22:14:20	29.638647350000003	69.94685547899999	69.9844742	1	0	0	0	0
2024-10-18 22:14:30	29.60534235	69.94991777899999	69.9844742	1	0	0	0	0
2024-10-18 22:14:40	29.539411241	69.96160897099999	69.9844742	1	0	0	0	0
2024-10-18 22:14:50	29.461412941	69.97649167099999	69.9844742	1	0	0	0	0
2024-10-18 22:15:00	29.468069091	69.97761555	69.9844742	1	0	0	0	0
2024-10-18 22:15:10	29.506035791	69.97365054999999	69.9844742	1	0	0	0	0
2024-10-18 22:15:20	29.539102804	69.966771025	69.9844742	1	0	0	0	0
2024-10-18 22:15:30	29.570357604	69.958813525	69.9844742	1	0	0	0	0
2024-10-18 22:15:40	29.5583307405	69.960429975	69.9844742	1	0	0	0	0
2024-10-18 22:15:50	29.5302955905	69.965587475	69.9844742	1	0	0	0	0
2024-10-18 22:16:00	29.5379272185	69.96790345000001	69.9844742	1	0	0	0	0
2024-10-18 22:16:10	29.5587506685	69.96916845	69.9844742	1	0	0	0	0
2024-10-18 22:16:20	29.5500789795	69.9687143	69.9844742	1	0	0	0	0
2024-10-18 22:16:30	29.5304981295	69.9676243	69.9844742	1	0	0	0	0
2024-10-18 22:16:40	29.5990581365	69.9582688385	69.9844742	1	0	0	0	0
2024-10-18 22:16:50	29.7002181865	69.9458562885	69.9844742	1	0	0	0	0
2024-10-18 22:17:00	29.741539589000002	69.9483832615	69.9844742	1	0	0	0	0
2024-10-18 22:17:10	29.760728889000003	69.9564358115	69.9844742	1	0	0	0	0
2024-10-18 22:17:20	29.7595939305	69.95525736549999	69.9844742	1	0	0	0	0
2024-10-18 22:17:30	29.7509417805	69.9506647155	69.9844742	1	0	0	0	0
2024-10-18 22:17:40	29.670970236499997	69.9610336345	69.9844742	1	0	0	0	0
2024-10-18 22:17:50	29.5646202865	69.9769362845	69.9844742	1	0	0	0	0
2024-10-18 22:18:00	29.541828947	69.97908745	69.9844742	1	0	0	0	0
2024-10-18 22:18:10	29.549942847	69.97615245	69.9844742	1	0	0	0	0
2024-10-18 22:18:20	29.5521336	69.97536	69.9844742	1	0	0	0	0
2024-10-18 22:18:30	29.53145050566038	69.98181415094339	69.9844742	1	0	0	0	0
2024-10-18 22:18:40	29.496660324500002	69.98779775	69.9844742	1	0	0	0	0
2024-10-18 22:18:50	29.4586859745	69.99297275	69.9844742	1	0	0	0	0
2024-10-18 22:19:00	29.4489293	69.98757005	69.9844742	1	0	0	0	0
2024-10-18 22:19:10	29.4496093	69.97825505	69.9844742	1	0	0	0	0
2024-10-18 22:19:20	29.468170723	69.97515746	69.9844742	1	0	0	0	0
2024-10-18 22:19:30	29.493345823	69.97435946	69.9844742	1	0	0	0	0
2024-10-18 22:19:40	29.531880652999998	69.97414619	69.9844742	1	0	0	0	0
2024-10-18 22:19:50	29.575356753	69.97414918999999	69.9844742	1	0	0	0	0
2024-10-18 22:20:00	29.5355269685	69.9814187195	69.9844742	1	0	0	0	0
2024-10-18 22:20:10	29.4648854185	69.9913758695	69.9844742	1	0	0	0	0
2024-10-18 22:20:20	29.443854997	69.9947103865	69.9844742	1	0	0	0	0
2024-10-18 22:20:30	29.441173897	69.99559543650001	69.9844742	1	0	0	0	0
2024-10-18 22:20:40	29.423164038	69.996413144	69.9844742	1	0	0	0	0
2024-10-18 22:20:50	29.399484638	69.997205944	69.9844742	1	0	0	0	0
2024-10-18 22:21:00	29.400084162	69.996181263	69.9844742	1	0	0	0	0
2024-10-18 22:21:10	29.409663562	69.994484363	69.9844742	1	0	0	0	0
2024-10-18 22:21:20	29.439883748499998	69.99072433699999	69.9844742	1	0	0	0	0
2024-10-18 22:21:30	29.4777381985	69.98620123699999	69.9844742	1	0	0	0	0
2024-10-18 22:21:40	29.469164757999998	69.98685245	69.9844742	1	0	0	0	0
2024-10-18 22:21:50	29.443419358	69.98941745	69.9844742	1	0	0	0	0
2024-10-18 22:22:00	29.4187857845	69.99336215	69.9844742	1	0	0	0	0
2024-10-18 22:22:10	29.3945634345	69.99781715	69.9844742	1	0	0	0	0
2024-10-18 22:22:20	29.362656593500002	69.99906015	69.9844742	1	0	0	0	0
2024-10-18 22:22:30	29.3279075435	69.99911515	69.9844742	1	0	0	0	0
2024-10-18 22:22:40	29.3794795335	69.9930929	69.9844742	1	0	0	0	0
2024-10-18 22:22:50	29.4629784835	69.9848229	69.9844742	1	0	0	0	0
2024-10-18 22:23:00	29.490131981999998	69.98692255	69.9844742	1	0	0	0	0
2024-10-18 22:23:10	29.496445381999997	69.99285755	69.9844742	1	0	0	0	0
2024-10-18 22:23:20	29.4697359545	69.9939730535	69.9844742	1	0	0	0	0
2024-10-18 22:23:30	29.4308126045	69.9933060035	69.9844742	1	0	0	0	0
2024-10-18 22:23:40	29.3757226015	69.9974161465	69.9844742	1	0	0	0	0
2024-10-18 22:23:50	29.3146531515	70.0032931965	69.9844742	1	0	0	0	0
2024-10-18 22:24:00	29.320300044	70.0018067	69.9844742	1	0	0	0	0
2024-10-18 22:24:10	29.350622844	69.9975967	69.9844742	1	0	0	0	0
2024-10-18 22:24:20	29.405589422	69.98972575	69.9844742	1	0	0	0	0
2024-10-18 22:24:30	29.469670822	69.98050075	69.9844742	1	0	0	0	0
2024-10-18 22:24:40	29.431053340000002	69.9875365	69.9844742	1	0	0	0	0
2024-10-18 22:24:50	29.35445134	70.0005865	69.9844742	1	0	0	0	0
2024-10-18 22:25:00	29.288812188	70.01035515	69.9844742	1	0	0	0	0
2024-10-18 22:25:10	29.227227788	70.01891015	69.9844742	1	0	0	0	0
2024-10-18 22:25:20	29.229811118	70.0167467425	69.9844742	1	0	0	0	0
2024-10-18 22:25:30	29.256127718	70.0106189925	69.9844742	1	0	0	0	0
2024-10-18 22:25:40	29.212975802499997	70.0137334075	69.9844742	1	0	0	0	0
2024-10-18 22:25:50	29.1441300525	70.0202661575	69.9844742	1	0	0	0	0
2024-10-18 22:26:00	29.114289991	70.0257749	69.9844742	1	0	0	0	0
2024-10-18 22:26:10	29.098876690999997	70.0309049	69.9844742	1	0	0	0	0
2024-10-18 22:26:20	29.164567960499998	70.02251530000001	69.9844742	1	0	0	0	0
2024-10-18 22:26:30	29.2602568105	70.00912530000001	69.9844742	1	0	0	0	0
2024-10-18 22:26:40	29.253787160999998	70.005748929	69.9844742	1	0	0	0	0
2024-10-18 22:26:50	29.209532861	70.006076229	69.9844742	1	0	0	0	0
2024-10-18 22:27:00	29.1674311485	70.0059278975	69.9844742	1	0	0	0	0
2024-10-18 22:27:10	29.1261255985	70.0056036475	69.9844742	1	0	0	0	0
2024-10-18 22:27:20	29.1655730135	70.0032743795	69.9844742	1	0	0	0	0
2024-10-18 22:27:30	29.2348879635	70.0002035295	69.9844742	1	0	0	0	0
2024-10-18 22:27:40	29.1962744575	70.003179744	69.9844742	1	0	0	0	0
2024-10-18 22:27:50	29.1177422075	70.008392544	69.9844742	1	0	0	0	0
2024-10-18 22:28:00	29.109559218	70.0109753	69.9844742	1	0	0	0	0
2024-10-18 22:28:10	29.127395818	70.0125853	69.9844742	1	0	0	0	0
2024-10-18 22:28:20	29.139381687	70.0082983235	69.9844742	1	0	0	0	0
2024-10-18 22:28:30	29.149203587	70.0018302735	69.9844742	1	0	0	0	0
2024-10-18 22:28:40	29.2478959425	69.9889477865	69.9844742	1	0	0	0	0
2024-10-18 22:28:50	29.3794581925	69.97369283649999	69.9844742	1	0	0	0	0
2024-10-18 22:29:00	29.3420238	69.97967573999999	69.9844742	1	0	0	0	0
2024-10-18 22:29:10	29.2420838	69.99351374	69.9844742	1	0	0	0	0
2024-10-18 22:29:20	29.192336702	70.001818194	69.9844742	1	0	0	0	0
2024-10-18 22:29:30	29.161154102	70.008075994	69.9844742	1	0	0	0	0
2024-10-18 22:29:40	29.171115397	69.998167506	69.9844742	1	0	0	0	0
2024-10-18 22:29:50	29.196294297	69.982279706	69.9844742	1	0	0	0	0
2024-10-18 22:30:00	29.258630051	69.975809271	69.9844742	1	0	0	0	0
2024-10-18 22:30:10	29.334708751	69.972821971	69.9844742	1	0	0	0	0
2024-10-18 22:30:20	29.329074025	69.981397579	69.9844742	1	0	0	0	0
2024-10-18 22:30:30	29.293216525000002	69.994249879	69.9844742	1	0	0	0	0
2024-10-18 22:30:40	29.266932464	69.9960994	69.9844742	1	0	0	0	0
2024-10-18 22:30:50	29.244189264	69.9938794	69.9844742	1	0	0	0	0
2024-10-18 22:31:00	29.279895412	69.9867392	69.9844742	1	0	0	0	0
2024-10-18 22:31:10	29.337219812	69.9777792	69.9844742	1	0	0	0	0
2024-10-18 22:31:20	29.356337399	69.97682365	69.9844742	1	0	0	0	0
2024-10-18 22:31:30	29.361323699	69.97882865	69.9844742	1	0	0	0	0
2024-10-18 22:31:40	29.378439569500003	69.9768953	69.9844742	1	0	0	0	0
2024-10-18 22:31:50	29.400041719500003	69.9735053	69.9844742	1	0	0	0	0
2024-10-18 22:32:00	29.329706392	69.9816931	69.9844742	1	0	0	0	0
2024-10-18 22:32:10	29.225366792	69.9941631	69.9844742	1	0	0	0	0
2024-10-18 22:32:20	29.175244474499998	70.00044635	69.9844742	1	0	0	0	0
2024-10-18 22:32:30	29.1451751245	70.00444135000001	69.9844742	1	0	0	0	0
2024-10-18 22:32:40	29.1878707145	69.99682205	69.9844742	1	0	0	0	0
2024-10-18 22:32:50	29.2574793645	69.98490705	69.9844742	1	0	0	0	0
2024-10-18 22:33:00	29.260505882500002	69.9860896735	69.9844742	1	0	0	0	0
2024-10-18 22:33:10	29.238906132500002	69.9921166235	69.9844742	1	0	0	0	0
2024-10-18 22:33:20	29.287877417	69.9864424765	69.9844742	1	0	0	0	0
2024-10-18 22:33:30	29.362950317000003	69.9764405265	69.9844742	1	0	0	0	0
2024-10-18 22:33:40	29.415040700000002	69.9743021	69.9844742	1	0	0	0	0
2024-10-18 22:33:50	29.4586307	69.9750721	69.9844742	1	0	0	0	0
2024-10-18 22:34:00	29.3861827835	69.98181715	69.9844742	1	0	0	0	0
2024-10-18 22:34:10	29.270816733500002	69.99077215	69.9844742	1	0	0	0	0
2024-10-18 22:34:20	29.262669762	69.98972615	69.9844742	1	0	0	0	0
2024-10-18 22:34:30	29.294179162	69.98498115	69.9844742	1	0	0	0	0
2024-10-18 22:34:40	29.338763555499998	69.98101725	69.9844742	1	0	0	0	0
2024-10-18 22:34:50	29.3881839055	69.97734224999999	69.9844742	1	0	0	0	0
2024-10-18 22:35:00	29.378442099	69.98077744999999	69.9844742	1	0	0	0	0
2024-10-18 22:35:10	29.346818399	69.98684245	69.9844742	1	0	0	0	0
2024-10-18 22:35:20	29.3408738725	69.98776459999999	69.9844742	1	0	0	0	0
2024-10-18 22:35:30	29.3444271225	69.9867846	69.9844742	1	0	0	0	0
2024-10-18 22:35:40	29.3348502275	69.98377662349999	69.9844742	1	0	0	0	0
2024-10-18 22:35:50	29.3204169775	69.98001857349999	69.9844742	1	0	0	0	0
2024-10-18 22:36:00	29.3387777	69.97894265299999	69.9844742	1	0	0	0	0
2024-10-18 22:36:10	29.3692677	69.978858753	69.9844742	1	0	0	0	0
2024-10-18 22:36:20	29.395019635	69.9734720235	69.9844742	1	0	0	0	0
2024-10-18 22:36:30	29.419019135	69.9661239735	69.9844742	1	0	0	0	0
2024-10-18 22:36:40	29.435718927	69.963302471	69.9844742	1	0	0	0	0
2024-10-18 22:36:50	29.449718826999998	69.962155171	69.9844742	1	0	0	0	0
2024-10-18 22:37:00	29.4484654135	69.9614805825	69.9844742	1	0	0	0	0
2024-10-18 22:37:10	29.4415703635	69.9609808325	69.9844742	1	0	0	0	0
2024-10-18 22:37:20	29.48982685	69.96078534649999	69.9844742	1	0	0	0	0
2024-10-18 22:37:30	29.55848185	69.9607023965	69.9844742	1	0	0	0	0
2024-10-18 22:37:40	29.557449736	69.96365109999999	69.9844742	1	0	0	0	0
2024-10-18 22:37:50	29.530642936	69.96772109999999	69.9844742	1	0	0	0	0
2024-10-18 22:38:00	29.4697993385	69.97340075	69.9844742	1	0	0	0	0
2024-10-18 22:38:10	29.3963667885	69.97967575	69.9844742	1	0	0	0	0
2024-10-18 22:38:20	29.3870980265	69.978389994	69.9844742	1	0	0	0	0
2024-10-18 22:38:30	29.401561076500002	69.974307794	69.9844742	1	0	0	0	0
2024-10-18 22:38:40	29.464107620500002	69.96646930600001	69.9844742	1	0	0	0	0
2024-10-18 22:38:50	29.5444384705	69.957241506	69.9844742	1	0	0	0	0
2024-10-18 22:39:00	29.587608488	69.95426268850001	69.9844742	1	0	0	0	0
2024-10-18 22:39:10	29.617034088	69.9535951385	69.9844742	1	0	0	0	0
2024-10-18 22:39:20	29.677375772	69.9460364615	69.9844742	1	0	0	0	0
2024-10-18 22:39:30	29.749152172000002	69.9359290115	69.9844742	1	0	0	0	0
2024-10-18 22:39:40	29.772699443	69.92849515	69.9844742	1	0	0	0	0
2024-10-18 22:39:50	29.778408543	69.92205015	69.9844742	1	0	0	0	0
2024-10-18 22:40:00	29.76378415	69.92884005	69.9844742	1	0	0	0	0
2024-10-18 22:40:10	29.74163915	69.94052505	69.9844742	1	0	0	0	0
2024-10-18 22:40:20	29.723092028	69.94599045	69.9844742	1	0	0	0	0
2024-10-18 22:40:30	29.705875628	69.94915545	69.9844742	1	0	0	0	0
2024-10-18 22:40:40	29.674832152	69.95568575	69.9844742	1	0	0	0	0
2024-10-18 22:40:50	29.638674552	69.96346075	69.9844742	1	0	0	0	0
2024-10-18 22:41:00	29.601950253000002	69.9665747	69.9844742	1	0	0	0	0
2024-10-18 22:41:10	29.565016353	69.9679647	69.9844742	1	0	0	0	0
2024-10-18 22:41:20	29.5280497125	69.97339525	69.9844742	1	0	0	0	0
2024-10-18 22:41:30	29.4910709625	69.98032025	69.9844742	1	0	0	0	0
2024-10-18 22:41:40	29.5023090045	69.98023725	69.9844742	1	0	0	0	0
2024-10-18 22:41:50	29.5313806545	69.97756224999999	69.9844742	1	0	0	0	0
2024-10-18 22:42:00	29.5438562655	69.9756793	69.9844742	1	0	0	0	0
2024-10-18 22:42:10	29.5501936155	69.97408929999999	69.9844742	1	0	0	0	0
2024-10-18 22:42:20	29.540954444500002	69.974997871	69.9844742	1	0	0	0	0
2024-10-18 22:42:30	29.5259540945	69.976830571	69.9844742	1	0	0	0	0
2024-10-18 22:42:40	29.5349789935	69.979389329	69.9844742	1	0	0	0	0
2024-10-18 22:42:50	29.552889943500002	69.98221662899999	69.9844742	1	0	0	0	0
2024-10-18 22:43:00	29.5339310755	69.98467360000001	69.9844742	1	0	0	0	0
2024-10-18 22:43:10	29.5013354255	69.9869936	69.9844742	1	0	0	0	0
2024-10-18 22:43:20	29.467358871	69.990487367	69.9844742	1	0	0	0	0
2024-10-18 22:43:30	29.432871571	69.994415267	69.9844742	1	0	0	0	0
2024-10-18 22:43:40	29.4595300565	69.99032718299999	69.9844742	1	0	0	0	0
2024-10-18 22:43:50	29.5088041065	69.983274283	69.9844742	1	0	0	0	0
2024-10-18 22:44:00	29.479300535	69.98900215	69.9844742	1	0	0	0	0
2024-10-18 22:44:10	29.420660034999997	69.99945715	69.9844742	1	0	0	0	0
2024-10-18 22:44:20	29.416837644	69.99746565	69.9844742	1	0	0	0	0
2024-10-18 22:44:30	29.433290444	69.99087065	69.9844742	1	0	0	0	0
2024-10-18 22:44:40	29.47811265	69.9840802655	69.9844742	1	0	0	0	0
2024-10-18 22:44:50	29.53342765	69.9772176155	69.9844742	1	0	0	0	0
2024-10-18 22:45:00	29.5108600815	69.9826301345	69.9844742	1	0	0	0	0
2024-10-18 22:45:10	29.4594866315	69.9925827845	69.9844742	1	0	0	0	0
2024-10-18 22:45:20	29.4488774035	69.99326615	69.9844742	1	0	0	0	0
2024-10-18 22:45:30	29.453345353499998	69.99052114999999	69.9844742	1	0	0	0	0
2024-10-18 22:45:40	29.4699261935	69.98449334	69.9844742	1	0	0	0	0
2024-10-18 22:45:50	29.4909871435	69.97725134	69.9844742	1	0	0	0	0
2024-10-18 22:46:00	29.494615	69.97663336	69.9844742	1	0	0	0	0
2024-10-18 22:46:10	29.491795	69.97846536	69.9844742	1	0	0	0	0
2024-10-18 22:46:20	29.465438486	69.9820114	69.9844742	1	0	0	0	0
2024-10-18 22:46:30	29.430376686	69.9861914	69.9844742	1	0	0	0	0
2024-10-18 22:46:40	29.4127138155	69.987466	69.9844742	1	0	0	0	0
2024-10-18 22:46:50	29.4014861655	69.98766599999999	69.9844742	1	0	0	0	0
2024-10-18 22:47:00	29.415401869	69.9890048	69.9844742	1	0	0	0	0
2024-10-18 22:47:10	29.438617169	69.99076480000001	69.9844742	1	0	0	0	0
2024-10-18 22:47:20	29.4006380655	69.996052525	69.9844742	1	0	0	0	0
2024-10-18 22:47:30	29.3400254155	70.00264502499999	69.9844742	1	0	0	0	0
2024-10-18 22:47:40	29.325253517	70.003700475	69.9844742	1	0	0	0	0
2024-10-18 22:47:50	29.327436416999998	70.002707975	69.9844742	1	0	0	0	0
2024-10-18 22:48:00	29.298473283	70.0050753	69.9844742	1	0	0	0	0
2024-10-18 22:48:10	29.257990383	70.0086853	69.9844742	1	0	0	0	0
2024-10-18 22:48:20	29.24706	70.00966	69.9844742	1	0	0	0	0
2024-10-18 22:48:30	29.306432955357145	69.99706178571428	69.9844742	1	0	0	0	0
2024-10-18 22:48:40	29.332515001	69.9957156305	69.9844742	1	0	0	0	0
2024-10-18 22:48:50	29.342408701	69.99935348049999	69.9844742	1	0	0	0	0
2024-10-18 22:49:00	29.3015697735	70.0082979195	69.9844742	1	0	0	0	0
2024-10-18 22:49:10	29.2419667235	70.01920506949999	69.9844742	1	0	0	0	0
2024-10-18 22:49:20	29.2055091265	70.01913145	69.9844742	1	0	0	0	0
2024-10-18 22:49:30	29.1776121765	70.01499645	69.9844742	1	0	0	0	0
2024-10-18 22:49:40	29.225404291	70.00812395	69.9844742	1	0	0	0	0
2024-10-18 22:49:50	29.301190991	70.00023895	69.9844742	1	0	0	0	0
2024-10-18 22:50:00	29.2846471085	70.0012949535	69.9844742	1	0	0	0	0
2024-10-18 22:50:10	29.233953558499998	70.0056579035	69.9844742	1	0	0	0	0
2024-10-18 22:50:20	29.2302474805	70.0061730965	69.9844742	1	0	0	0	0
2024-10-18 22:50:30	29.2439203305	70.00526514650001	69.9844742	1	0	0	0	0
2024-10-18 22:50:40	29.272674579	70.0008225	69.9844742	1	0	0	0	0
2024-10-18 22:50:50	29.307006879	69.9950725	69.9844742	1	0	0	0	0
2024-10-18 22:51:00	29.319771402	69.9988147265	69.9844742	1	0	0	0	0
2024-10-18 22:51:10	29.324558802000002	70.00606777649999	69.9844742	1	0	0	0	0
2024-10-18 22:51:20	29.2739064615	70.0098999735	69.9844742	1	0	0	0	0
2024-10-18 22:51:30	29.2027490115	70.0124669235	69.9844742	1	0	0	0	0
2024-10-18 22:51:40	29.1656724875	70.00792225000001	69.9844742	1	0	0	0	0
2024-10-18 22:51:50	29.1412012375	70.00074725	69.9844742	1	0	0	0	0
2024-10-18 22:52:00	29.0992919665	70.00946986150001	69.9844742	1	0	0	0	0
2024-10-18 22:52:10	29.0509330165	70.0240724115	69.9844742	1	0	0	0	0
2024-10-18 22:52:20	29.125797665	70.0154718385	69.9844742	1	0	0	0	0
2024-10-18 22:52:30	29.246238165	69.9982892885	69.9844742	1	0	0	0	0
2024-10-18 22:52:40	29.2581953725	69.9969569	69.9844742	1	0	0	0	0
2024-10-18 22:52:50	29.2300286225	70.00148689999999	69.9844742	1	0	0	0	0
2024-10-18 22:53:00	29.2424158545	70.0024983	69.9844742	1	0	0	0	0
2024-10-18 22:53:10	29.2698025045	70.00220829999999	69.9844742	1	0	0	0	0
2024-10-18 22:53:20	29.264837562	70.00074665	69.9844742	1	0	0	0	0
2024-10-18 22:53:30	29.247906962	69.99885164999999	69.9844742	1	0	0	0	0
2024-10-18 22:53:40	29.278737269	69.99965765	69.9844742	1	0	0	0	0
2024-10-18 22:53:50	29.327232569	70.00146265	69.9844742	1	0	0	0	0
2024-10-18 22:54:00	29.2796261795	70.00247925	69.9844742	1	0	0	0	0
2024-10-18 22:54:10	29.1964753295	70.00320425	69.9844742	1	0	0	0	0
2024-10-18 22:54:20	29.2457174255	69.99235674250001	69.9844742	1	0	0	0	0
2024-10-18 22:54:30	29.3439267755	69.9772289925	69.9844742	1	0	0	0	0
2024-10-18 22:54:40	29.425083873000002	69.9657041575	69.9844742	1	0	0	0	0
2024-10-18 22:54:50	29.499933973	69.9555119075	69.9844742	1	0	0	0	0
2024-10-18 22:55:00	29.5291402755	69.95300455	69.9844742	1	0	0	0	0
2024-10-18 22:55:10	29.5414646255	69.95333955	69.9844742	1	0	0	0	0
2024-10-18 22:55:20	29.455969085	69.9675430535	69.9844742	1	0	0	0	0
2024-10-18 22:55:30	29.334293585	69.9868760035	69.9844742	1	0	0	0	0
2024-10-18 22:55:40	29.317803712	69.9887028965	69.9844742	1	0	0	0	0
2024-10-18 22:55:50	29.340218112	69.9840549465	69.9844742	1	0	0	0	0
2024-10-18 22:56:00	29.368656289500002	69.9798216	69.9844742	1	0	0	0	0
2024-10-18 22:56:10	29.3993224395	69.97574159999999	69.9844742	1	0	0	0	0
2024-10-18 22:56:20	29.4011681895	69.975467017	69.9844742	1	0	0	0	0
2024-10-18 22:56:30	29.3923543395	69.976599917	69.9844742	1	0	0	0	0
2024-10-18 22:56:40	29.4644828165	69.965931783	69.9844742	1	0	0	0	0
2024-10-18 22:56:50	29.5665488665	69.950898883	69.9844742	1	0	0	0	0
2024-10-18 22:57:00	29.6708886475	69.93674198299999	69.9844742	1	0	0	0	0
2024-10-18 22:57:10	29.7760693975	69.922909083	69.9844742	1	0	0	0	0
2024-10-18 22:57:20	29.772418207	69.9243760705	69.9844742	1	0	0	0	0
2024-10-18 22:57:30	29.728514107000002	69.9315019205	69.9844742	1	0	0	0	0
2024-10-18 22:57:40	29.7535396	69.93427784650001	69.9844742	1	0	0	0	0
2024-10-18 22:57:50	29.8040596	69.9354448965	69.9844742	1	0	0	0	0
2024-10-18 22:58:00	29.749867962	69.9427665765	69.9844742	1	0	0	0	0
2024-10-18 22:58:10	29.656947362	69.9523646265	69.9844742	1	0	0	0	0
2024-10-18 22:58:20	29.630393361499998	69.95805827150001	69.9844742	1	0	0	0	0
2024-10-18 22:58:30	29.628385911499997	69.9623078215	69.9844742	1	0	0	0	0
2024-10-18 22:58:40	29.666328076499997	69.955912402	69.9844742	1	0	0	0	0
2024-10-18 22:58:50	29.7190461265	69.945579802	69.9844742	1	0	0	0	0
2024-10-18 22:59:00	29.7221329	69.948723221	69.9844742	1	0	0	0	0
2024-10-18 22:59:10	29.706862899999997	69.956850921	69.9844742	1	0	0	0	0
2024-10-18 22:59:20	29.748016789999998	69.948352579	69.9844742	1	0	0	0	0
2024-10-18 22:59:30	29.810039789999998	69.933704879	69.9844742	1	0	0	0	0
2024-10-18 22:59:40	29.8359749115	69.9276052235	69.9844742	1	0	0	0	0
2024-10-18 22:59:50	29.8485624615	69.9246671735	69.9844742	1	0	0	0	0
2024-10-18 23:00:00	29.861891472499998	69.9298840265	69.9844742	1	0	0	0	0
2024-10-18 23:00:10	29.875494722499997	69.9381170765	69.9844742	1	0	0	0	0
2024-10-18 23:00:20	29.869891636	69.94425645	69.9844742	1	0	0	0	0
2024-10-18 23:00:30	29.857184836	69.94962145	69.9844742	1	0	0	0	0
2024-10-18 23:00:40	32.37569449	69.96576125	70.34946901699999	1	0	0	0	0
2024-10-18 23:00:50	35.83040749	69.98588625000001	70.849461917	1	0	0	0	0
2024-10-18 23:01:00	36.708404449999996	70.029029975	70.98446	1	0	0	0	0
2024-10-18 23:01:10	36.63336945	70.08068747499999	70.98446	1	0	0	0	0
2024-10-18 23:01:20	36.528012695499996	70.123128725	70.98446	1	0	0	0	0
2024-10-18 23:01:30	36.4114410455	70.162161225	70.98446	1	0	0	0	0
2024-10-18 23:01:40	36.254655301499994	70.20567775	70.98446	1	0	0	0	0
2024-10-18 23:01:50	36.082995851499994	70.25085275	70.98446	1	0	0	0	0
2024-10-18 23:02:00	36.037996985999996	70.28362870000001	70.98446	1	0	0	0	0
2024-10-18 23:02:10	36.039845186	70.3118187	70.98446	1	0	0	0	0
2024-10-18 23:02:20	35.964631593	70.33786399649999	70.98446	1	0	0	0	0
2024-10-18 23:02:30	35.860915692999995	70.3631160465	70.98446	1	0	0	0	0
2024-10-18 23:02:40	35.757991624	70.4038849035	70.98446	1	0	0	0	0
2024-10-18 23:02:50	35.655360424	70.4503928535	70.98446	1	0	0	0	0
2024-10-18 23:03:00	35.612999222058825	70.47883465686274	70.98446	1	0	0	0	0
2024-10-18 23:03:10	35.592929663235296	70.50059446078431	70.98446	1	0	0	0	0
2024-10-18 23:03:20	35.43979432091837	70.53429777193878	70.98446	1	0	0	0	0
2024-10-18 23:03:30	35.22687580051021	70.57336700663265	70.98446	1	0	0	0	0
2024-10-18 23:03:40	35.131216903	70.6039922695	70.98446	1	0	0	0	0
2024-10-18 23:03:50	35.078928003	70.6314944195	70.98446	1	0	0	0	0
2024-10-18 23:04:00	35.010878768	70.65334845	70.98446	1	0	0	0	0
2024-10-18 23:04:10	34.937000368	70.67311345	70.98446	1	0	0	0	0
2024-10-18 23:04:20	34.8454745465	70.70364595	70.98446	1	0	0	0	0
2024-10-18 23:04:30	34.7474215965	70.73816095	70.98446	1	0	0	0	0
2024-10-18 23:04:40	34.5505093455	70.769891	70.98446	1	0	0	0	0
2024-10-18 23:04:50	34.3170326955	70.800591	70.98446	1	0	0	0	0
2024-10-18 23:05:00	34.21230589	70.8194869	70.98446	1	0	0	0	0
2024-10-18 23:05:10	34.15519889	70.83401690000001	70.98446	1	0	0	0	0
2024-10-18 23:05:20	34.0078982	70.8539051	70.98446	1	0	0	0	0
2024-10-18 23:05:30	33.827238200000004	70.8757751	70.98446	1	0	0	0	0
2024-10-18 23:05:40	33.688061253	70.9054342	70.98446	1	0	0	0	0
2024-10-18 23:05:50	33.564227353	70.9379742	70.98446	1	0	0	0	0
2024-10-18 23:06:00	33.459364547	70.95467685	70.98446	1	0	0	0	0
2024-10-18 23:06:10	33.361518446999995	70.96552185	70.98446	1	0	0	0	0
2024-10-18 23:06:20	33.173487636	70.9927809	70.98446	1	0	0	0	0
2024-10-18 23:06:30	32.952100836	71.0261109	70.98446	1	0	0	0	0
2024-10-18 23:06:40	32.76684232	71.05153135	70.98446	1	0	0	0	0
2024-10-18 23:06:50	32.59494632	71.07402635	70.98446	1	0	0	0	0
2024-10-18 23:07:00	32.404512408	71.0955833	70.98446	1	0	0	0	0
2024-10-18 23:07:10	32.207222008	71.1167933	70.98446	1	0	0	0	0
2024-10-18 23:07:20	32.120457477	71.1248998	70.98446	1	0	0	0	0
2024-10-18 23:07:30	32.074572377	71.1281598	70.98446	1	0	0	0	0
2024-10-18 23:07:40	32.014097059	71.13074455	70.98446	1	0	0	0	0
2024-10-18 23:07:50	31.948225359000002	71.13307954999999	70.98446	1	0	0	0	0
2024-10-18 23:08:00	31.79559805	71.15250384999999	70.98446	1	0	0	0	0
2024-10-18 23:08:10	31.610883049999998	71.17824884999999	70.98446	1	0	0	0	0
2024-10-18 23:08:20	31.5402687655	71.1920109	70.98446	1	0	0	0	0
2024-10-18 23:08:30	31.5118561155	71.2013409	70.98446	1	0	0	0	0
2024-10-18 23:08:40	31.359481837	71.20671619800001	70.98446	1	0	0	0	0
2024-10-18 23:08:50	31.161258737	71.210628798	70.98446	1	0	0	0	0
2024-10-18 23:09:00	31.05587711	71.219136602	70.98446	1	0	0	0	0
2024-10-18 23:09:10	30.98483411	71.229344002	70.98446	1	0	0	0	0
2024-10-18 23:09:20	30.866695050500002	71.24015920000001	70.98446	1	0	0	0	0
2024-10-18 23:09:30	30.7311369005	71.2511992	70.98446	1	0	0	0	0
2024-10-18 23:09:40	30.6283585245	71.2567204	70.98446	1	0	0	0	0
2024-10-18 23:09:50	30.5377041745	71.2602004	70.98446	1	0	0	0	0
2024-10-18 23:10:00	30.3997864125	71.2663814	70.98446	1	0	0	0	0
2024-10-18 23:10:10	30.2443876625	71.27356139999999	70.98446	1	0	0	0	0
2024-10-18 23:10:20	30.18709635	71.27705854999999	70.98446	1	0	0	0	0
2024-10-18 23:10:30	30.16609135	71.27919355	70.98446	1	0	0	0	0
2024-10-18 23:10:40	30.0632515615	71.28383244999999	70.98446	1	0	0	0	0
2024-10-18 23:10:50	29.9301441115	71.28939745	70.98446	1	0	0	0	0
2024-10-18 23:11:00	29.8527989525	71.29267755	70.98446	1	0	0	0	0
2024-10-18 23:11:10	29.7960782025	71.29511255	70.98446	1	0	0	0	0
2024-10-18 23:11:20	29.7547904555	71.28890435000001	70.98446	1	0	0	0	0
2024-10-18 23:11:30	29.719210805499998	71.27949935000001	70.98446	1	0	0	0	0
2024-10-18 23:11:40	29.719210805499998	71.27949935000001	70.98446	1	0	0	0	0
2024-10-18 23:11:50	29.5874522005	71.28172615	70.98446	1	0	0	0	0
2024-10-18 23:12:00	29.4708194485	71.285317	70.98446	1	0	0	0	0
2024-10-18 23:12:10	29.337163898500002	71.28921700000001	70.98446	1	0	0	0	0
2024-10-18 23:12:20	29.288728001000003	71.2881457	70.98446	1	0	0	0	0
2024-10-18 23:12:30	29.271811701	71.2852357	70.98446	1	0	0	0	0
2024-10-18 23:12:40	29.187937319	71.28938115000001	70.98446	1	0	0	0	0
2024-10-18 23:12:50	29.079297619	71.29613615000001	70.98446	1	0	0	0	0
2024-10-18 23:13:00	28.986652	71.30105885	70.98446	1	0	0	0	0
2024-10-18 23:13:10	28.899922	71.30530385	70.98446	1	0	0	0	0
2024-10-18 23:13:20	28.792584319	71.3105657765	70.98446	1	0	0	0	0
2024-10-18 23:13:30	28.677624619	71.3162038265	70.98446	1	0	0	0	0
2024-10-18 23:13:40	28.630703474	71.3081353235	70.98446	1	0	0	0	0
2024-10-18 23:13:50	28.608947274	71.2949972735	70.98446	1	0	0	0	0
2024-10-18 23:14:00	28.616049945	71.2812738	70.98446	1	0	0	0	0
2024-10-18 23:14:10	28.633826445	71.2673338	70.98446	1	0	0	0	0
2024-10-18 23:14:20	28.6807625395	71.255720821	70.98446	1	0	0	0	0
2024-10-18 23:14:30	28.7384836895	71.244968521	70.98446	1	0	0	0	0
2024-10-18 23:14:40	28.668405966	71.242811679	70.98446	1	0	0	0	0
2024-10-18 23:14:50	28.551060166	71.243833979	70.98446	1	0	0	0	0
2024-10-18 23:15:00	28.55717182	71.240462044	70.98446	1	0	0	0	0
2024-10-18 23:15:10	28.60894582	71.23546484399999	70.98446	1	0	0	0	0
2024-10-18 23:15:20	28.498470385	71.247410506	70.98446	1	0	0	0	0
2024-10-18 23:15:30	28.327984885	71.265622706	70.98446	1	0	0	0	0
2024-10-18 23:15:40	28.2303395515	71.26030540000001	70.98446	1	0	0	0	0
2024-10-18 23:15:50	28.159635101499997	71.2462854	70.98446	1	0	0	0	0
2024-10-18 23:16:00	28.213737328	71.2315208	70.98446	1	0	0	0	0
2024-10-18 23:16:10	28.314000928000002	71.2164808	70.98446	1	0	0	0	0
2024-10-18 23:16:20	28.3378042185	71.205485	70.98446	1	0	0	0	0
2024-10-18 23:16:30	28.3333276685	71.19598500000001	70.98446	1	0	0	0	0
2024-10-18 23:16:40	28.29797544	71.20021630000001	70.98446	1	0	0	0	0
2024-10-18 23:16:50	28.25120344	71.20952630000001	70.98446	1	0	0	0	0
2024-10-18 23:17:00	28.204386873500003	71.20617445	70.98446	1	0	0	0	0
2024-10-18 23:17:10	28.157553823500002	71.19813945	70.98446	1	0	0	0	0
2024-10-18 23:17:20	28.1285646015	71.19327265	70.98446	1	0	0	0	0
2024-10-18 23:17:30	28.1061751515	71.18957765	70.98446	1	0	0	0	0
2024-10-18 23:17:40	28.053815150000002	71.1894852	70.98446	1	0	0	0	0
2024-10-18 23:17:50	27.99037015	71.19072519999999	70.98446	1	0	0	0	0
2024-10-18 23:18:00	28.041754734	71.17966104999999	70.98446	1	0	0	0	0
2024-10-18 23:18:10	28.135610534	71.16404605	70.98446	1	0	0	0	0
2024-10-18 23:18:20	26.89721721	71.14920485	70.80196365	1	0	0	0	0
2024-10-18 23:18:30	25.16607421	71.13464985	70.55196865	1	0	0	0	0
2024-10-18 23:18:40	24.7565350725	71.1059365	70.48447	1	0	0	0	0
2024-10-18 23:18:50	24.8358083225	71.07198650000001	70.48447	1	0	0	0	0
2024-10-18 23:19:00	24.8113636835	71.05502725000001	70.48447	1	0	0	0	0
2024-10-18 23:19:10	24.7485576335	71.04435225	70.48447	1	0	0	0	0
2024-10-18 23:19:20	24.7404630395	71.0305492	70.48447	1	0	0	0	0
2024-10-18 23:19:30	24.7526041895	71.0155892	70.48447	1	0	0	0	0
2024-10-18 23:19:40	24.801454375	70.9913164805	70.48447	1	0	0	0	0
2024-10-18 23:19:50	24.863881875	70.9635993305	70.48447	1	0	0	0	0
2024-10-18 23:20:00	24.9311119355	70.9413019195	70.48447	1	0	0	0	0
2024-10-18 23:20:10	25.0001182855	70.9210090695	70.48447	1	0	0	0	0
2024-10-18 23:20:20	25.01410355	70.900600113	70.48447	1	0	0	0	0
2024-10-18 23:20:30	25.00773855	70.880148213	70.48447	1	0	0	0	0
2024-10-18 23:20:40	25.088117844	70.854439437	70.48447	1	0	0	0	0
2024-10-18 23:20:50	25.200580644	70.826786337	70.48447	1	0	0	0	0
2024-10-18 23:21:00	25.281242672999998	70.8073681845	70.48447	1	0	0	0	0
2024-10-18 23:21:10	25.350142772999998	70.7909958345	70.48447	1	0	0	0	0
2024-10-18 23:21:20	25.420099183	70.768343696	70.48447	1	0	0	0	0
2024-10-18 23:21:30	25.490446283	70.743368896	70.48447	1	0	0	0	0
2024-10-18 23:21:40	25.4891154495	70.73104787950001	70.48447	1	0	0	0	0
2024-10-18 23:21:50	25.4612735995	70.72340702950001	70.48447	1	0	0	0	0
2024-10-18 23:22:00	25.552788939499997	70.70667684	70.48447	1	0	0	0	0
2024-10-18 23:22:10	25.688450089499998	70.68658484000001	70.48447	1	0	0	0	0
2024-10-18 23:22:20	25.785997611	70.66505255	70.48447	1	0	0	0	0
2024-10-18 23:22:30	25.869448311	70.64298755	70.48447	1	0	0	0	0
2024-10-18 23:22:40	25.910155649500002	70.6326281	70.48447	1	0	0	0	0
2024-10-18 23:22:50	25.9350537995	70.62659810000001	70.48447	1	0	0	0	0
2024-10-18 23:23:00	26.0171268635	70.6111241265	70.48447	1	0	0	0	0
2024-10-18 23:23:10	26.1203468135	70.59215717650001	70.48447	1	0	0	0	0
2024-10-18 23:23:20	26.1827997675	70.5804748235	70.48447	1	0	0	0	0
2024-10-18 23:23:30	26.2301745175	70.5714867735	70.48447	1	0	0	0	0
2024-10-18 23:23:40	26.2811170695	70.55885095	70.48447	1	0	0	0	0
2024-10-18 23:23:50	26.3333792195	70.54486595	70.48447	1	0	0	0	0
2024-10-18 23:24:00	26.4433808655	70.52956695	70.48447	1	0	0	0	0
2024-10-18 23:24:10	26.574738215500002	70.51378195	70.48447	1	0	0	0	0
2024-10-18 23:24:20	25.358560205	70.4999862	70.301971533	1	0	0	0	0
2024-10-18 23:24:30	23.643978705000002	70.4869262	70.05197363299999	1	0	0	0	0
2024-10-18 23:24:40	23.2365636385	70.45946695	69.9844742	1	0	0	0	0
2024-10-18 23:24:50	23.3126210885	70.42668195	69.9844742	1	0	0	0	0
2024-10-18 23:25:00	23.411871843	70.400169767	69.9844742	1	0	0	0	0
2024-10-18 23:25:10	23.519700943	70.375977667	69.9844742	1	0	0	0	0
2024-10-18 23:25:20	23.662820214	70.3436146405	69.9844742	1	0	0	0	0
2024-10-18 23:25:30	23.818992014	70.3082294905	69.9844742	1	0	0	0	0
2024-10-18 23:25:40	23.903863619000003	70.2804161925	69.9844742	1	0	0	0	0
2024-10-18 23:25:50	23.962363919	70.2554034425	69.9844742	1	0	0	0	0
2024-10-18 23:26:00	24.106007915000003	70.2300058	69.9844742	1	0	0	0	0
2024-10-18 23:26:10	24.281143415000003	70.2044658	69.9844742	1	0	0	0	0
2024-10-18 23:26:20	24.372257521	70.1835467	69.9844742	1	0	0	0	0
2024-10-18 23:26:30	24.432295221	70.16433669999999	69.9844742	1	0	0	0	0
2024-10-18 23:26:40	24.5740952935	70.1430754	69.9844742	1	0	0	0	0
2024-10-18 23:26:50	24.7461362435	70.1210554	69.9844742	1	0	0	0	0
2024-10-18 23:27:00	24.819904082500003	70.10044065	69.9844742	1	0	0	0	0
2024-10-18 23:27:10	24.857324332500003	70.08034565	69.9844742	1	0	0	0	0
2024-10-18 23:27:20	24.9794518845	70.06492995	69.9844742	1	0	0	0	0
2024-10-18 23:27:30	25.1329095345	70.05124495	69.9844742	1	0	0	0	0
2024-10-18 23:27:40	25.278749882843137	70.02817279411765	69.9844742	1	0	0	0	0
2024-10-18 23:27:50	25.421772873039217	70.00162867647059	69.9844742	1	0	0	0	0
2024-10-18 23:28:00	25.564318995939086	69.98129172588833	69.9844742	1	0	0	0	0
2024-10-18 23:28:10	25.706650874111673	69.96374350253808	69.9844742	1	0	0	0	0
2024-10-18 23:28:20	25.78791715075377	69.95040871356784	69.9844742	1	0	0	0	0
2024-10-18 23:28:30	25.845435693467337	69.93871248241206	69.9844742	1	0	0	0	0
2024-10-18 23:28:40	25.94755757	69.9210149075	69.9844742	1	0	0	0	0
2024-10-18 23:28:50	26.06617657	69.9010976575	69.9844742	1	0	0	0	0
2024-10-18 23:29:00	26.1968116255	69.88873755	69.9844742	1	0	0	0	0
2024-10-18 23:29:10	26.3318909755	69.87917254999999	69.9844742	1	0	0	0	0
2024-10-18 23:29:20	26.447807424	69.86657220999999	69.9844742	1	0	0	0	0
2024-10-18 23:29:30	26.556636224000002	69.85284920999999	69.9844742	1	0	0	0	0
2024-10-18 23:29:40	26.6648116375	69.84367849	69.9844742	1	0	0	0	0
2024-10-18 23:29:50	26.7727453875	69.83619149	69.9844742	1	0	0	0	0
2024-10-18 23:30:00	26.8846865455	69.8204898	69.9844742	1	0	0	0	0
2024-10-18 23:30:10	26.998109895499997	69.8017498	69.9844742	1	0	0	0	0
2024-10-18 23:30:20	27.1215568755	69.7892951	69.9844742	1	0	0	0	0
2024-10-18 23:30:30	27.248711225500003	69.7791651	69.9844742	1	0	0	0	0
2024-10-18 23:30:40	27.3889071715	69.76557125000001	69.9844742	1	0	0	0	0
2024-10-18 23:30:50	27.5339267215	69.75069625	69.9844742	1	0	0	0	0
2024-10-18 23:31:00	27.615689034	69.7452346	69.9844742	1	0	0	0	0
2024-10-18 23:31:10	27.674054834	69.7432546	69.9844742	1	0	0	0	0
2024-10-18 23:31:20	27.8141684795	69.7308743265	69.9844742	1	0	0	0	0
2024-10-18 23:31:30	27.9845176295	69.7146473765	69.9844742	1	0	0	0	0
2024-10-18 23:31:40	28.0648723065	69.7113552235	69.9844742	1	0	0	0	0
2024-10-18 23:31:50	28.1119413565	69.7128471735	69.9844742	1	0	0	0	0
2024-10-18 23:32:00	28.223991393	69.70658875	69.9844742	1	0	0	0	0
2024-10-18 23:32:10	28.360075493	69.69746375	69.9844742	1	0	0	0	0
2024-10-18 23:32:20	28.4490617815	69.69292315	69.9844742	1	0	0	0	0
2024-10-18 23:32:30	28.5206283315	69.69007815	69.9844742	1	0	0	0	0
2024-10-18 23:32:40	28.575007579	69.69494560000001	69.9844742	1	0	0	0	0
2024-10-18 23:32:50	28.623029879	69.7026656	69.9844742	1	0	0	0	0
2024-10-18 23:33:00	28.709293448	69.69632945000001	69.9844742	1	0	0	0	0
2024-10-18 23:33:10	28.809701047999997	69.68479445	69.9844742	1	0	0	0	0
2024-10-18 23:33:20	28.8850662535	69.6880967	69.9844742	1	0	0	0	0
2024-10-18 23:33:30	28.9511692035	69.6968867	69.9844742	1	0	0	0	0
2024-10-18 23:33:40	29.025419610500002	69.687361	69.9844742	1	0	0	0	0
2024-10-18 23:33:50	29.1026834605	69.671061	69.9844742	1	0	0	0	0
2024-10-18 23:34:00	29.1916751985	69.6691983925	69.9844742	1	0	0	0	0
2024-10-18 23:34:10	29.285004648500003	69.6726756425	69.9844742	1	0	0	0	0
2024-10-18 23:34:20	29.377588582439024	69.66928987317073	69.9844742	1	0	0	0	0
2024-10-18 23:34:30	29.469896777560976	69.66336572682927	69.9844742	1	0	0	0	0
2024-10-18 23:34:40	29.56445156	69.66612538461538	69.9844742	1	0	0	0	0
2024-10-18 23:34:50	29.66006356	69.67297153846154	69.9844742	1	0	0	0	0
2024-10-18 23:35:00	29.750430875	69.67342934999999	69.9844742	1	0	0	0	0
2024-10-18 23:35:10	29.838858375	69.67152435	69.9844742	1	0	0	0	0
2024-10-18 23:35:20	29.89665252	69.67310144999999	69.9844742	1	0	0	0	0
2024-10-18 23:35:30	29.94311652	69.67596644999999	69.9844742	1	0	0	0	0
2024-10-18 23:35:40	30.019021493	69.67159715	69.9844742	1	0	0	0	0
2024-10-18 23:35:50	30.105815593	69.66455215	69.9844742	1	0	0	0	0
2024-10-18 23:36:00	30.141107900999998	69.66603355	69.9844742	1	0	0	0	0
2024-10-18 23:36:10	30.157351601	69.67066855	69.9844742	1	0	0	0	0
2024-10-18 23:36:20	30.2350600235	69.6721974	69.9844742	1	0	0	0	0
2024-10-18 23:36:30	30.3355019735	69.6725774	69.9844742	1	0	0	0	0
2024-10-18 23:36:40	30.3638020385	69.678374	69.9844742	1	0	0	0	0
2024-10-18 23:36:50	30.3654194885	69.68617400000001	69.9844742	1	0	0	0	0
2024-10-18 23:37:00	30.39292168	69.6920777155	69.9844742	1	0	0	0	0
2024-10-18 23:37:10	30.42999768	69.6972800655	69.9844742	1	0	0	0	0
2024-10-18 23:37:20	30.45878129509804	69.70293419460785	69.9844742	1	0	0	0	0
2024-10-18 23:37:30	30.48449786372549	69.70875542009804	69.9844742	1	0	0	0	0
2024-10-18 23:37:40	30.520645234693877	69.7102309122449	69.9844742	1	0	0	0	0
2024-10-18 23:37:50	30.561478908163263	69.70975397346939	69.9844742	1	0	0	0	0
2024-10-18 23:38:00	30.606123347	69.713930302	69.9844742	1	0	0	0	0
2024-10-18 23:38:10	30.652177247	69.71982770199999	69.9844742	1	0	0	0	0
2024-10-18 23:38:20	30.638582263	69.732297	69.9844742	1	0	0	0	0
2024-10-18 23:38:30	30.602925363	69.747197	69.9844742	1	0	0	0	0
2024-10-18 23:38:40	30.6182011105	69.75439915	69.9844742	1	0	0	0	0
2024-10-18 23:38:50	30.6523149605	69.75875415	69.9844742	1	0	0	0	0
2024-10-18 23:39:00	30.6394532375	69.76599995	69.9844742	1	0	0	0	0
2024-10-18 23:39:10	30.609216987499998	69.77431495	69.9844742	1	0	0	0	0
2024-10-18 23:39:20	30.644637704	69.77614390000001	69.9844742	1	0	0	0	0
2024-10-18 23:39:30	30.704342504	69.7755739	69.9844742	1	0	0	0	0
2024-10-18 23:39:40	30.7736309265	69.7701656425	69.9844742	1	0	0	0	0
2024-10-18 23:39:50	30.8464639765	69.7629678925	69.9844742	1	0	0	0	0
2024-10-18 23:40:00	30.8362796015	69.7724619575	69.9844742	1	0	0	0	0
2024-10-18 23:40:10	30.7953901515	69.7881297075	69.9844742	1	0	0	0	0
2024-10-18 23:40:20	30.8431556245	69.7899218	69.9844742	1	0	0	0	0
2024-10-18 23:40:30	30.9237112745	69.7865818	69.9844742	1	0	0	0	0
2024-10-18 23:40:40	30.939395438000002	69.7885343	69.9844742	1	0	0	0	0
2024-10-18 23:40:50	30.931086038	69.7924443	69.9844742	1	0	0	0	0
2024-10-18 23:41:00	30.9200330425	69.79876329999999	69.9844742	1	0	0	0	0
2024-10-18 23:41:10	30.9079652925	69.80597329999999	69.9844742	1	0	0	0	0
2024-10-18 23:41:20	30.923558885	69.81057190749999	69.9844742	1	0	0	0	0
2024-10-18 23:41:30	30.949383385	69.8142046575	69.9844742	1	0	0	0	0
2024-10-18 23:41:40	30.9235902055	69.82616269249999	69.9844742	1	0	0	0	0
2024-10-18 23:41:50	30.878705555499998	69.8411999425	69.9844742	1	0	0	0	0
2024-10-18 23:42:00	30.857944303	69.84869658449999	69.9844742	1	0	0	0	0
2024-10-18 23:42:10	30.846105403	69.85340423449999	69.9844742	1	0	0	0	0
2024-10-18 23:42:20	30.841162156	69.8573597655	69.9844742	1	0	0	0	0
2024-10-18 23:42:30	30.838769356	69.8610371155	69.9844742	1	0	0	0	0
2024-10-18 23:42:40	30.8359289565	69.86270160000001	69.9844742	1	0	0	0	0
2024-10-18 23:42:50	30.8329230065	69.8636216	69.9844742	1	0	0	0	0
2024-10-18 23:43:00	30.8306041325	69.86795435	69.9844742	1	0	0	0	0
2024-10-18 23:43:10	30.8285393825	69.87354935	69.9844742	1	0	0	0	0
2024-10-18 23:43:20	30.808886341	69.88138545000001	69.9844742	1	0	0	0	0
2024-10-18 23:43:30	30.782728041	69.89005045	69.9844742	1	0	0	0	0
2024-10-18 23:43:40	30.749256309	69.89348343050001	69.9844742	1	0	0	0	0
2024-10-18 23:43:50	30.713079608999998	69.8949812805	69.9844742	1	0	0	0	0
2024-10-18 23:44:00	30.703200501999998	69.9018842695	69.9844742	1	0	0	0	0
2024-10-18 23:44:10	30.703047901999998	69.9107864195	69.9844742	1	0	0	0	0
2024-10-18 23:44:20	30.6637448545	69.9168838	69.9844742	1	0	0	0	0
2024-10-18 23:44:30	30.6099615045	69.9219438	69.9844742	1	0	0	0	0
2024-10-18 23:44:40	30.610712110999998	69.9240035	69.9844742	1	0	0	0	0
2024-10-18 23:44:50	30.631632811	69.9249535	69.9844742	1	0	0	0	0
2024-10-18 23:45:00	30.5824257325	69.93155370000001	69.9844742	1	0	0	0	0
2024-10-18 23:45:10	30.5072809825	69.9402437	69.9844742	1	0	0	0	0
2024-10-18 23:45:20	30.5071319065	69.9443201	69.9844742	1	0	0	0	0
2024-10-18 23:45:30	30.5347209565	69.9466901	69.9844742	1	0	0	0	0
2024-10-18 23:45:40	30.53631175	69.95244729999999	69.9844742	1	0	0	0	0
2024-10-18 23:45:50	30.52828675	69.9594573	69.9844742	1	0	0	0	0
2024-10-18 23:46:00	30.4593934375	69.9689858	69.9844742	1	0	0	0	0
2024-10-18 23:46:10	30.367987187500002	69.9794458	69.9844742	1	0	0	0	0
2024-10-18 23:46:20	30.324337939	69.985701	69.9844742	1	0	0	0	0
2024-10-18 23:46:30	30.298352239	69.990401	69.9844742	1	0	0	0	0
2024-10-18 23:46:40	30.3283207835	69.985392	69.9844742	1	0	0	0	0
2024-10-18 23:46:50	30.3789847335	69.976792	69.9844742	1	0	0	0	0
2024-10-18 23:47:00	30.3746892465	69.97893395	69.9844742	1	0	0	0	0
2024-10-18 23:47:10	30.3500662965	69.98504894999999	69.9844742	1	0	0	0	0
2024-10-18 23:47:20	30.3208993885	69.988817	69.9844742	1	0	0	0	0
2024-10-18 23:47:30	30.2900518385	69.99171700000001	69.9844742	1	0	0	0	0
2024-10-18 23:47:40	30.26935534	69.9912955	69.9844742	1	0	0	0	0
2024-10-18 23:47:50	30.25241334	69.9896455	69.9844742	1	0	0	0	0
2024-10-18 23:48:00	30.2257108385	69.99482465	69.9844742	1	0	0	0	0
2024-10-18 23:48:10	30.195398288499998	70.00252965	69.9844742	1	0	0	0	0
2024-10-18 23:48:20	30.1274139425	70.015207994	69.9844742	1	0	0	0	0
2024-10-18 23:48:30	30.0454961925	70.029725794	69.9844742	1	0	0	0	0
2024-10-18 23:48:40	30.007018807999998	70.035439356	69.9844742	1	0	0	0	0
2024-10-18 23:48:50	29.984608408	70.037896556	69.9844742	1	0	0	0	0
2024-10-18 23:49:00	29.932618627	70.03722045	69.9844742	1	0	0	0	0
2024-10-18 23:49:10	29.869688527	70.03538545	69.9844742	1	0	0	0	0
2024-10-18 23:49:20	29.899974426500002	70.03222915	69.9844742	1	0	0	0	0
2024-10-18 23:49:30	29.9647374765	70.02858415	69.9844742	1	0	0	0	0
2024-10-18 23:49:40	29.989237522499998	70.0226506	69.9844742	1	0	0	0	0
2024-10-18 23:49:50	29.998845772499998	70.0158706	69.9844742	1	0	0	0	0
2024-10-18 23:50:00	29.957711430499998	70.01986905	69.9844742	1	0	0	0	0
2024-10-18 23:50:10	29.8978092805	70.02785405	69.9844742	1	0	0	0	0
2024-10-18 23:50:20	29.847703767	70.0313167	69.9844742	1	0	0	0	0
2024-10-18 23:50:30	29.801221667	70.0331067	69.9844742	1	0	0	0	0
2024-10-18 23:50:40	29.8260469525	70.03246215	69.9844742	1	0	0	0	0
2024-10-18 23:50:50	29.8772462025	70.03091715000001	69.9844742	1	0	0	0	0
2024-10-18 23:51:00	29.895654838	70.02524035	69.9844742	1	0	0	0	0
2024-10-18 23:51:10	29.901935438	70.01803535	69.9844742	1	0	0	0	0
2024-10-18 23:51:20	29.8986730035	70.01449860000001	69.9844742	1	0	0	0	0
2024-10-18 23:51:30	29.8986730035	70.0123186	69.9844742	1	0	0	0	0
2024-10-18 23:51:40	29.851884452	70.02056664999999	69.9844742	1	0	0	0	0
2024-10-18 23:51:50	29.799606852	70.03267165	69.9844742	1	0	0	0	0
2024-10-18 23:52:00	29.7781766065	70.03546915	69.9844742	1	0	0	0	0
2024-10-18 23:52:10	29.7681556565	70.03482415	69.9844742	1	0	0	0	0
2024-10-18 23:52:20	29.703190234500003	70.042169	69.9844742	1	0	0	0	0
2024-10-18 23:52:30	29.6179028845	70.052469	69.9844742	1	0	0	0	0
2024-10-18 23:52:40	29.578779566500003	70.05379156949999	69.9844742	1	0	0	0	0
2024-10-18 23:52:50	29.5567306165	70.0517937195	69.9844742	1	0	0	0	0
2024-10-18 23:53:00	29.561722801000002	70.0479056805	69.9844742	1	0	0	0	0
2024-10-18 23:53:10	29.576716501	70.0433185305	69.9844742	1	0	0	0	0
2024-10-18 23:53:20	29.622450793000002	70.0361471075	69.9844742	1	0	0	0	0
2024-10-18 23:53:30	29.679554893000002	70.0280198575	69.9844742	1	0	0	0	0
2024-10-18 23:53:40	29.6617017535	70.0280198575	69.9844742	1	0	0	0	0
2024-10-18 23:53:50	29.6161247035	70.02771509249999	69.9844742	1	0	0	0	0
2024-10-18 23:54:00	29.6149821695	70.02689674999999	69.9844742	1	0	0	0	0
2024-10-18 23:54:10	29.6302743195	70.02537174999999	69.9844742	1	0	0	0	0
2024-10-18 23:54:20	29.61387487	70.0276829	69.9844742	1	0	0	0	0
2024-10-18 23:54:30	29.58575387	70.0314129	69.9844742	1	0	0	0	0
2024-10-18 23:54:40	29.568074936	70.03471585	69.9844742	1	0	0	0	0
2024-10-18 23:54:50	29.554258135999998	70.03786085	69.9844742	1	0	0	0	0
2024-10-18 23:55:00	29.5579370635	70.03541039999999	69.9844742	1	0	0	0	0
2024-10-18 23:55:10	29.5680870135	70.03089039999999	69.9844742	1	0	0	0	0
2024-10-18 23:55:20	29.5710839125	70.0293707	69.9844742	1	0	0	0	0
2024-10-18 23:55:30	29.5714351625	70.0289607	69.9844742	1	0	0	0	0
2024-10-18 23:55:40	29.5731957505	70.025749398	69.9844742	1	0	0	0	0
2024-10-18 23:55:50	29.5754776005	70.021501998	69.9844742	1	0	0	0	0
2024-10-18 23:56:00	29.5426887905	70.027990927	69.9844742	1	0	0	0	0
2024-10-18 23:56:10	29.4969286405	70.038450827	69.9844742	1	0	0	0	0
2024-10-18 23:56:20	29.481345010784313	70.04059330882353	69.9844742	1	0	0	0	0
2024-10-18 23:56:30	29.47692255980392	70.03965948529412	69.9844742	1	0	0	0	0
2024-10-18 23:56:40	29.490575610714284	70.03260025510204	69.9844742	1	0	0	0	0
2024-10-18 23:56:50	29.512349539285715	70.02278903061224	69.9844742	1	0	0	0	0
2024-10-18 23:57:00	29.511050884499998	70.0223227	69.9844742	1	0	0	0	0
2024-10-18 23:57:10	29.501218534499998	70.0253127	69.9844742	1	0	0	0	0
2024-10-18 23:57:20	29.438142138	70.02922615	69.9844742	1	0	0	0	0
2024-10-18 23:57:30	29.355372738	70.03348115	69.9844742	1	0	0	0	0
2024-10-18 23:57:40	29.343526889499998	70.0393458	69.9844742	1	0	0	0	0
2024-10-18 23:57:50	29.357913039499998	70.0458058	69.9844742	1	0	0	0	0
2024-10-18 23:58:00	29.385753637	70.03985215	69.9844742	1	0	0	0	0
2024-10-18 23:58:10	29.418570537	70.02930715	69.9844742	1	0	0	0	0
2024-10-18 23:58:20	29.410993544	70.0258886655	69.9844742	1	0	0	0	0
2024-10-18 23:58:30	29.388476344	70.0251060155	69.9844742	1	0	0	0	0
2024-10-18 23:58:40	29.387329857500003	70.0248491845	69.9844742	1	0	0	0	0
2024-10-18 23:58:50	29.3940876075	70.0247868345	69.9844742	1	0	0	0	0
2024-10-18 23:59:00	29.4169849275	70.0189154	69.9844742	1	0	0	0	0
2024-10-18 23:59:10	29.4458516775	70.0108954	69.9844742	1	0	0	0	0
2024-10-18 23:59:20	29.486433102499998	70.003985	69.9844742	1	0	0	0	0
2024-10-18 23:59:30	29.5313473525	69.997485	69.9844742	1	0	0	0	0
2024-10-18 23:59:40	29.600011166999998	69.99055064999999	69.9844742	1	0	0	0	0
2024-10-18 23:59:50	29.677459067	69.98345565	69.9844742	1	0	0	0	0
2024-10-19 00:00:00	29.716270914000003	69.9756854	69.9844742	1	0	0	0	0
