PROCESSDATA	2411FIC20102 Data	yyyy-MM-dd HH:mm:ss
8	10	2024-10-09 15:15:00	751
tagname	2411FIC20102.MV	2411FIC20102.PV	2411FIC20102.SV	2411FIC20102.MODE	bOpOFL	bPvOFL	bSpOFL	bAutOFL
desc	回炼油返塔_OP	回炼油返塔_PV	回炼油返塔_SP	Aut	bOpOFL	bPvOFL	bSpOFL	bAutOFL
fsMax=1.3291384529484418	fsMin=0	fsGridNum=10	fdMax=1.3291384529484418tfdMin=0	fdGridNum=10	v0GridNum=10	L=24
2024-10-09 15:15:00	25.535680904	102.48184776000001	102.499916	1	0	0	0	0
2024-10-09 15:15:10	25.511779240425533	102.55049282978723	102.499916	1	0	0	0	0
2024-10-09 15:15:20	25.530973672000002	102.429273	102.499916	1	0	0	0	0
2024-10-09 15:15:30	25.520567916	102.77102932	102.499916	1	0	0	0	0
2024-10-09 15:15:40	25.520567916	102.77102932	102.499916	1	0	0	0	0
2024-10-09 15:15:50	25.510657972	102.51270916	102.499916	1	0	0	0	0
2024-10-09 15:16:00	25.523907131999998	102.56456016	102.499916	1	0	0	0	0
2024-10-09 15:16:10	25.49813483846154	102.6646416923077	102.499916	1	0	0	0	0
2024-10-09 15:16:20	25.508778092	102.45026724	102.499916	1	0	0	0	0
2024-10-09 15:16:30	25.548352008	102.4829378	102.499916	1	0	0	0	0
2024-10-09 15:16:40	25.526604392	102.40961296	102.499916	1	0	0	0	0
2024-10-09 15:16:50	25.526604392	102.40961296	102.499916	1	0	0	0	0
2024-10-09 15:17:00	25.543048552000002	102.40632224	102.499916	1	0	0	0	0
2024-10-09 15:17:10	25.543048552000002	102.40632224	102.499916	1	0	0	0	0
2024-10-09 15:17:20	25.54807754	102.34180975999999	102.499916	1	0	0	0	0
2024-10-09 15:17:30	25.520870803999998	102.4491178	102.499916	1	0	0	0	0
2024-10-09 15:17:40	25.513903344	102.70346468	102.499916	1	0	0	0	0
2024-10-09 15:17:50	25.502806988	102.49004148	102.499916	1	0	0	0	0
2024-10-09 15:18:00	25.469912712	102.82459376	102.499916	1	0	0	0	0
2024-10-09 15:18:10	25.519680171153848	102.31347619230769	102.499916	1	0	0	0	0
2024-10-09 15:18:20	25.542571224	102.41128444	102.499916	1	0	0	0	0
2024-10-09 15:18:30	25.48957824	102.90415944	102.499916	1	0	0	0	0
2024-10-09 15:18:40	25.51584386	102.68577124000001	102.499916	1	0	0	0	0
2024-10-09 15:18:50	25.541435488	102.20526699999999	102.499916	1	0	0	0	0
2024-10-09 15:19:00	25.494064336	102.59502216	102.499916	1	0	0	0	0
2024-10-09 15:19:10	25.504635240384616	102.56305663461539	102.499916	1	0	0	0	0
2024-10-09 15:19:20	25.486949488	102.56378783999999	102.499916	1	0	0	0	0
2024-10-09 15:19:30	25.485855716	102.56792191999999	102.499916	1	0	0	0	0
2024-10-09 15:19:40	25.520882592	102.37817152	102.499916	1	0	0	0	0
2024-10-09 15:19:50	25.505520424	102.38258936	102.499916	1	0	0	0	0
2024-10-09 15:20:00	25.522990976	102.38876528	102.499916	1	0	0	0	0
2024-10-09 15:20:10	25.533085961702128	102.31585017021277	102.499916	1	0	0	0	0
2024-10-09 15:20:20	25.531690556	102.40370328	102.499916	1	0	0	0	0
2024-10-09 15:20:30	25.503331600000003	102.60700264	102.499916	1	0	0	0	0
2024-10-09 15:20:40	25.540524127999998	102.39635163999999	102.499916	1	0	0	0	0
2024-10-09 15:20:50	25.467383855999998	102.93868567999999	102.499916	1	0	0	0	0
2024-10-09 15:21:00	25.427823615999998	102.94935396	102.499916	1	0	0	0	0
2024-10-09 15:21:10	25.50136125471698	102.4116859245283	102.499916	1	0	0	0	0
2024-10-09 15:21:20	25.518904252	102.51473544	102.499916	1	0	0	0	0
2024-10-09 15:21:30	25.527170196	102.17130155999999	102.499916	1	0	0	0	0
2024-10-09 15:21:40	25.516057644	102.58234892	102.499916	1	0	0	0	0
2024-10-09 15:21:50	25.507656655999998	102.33935212	102.499916	1	0	0	0	0
2024-10-09 15:22:00	25.516600428	102.4619	102.499916	1	0	0	0	0
2024-10-09 15:22:10	25.496423259615383	102.38857467307692	102.499916	1	0	0	0	0
2024-10-09 15:22:20	25.485110111999997	102.71368512000001	102.499916	1	0	0	0	0
2024-10-09 15:22:30	25.479371232	102.61820184	102.499916	1	0	0	0	0
2024-10-09 15:22:40	25.448357744	102.98461092000001	102.499916	1	0	0	0	0
2024-10-09 15:22:50	25.440871152	102.62540912	102.499916	1	0	0	0	0
2024-10-09 15:23:00	25.470115216	102.64808356	102.499916	1	0	0	0	0
2024-10-09 15:23:10	25.50455686153846	102.36626046153846	102.499916	1	0	0	0	0
2024-10-09 15:23:20	25.499197715999998	102.4615664	102.499916	1	0	0	0	0
2024-10-09 15:23:30	25.517539848	102.45600132	102.499916	1	0	0	0	0
2024-10-09 15:23:40	25.513233191999998	102.63712744	102.499916	1	0	0	0	0
2024-10-09 15:23:50	25.505508496	102.60886052000001	102.499916	1	0	0	0	0
2024-10-09 15:24:00	25.474793236	102.61056004000001	102.499916	1	0	0	0	0
2024-10-09 15:24:10	25.486316556603775	102.40026635849057	102.499916	1	0	0	0	0
2024-10-09 15:24:20	25.486619508	102.51243316	102.499916	1	0	0	0	0
2024-10-09 15:24:30	25.518187144	102.54499256	102.499916	1	0	0	0	0
2024-10-09 15:24:40	25.440652336000003	102.74812004	102.499916	1	0	0	0	0
2024-10-09 15:24:50	25.468670036	102.57490127999999	102.499916	1	0	0	0	0
2024-10-09 15:25:00	25.492507188	102.47632968	102.499916	1	0	0	0	0
2024-10-09 15:25:10	25.46195165714286	102.61787285714286	102.499916	1	0	0	0	0
2024-10-09 15:25:20	25.444990624	102.77892623999999	102.499916	1	0	0	0	0
2024-10-09 15:25:30	25.442784876	102.40431052	102.499916	1	0	0	0	0
2024-10-09 15:25:40	25.488488024	102.54559008	102.499916	1	0	0	0	0
2024-10-09 15:25:50	25.447029324	102.44367156	102.499916	1	0	0	0	0
2024-10-09 15:26:00	25.489226784	102.41684608	102.499916	1	0	0	0	0
2024-10-09 15:26:10	25.491328380769232	102.45862896153845	102.499916	1	0	0	0	0
2024-10-09 15:26:20	25.45043252	102.48944388000001	102.499916	1	0	0	0	0
2024-10-09 15:26:30	25.430964195999998	102.68390764	102.499916	1	0	0	0	0
2024-10-09 15:26:40	25.419754256	102.58234159999999	102.499916	1	0	0	0	0
2024-10-09 15:26:50	25.424867432	102.73955068000001	102.499916	1	0	0	0	0
2024-10-09 15:27:00	25.473874136	102.46606068	102.499916	1	0	0	0	0
2024-10-09 15:27:10	25.441165559615385	102.59917653846155	102.499916	1	0	0	0	0
2024-10-09 15:27:20	25.436307872	102.60835576	102.499916	1	0	0	0	0
2024-10-09 15:27:30	25.436095740000003	102.88687196000001	102.499916	1	0	0	0	0
2024-10-09 15:27:40	25.446525344	102.50644528	102.499916	1	0	0	0	0
2024-10-09 15:27:50	25.471730492000002	102.3109062	102.499916	1	0	0	0	0
2024-10-09 15:28:00	25.4250464	102.69978648	102.499916	1	0	0	0	0
2024-10-09 15:28:10	25.404952055769233	102.80667353846154	102.499916	1	0	0	0	0
2024-10-09 15:28:20	25.383959336	102.87807072	102.499916	1	0	0	0	0
2024-10-09 15:28:30	25.45234934	102.66800088	102.499916	1	0	0	0	0
2024-10-09 15:28:40	25.428735788	102.55683892	102.499916	1	0	0	0	0
2024-10-09 15:28:50	25.450378832	102.41298864	102.499916	1	0	0	0	0
2024-10-09 15:29:00	25.430114048	102.5178102	102.499916	1	0	0	0	0
2024-10-09 15:29:10	25.47159819423077	102.26988365384615	102.499916	1	0	0	0	0
2024-10-09 15:29:20	25.443512988000002	102.474455	102.499916	1	0	0	0	0
2024-10-09 15:29:30	25.447462728	102.38847059999999	102.499916	1	0	0	0	0
2024-10-09 15:29:40	25.544582412	102.03445636	102.499916	1	0	0	0	0
2024-10-09 15:29:50	25.457403044	102.52789032000001	102.499916	1	0	0	0	0
2024-10-09 15:30:00	25.424853896	102.69527396	102.499916	1	0	0	0	0
2024-10-09 15:30:10	25.442772467924527	102.64454371698113	101.91501911320755	1	0	0	0	0
2024-10-09 15:30:20	25.39267446	102.72141228000001	101.499931	1	0	0	0	0
2024-10-09 15:30:30	25.410926544	102.3614328	101.499931	1	0	0	0	0
2024-10-09 15:30:40	25.339188156000002	102.59451876	101.499931	1	0	0	0	0
2024-10-09 15:30:50	25.329454064	102.520768	101.499931	1	0	0	0	0
2024-10-09 15:31:00	25.274542527999998	102.57661328	101.499931	1	0	0	0	0
2024-10-09 15:31:10	25.257176519230768	102.52217325000001	101.499931	1	0	0	0	0
2024-10-09 15:31:20	25.21308152	102.82467444	101.499931	1	0	0	0	0
2024-10-09 15:31:30	25.148668	102.84964108	101.499931	1	0	0	0	0
2024-10-09 15:31:40	25.17293236	102.49951300000001	101.499931	1	0	0	0	0
2024-10-09 15:31:50	25.135784784	102.57489556	101.499931	1	0	0	0	0
2024-10-09 15:32:00	25.074322	102.6281236	101.499931	1	0	0	0	0
2024-10-09 15:32:10	25.04761906734694	102.56200538775511	101.499931	1	0	0	0	0
2024-10-09 15:32:20	25.050795863829787	102.70924168085106	101.499931	1	0	0	0	0
2024-10-09 15:32:30	25.007233384	102.46462368	101.499931	1	0	0	0	0
2024-10-09 15:32:40	24.994478464	102.57109412	101.499931	1	0	0	0	0
2024-10-09 15:32:50	24.9334646	102.84225808	101.499931	1	0	0	0	0
2024-10-09 15:33:00	24.885629348000002	102.59698496	101.499931	1	0	0	0	0
2024-10-09 15:33:10	24.851139688	102.57737904	101.499931	1	0	0	0	0
2024-10-09 15:33:20	24.858795392	102.58327728	101.499931	1	0	0	0	0
2024-10-09 15:33:30	24.813683732	102.65654092	101.499931	1	0	0	0	0
2024-10-09 15:33:40	24.805116423999998	102.41057996	101.499931	1	0	0	0	0
2024-10-09 15:33:50	24.749822392	102.56686563999999	101.499931	1	0	0	0	0
2024-10-09 15:34:00	24.6564261	102.85771476	101.499931	1	0	0	0	0
2024-10-09 15:34:10	24.68044065	102.47316749999999	101.499931	1	0	0	0	0
2024-10-09 15:34:20	24.619638048	102.70173476000001	101.499931	1	0	0	0	0
2024-10-09 15:34:30	24.5757056	102.56835456	101.499931	1	0	0	0	0
2024-10-09 15:34:40	24.573982752	102.59736632	101.499931	1	0	0	0	0
2024-10-09 15:34:50	24.533239508	102.46155904000001	101.499931	1	0	0	0	0
2024-10-09 15:35:00	24.536800756	102.3444968	101.499931	1	0	0	0	0
2024-10-09 15:35:10	24.480907045454547	102.51831436363636	101.499931	1	0	0	0	0
2024-10-09 15:35:20	24.465614416	102.55863352	101.499931	1	0	0	0	0
2024-10-09 15:35:30	24.423482928	102.46147228	101.499931	1	0	0	0	0
2024-10-09 15:35:40	24.395870640000002	102.72922432	101.499931	1	0	0	0	0
2024-10-09 15:35:50	24.342571896	102.6550898	101.499931	1	0	0	0	0
2024-10-09 15:36:00	24.343469852	102.37827192	101.499931	1	0	0	0	0
2024-10-09 15:36:10	24.28902372857143	102.54289171428572	101.499931	1	0	0	0	0
2024-10-09 15:36:20	24.22655078	102.67965656	101.499931	1	0	0	0	0
2024-10-09 15:36:30	24.243859536	102.3915118	101.499931	1	0	0	0	0
2024-10-09 15:36:40	24.206390283999998	102.61868656	101.499931	1	0	0	0	0
2024-10-09 15:36:50	24.14864416	102.77421304	101.499931	1	0	0	0	0
2024-10-09 15:37:00	24.132170184000003	102.51216636	101.499931	1	0	0	0	0
2024-10-09 15:37:10	24.083524040384617	102.70650376923076	101.499931	1	0	0	0	0
2024-10-09 15:37:20	24.026033088000002	102.79566820000001	101.499931	1	0	0	0	0
2024-10-09 15:37:30	24.114275680000002	102.2949358	101.499931	1	0	0	0	0
2024-10-09 15:37:40	23.99443032	102.50432768	101.499931	1	0	0	0	0
2024-10-09 15:37:50	23.983104592	102.43455884	101.499931	1	0	0	0	0
2024-10-09 15:38:00	23.903961031999998	102.76991212	101.499931	1	0	0	0	0
2024-10-09 15:38:10	23.86652723902439	102.7908967317073	101.499931	1	0	0	0	0
2024-10-09 15:38:20	23.862064804000003	102.95925408000001	101.499931	1	0	0	0	0
2024-10-09 15:38:30	23.861206868	102.52465584000001	101.499931	1	0	0	0	0
2024-10-09 15:38:40	23.795186184000002	102.60494656	101.499931	1	0	0	0	0
2024-10-09 15:38:50	23.761433735999997	102.51237952	101.499931	1	0	0	0	0
2024-10-09 15:39:00	23.718698764	102.70113472	101.499931	1	0	0	0	0
2024-10-09 15:39:10	23.729548085106384	102.56574074468085	101.499931	1	0	0	0	0
2024-10-09 15:39:20	23.687778544	102.39045692	101.499931	1	0	0	0	0
2024-10-09 15:39:30	23.64745092	102.36715316	101.499931	1	0	0	0	0
2024-10-09 15:39:40	23.688999664	101.9383496	101.499931	1	0	0	0	0
2024-10-09 15:39:50	23.691039496000002	102.0794666	101.499931	1	0	0	0	0
2024-10-09 15:40:00	23.645366192	102.18172971999999	101.499931	1	0	0	0	0
2024-10-09 15:40:10	23.633525363829786	102.23038695744681	101.499931	1	0	0	0	0
2024-10-09 15:40:20	23.597383104	102.19787304	101.499931	1	0	0	0	0
2024-10-09 15:40:30	23.582009236	102.00367784	101.499931	1	0	0	0	0
2024-10-09 15:40:40	23.617838312	102.12722392	101.499931	1	0	0	0	0
2024-10-09 15:40:50	23.588277679999997	101.99513504	101.499931	1	0	0	0	0
2024-10-09 15:41:00	23.576524115999998	101.96020156	101.499931	1	0	0	0	0
2024-10-09 15:41:10	23.539505359574466	102.19546291489361	101.499931	1	0	0	0	0
2024-10-09 15:41:20	23.5649356	101.92553824	101.499931	1	0	0	0	0
2024-10-09 15:41:30	23.548957276	101.94821608	101.499931	1	0	0	0	0
2024-10-09 15:41:40	23.558551316	101.76139236	101.499931	1	0	0	0	0
2024-10-09 15:41:50	23.58542484	101.54111408	101.499931	1	0	0	0	0
2024-10-09 15:42:00	23.568662304	101.552236	101.499931	1	0	0	0	0
2024-10-09 15:42:10	23.551987947169813	101.64066024528302	101.499931	1	0	0	0	0
2024-10-09 15:42:20	23.507910612	101.77057672	101.499931	1	0	0	0	0
2024-10-09 15:42:30	23.51421002	101.77519276000001	101.499931	1	0	0	0	0
2024-10-09 15:42:40	23.49979572	101.84985184	101.499931	1	0	0	0	0
2024-10-09 15:42:50	23.518944956000002	101.57378608	101.499931	1	0	0	0	0
2024-10-09 15:43:00	23.424270456	102.16860464	101.499931	1	0	0	0	0
2024-10-09 15:43:10	23.474675844680853	101.71888080851063	101.499931	1	0	0	0	0
2024-10-09 15:43:20	23.4734092	101.86861972	101.499931	1	0	0	0	0
2024-10-09 15:43:30	23.431672284	101.65422284	101.499931	1	0	0	0	0
2024-10-09 15:43:40	23.45989432	101.82617552	101.499931	1	0	0	0	0
2024-10-09 15:43:50	23.446442184	101.73051896	101.499931	1	0	0	0	0
2024-10-09 15:44:00	23.43184808	101.80311492	101.499931	1	0	0	0	0
2024-10-09 15:44:10	23.422292297872342	101.87080068085106	101.499931	1	0	0	0	0
2024-10-09 15:44:20	23.433652608	101.49307584	101.499931	1	0	0	0	0
2024-10-09 15:44:30	23.4201912	101.65766016	101.499931	1	0	0	0	0
2024-10-09 15:44:40	23.423304676	101.65324048	101.499931	1	0	0	0	0
2024-10-09 15:44:50	23.457262572	101.42536168	101.499931	1	0	0	0	0
2024-10-09 15:45:00	23.41725	101.68225752	101.499931	1	0	0	0	0
2024-10-09 15:45:10	23.440635744230768	101.416464	101.499931	1	0	0	0	0
2024-10-09 15:45:20	23.456658416	101.59951968	101.499931	1	0	0	0	0
2024-10-09 15:45:30	23.435947600000002	101.32781847999999	101.499931	1	0	0	0	0
2024-10-09 15:45:40	23.494539984	101.31447648	101.499931	1	0	0	0	0
2024-10-09 15:45:50	23.43654304	101.54805924	101.499931	1	0	0	0	0
2024-10-09 15:46:00	23.436157536	101.56083884	101.499931	1	0	0	0	0
2024-10-09 15:46:10	23.38508155744681	101.78552959574468	101.499931	1	0	0	0	0
2024-10-09 15:46:20	23.481210228000002	101.15029748	101.499931	1	0	0	0	0
2024-10-09 15:46:30	23.451871739999998	101.54724148	101.499931	1	0	0	0	0
2024-10-09 15:46:40	23.393805	101.68778295999999	101.499931	1	0	0	0	0
2024-10-09 15:46:50	23.438607716	101.52352556	101.499931	1	0	0	0	0
2024-10-09 15:47:00	23.466386188	101.3118512	101.499931	1	0	0	0	0
2024-10-09 15:47:10	23.349428765384616	101.98470901923076	101.499931	1	0	0	0	0
2024-10-09 15:47:20	23.471105096	101.38963796	101.499931	1	0	0	0	0
2024-10-09 15:47:30	23.429005332	101.70282852	101.499931	1	0	0	0	0
2024-10-09 15:47:40	23.349622791999998	101.83451976	101.499931	1	0	0	0	0
2024-10-09 15:47:50	23.428718363999998	101.5780376	101.499931	1	0	0	0	0
2024-10-09 15:48:00	23.326545884	101.82158336	99.9999542	1	0	0	0	0
2024-10-09 15:48:10	23.312454353846157	101.46032298076923	99.9999542	1	0	0	0	0
2024-10-09 15:48:20	23.329985928	101.2302904	99.9999542	1	0	0	0	0
2024-10-09 15:48:30	23.265635888	101.0821306	99.9999542	1	0	0	0	0
2024-10-09 15:48:40	23.585101824	99.122528	99.9999542	1	0	0	0	0
2024-10-09 15:48:50	23.683382836	98.755052544	99.9999542	1	0	0	0	0
2024-10-09 15:49:00	23.779875744	98.504799544	99.9999542	1	0	0	0	0
2024-10-09 15:49:10	23.783916602127658	98.86839042553191	99.9999542	1	0	0	0	0
2024-10-09 15:49:20	23.724274664	99.23383	99.9999542	1	0	0	0	0
2024-10-09 15:49:30	23.803268828	99.022566	99.9999542	1	0	0	0	0
2024-10-09 15:49:40	23.862888976	99.06162928	99.9999542	1	0	0	0	0
2024-10-09 15:49:50	23.913287200000003	98.84228568	99.9999542	1	0	0	0	0
2024-10-09 15:50:00	23.984692252	98.536484364	99.9999542	1	0	0	0	0
2024-10-09 15:50:10	23.93654450425532	98.84778078297873	99.9999542	1	0	0	0	0
2024-10-09 15:50:20	24.02425264	98.8427596	99.9999542	1	0	0	0	0
2024-10-09 15:50:30	24.0754576	98.8714008	99.9999542	1	0	0	0	0
2024-10-09 15:50:40	24.084489152	98.836663648	99.9999542	1	0	0	0	0
2024-10-09 15:50:50	24.06913716	98.96909600000001	99.9999542	1	0	0	0	0
2024-10-09 15:51:00	24.124011744	99.007656412	99.9999542	1	0	0	0	0
2024-10-09 15:51:10	24.21457964255319	98.78252319148936	99.9999542	1	0	0	0	0
2024-10-09 15:51:20	24.182661084000003	98.802566	99.9999542	1	0	0	0	0
2024-10-09 15:51:30	24.260869336	98.8450456	99.9999542	1	0	0	0	0
2024-10-09 15:51:40	24.261174304	98.98041761200001	99.9999542	1	0	0	0	0
2024-10-09 15:51:50	24.321059944	98.831555664	99.9999542	1	0	0	0	0
2024-10-09 15:52:00	24.3442392	98.9335912	99.9999542	1	0	0	0	0
2024-10-09 15:52:10	24.4269927893617	98.6872329787234	99.9999542	1	0	0	0	0
2024-10-09 15:52:20	24.413170944	98.909476896	99.9999542	1	0	0	0	0
2024-10-09 15:52:30	24.446106556	98.9756692	99.9999542	1	0	0	0	0
2024-10-09 15:52:40	24.479501648	98.8116696	99.9999542	1	0	0	0	0
2024-10-09 15:52:50	24.531117124	98.8710092	99.9999542	1	0	0	0	0
2024-10-09 15:53:00	24.545299376	98.9544492	99.9999542	1	0	0	0	0
2024-10-09 15:53:10	24.57538040212766	98.96645661489362	99.9999542	1	0	0	0	0
2024-10-09 15:53:20	24.656234644	98.75073760000001	99.9999542	1	0	0	0	0
2024-10-09 15:53:30	24.709693548	98.4166368	99.9999542	1	0	0	0	0
2024-10-09 15:53:40	24.721051016	98.7298072	99.9999542	1	0	0	0	0
2024-10-09 15:53:50	24.739056104000003	98.7894636	99.9999542	1	0	0	0	0
2024-10-09 15:54:00	24.798877072	98.72194986000001	99.9999542	1	0	0	0	0
2024-10-09 15:54:10	24.812963534042552	99.05407638297872	99.9999542	1	0	0	0	0
2024-10-09 15:54:20	24.87533706	98.84656360000001	99.9999542	1	0	0	0	0
2024-10-09 15:54:30	24.895771028	98.746617748	99.9999542	1	0	0	0	0
2024-10-09 15:54:40	24.918982248	98.93306	99.9999542	1	0	0	0	0
2024-10-09 15:54:50	24.956452972	99.1204	99.9999542	1	0	0	0	0
2024-10-09 15:55:00	25.00632152	98.7845536	99.9999542	1	0	0	0	0
2024-10-09 15:55:10	25.05736754893617	98.60282036595744	99.9999542	1	0	0	0	0
2024-10-09 15:55:20	25.046893172	98.883022	99.9999542	1	0	0	0	0
2024-10-09 15:55:30	25.150435988	98.6546224	99.9999542	1	0	0	0	0
2024-10-09 15:55:40	25.17159552	98.67919068799999	99.9999542	1	0	0	0	0
2024-10-09 15:55:50	25.17271578	99.028425664	99.9999542	1	0	0	0	0
2024-10-09 15:56:00	25.248394888	98.663343088	99.9999542	1	0	0	0	0
2024-10-09 15:56:10	25.238636512765957	99.03831936170214	99.9999542	1	0	0	0	0
2024-10-09 15:56:20	25.286213240000002	98.81618160000001	99.9999542	1	0	0	0	0
2024-10-09 15:56:30	25.26683464	99.009816	99.9999542	1	0	0	0	0
2024-10-09 15:56:40	25.271777676	99.129838	99.9999542	1	0	0	0	0
2024-10-09 15:56:50	25.301642924	99.2015124	99.9999542	1	0	0	0	0
2024-10-09 15:57:00	25.360871224	99.02660159999999	99.9999542	1	0	0	0	0
2024-10-09 15:57:10	25.359988528846152	99.16705250192308	99.9999542	1	0	0	0	0
2024-10-09 15:57:20	25.345264280000002	99.2560432	99.9999542	1	0	0	0	0
2024-10-09 15:57:30	25.395285808	99.2775496	99.9999542	1	0	0	0	0
2024-10-09 15:57:40	25.394333048	99.447690064	99.9999542	1	0	0	0	0
2024-10-09 15:57:50	25.430919652	99.242042668	99.9999542	1	0	0	0	0
2024-10-09 15:58:00	25.383852644	99.68009359999999	99.9999542	1	0	0	0	0
2024-10-09 15:58:10	25.444286844230767	99.40697423076924	99.9999542	1	0	0	0	0
2024-10-09 15:58:20	25.44169054	99.4871784	99.9999542	1	0	0	0	0
2024-10-09 15:58:30	25.469860752	99.5883524	99.9999542	1	0	0	0	0
2024-10-09 15:58:40	25.448295968	99.53188320000001	99.9999542	1	0	0	0	0
2024-10-09 15:58:50	25.50036632	99.4236188	99.9999542	1	0	0	0	0
2024-10-09 15:59:00	25.506863564	99.492355264	99.9999542	1	0	0	0	0
2024-10-09 15:59:10	25.53090988269231	99.24820632115384	99.9999542	1	0	0	0	0
2024-10-09 15:59:20	25.459088304	99.7782676	99.9999542	1	0	0	0	0
2024-10-09 15:59:30	25.584432672000002	99.4945656	99.9999542	1	0	0	0	0
2024-10-09 15:59:40	25.512312392000002	99.6598244	99.9999542	1	0	0	0	0
2024-10-09 15:59:50	25.567139336	99.65813	99.9999542	1	0	0	0	0
2024-10-09 16:00:00	25.558286980000002	99.6521032	99.9999542	1	0	0	0	0
2024-10-09 16:00:10	25.561191358490564	99.64749471698113	99.9999542	1	0	0	0	0
2024-10-09 16:00:20	25.516874056	99.989176344	99.9999542	1	0	0	0	0
2024-10-09 16:00:30	25.53525072	99.918426528	99.9999542	1	0	0	0	0
2024-10-09 16:00:40	25.617995387999997	99.55818572	99.9999542	1	0	0	0	0
2024-10-09 16:00:50	25.596955392	99.794661348	99.9999542	1	0	0	0	0
2024-10-09 16:01:00	25.598044436	99.7118988	99.9999542	1	0	0	0	0
2024-10-09 16:01:10	25.588996978846154	99.78390096153846	99.9999542	1	0	0	0	0
2024-10-09 16:01:20	25.591213204	99.93331144	99.9999542	1	0	0	0	0
2024-10-09 16:01:30	25.586248748	99.83628239999999	99.9999542	1	0	0	0	0
2024-10-09 16:01:40	25.592064439999998	99.819676896	99.9999542	1	0	0	0	0
2024-10-09 16:01:50	25.602301	99.865289064	99.9999542	1	0	0	0	0
2024-10-09 16:02:00	25.572594488	100.06077328	99.9999542	1	0	0	0	0
2024-10-09 16:02:10	25.59408533846154	99.98998086153846	99.9999542	1	0	0	0	0
2024-10-09 16:02:20	25.596529504	100.10984184	99.9999542	1	0	0	0	0
2024-10-09 16:02:30	25.572585128	99.9608376	99.9999542	1	0	0	0	0
2024-10-09 16:02:40	25.612744688	99.88533579199999	99.9999542	1	0	0	0	0
2024-10-09 16:02:50	25.588327704	100.16691616	99.9999542	1	0	0	0	0
2024-10-09 16:03:00	25.549045508	100.263312	99.9999542	1	0	0	0	0
2024-10-09 16:03:10	25.637823461538463	99.67723326923077	99.9999542	1	0	0	0	0
2024-10-09 16:03:20	25.60499874	99.91209	99.9999542	1	0	0	0	0
2024-10-09 16:03:30	25.616465136	99.93192690400001	99.9999542	1	0	0	0	0
2024-10-09 16:03:40	25.599886756	100.054686112	99.9999542	1	0	0	0	0
2024-10-09 16:03:50	25.6229968	99.51582006400001	99.9999542	1	0	0	0	0
2024-10-09 16:04:00	25.613925188	99.96541376	99.9999542	1	0	0	0	0
2024-10-09 16:04:10	25.586394972	100.20252966	99.9999542	1	0	0	0	0
2024-10-09 16:04:20	25.661942048	99.6885272	99.9999542	1	0	0	0	0
2024-10-09 16:04:30	25.679053044	99.7714876	99.9999542	1	0	0	0	0
2024-10-09 16:04:40	25.65918438	99.84412880000001	99.9999542	1	0	0	0	0
2024-10-09 16:04:50	25.62742614	99.95358159999999	99.9999542	1	0	0	0	0
2024-10-09 16:05:00	25.618789724	100.08102908	99.9999542	1	0	0	0	0
2024-10-09 16:05:10	25.631393088679246	99.96576341509434	99.9999542	1	0	0	0	0
2024-10-09 16:05:20	25.62541868	99.9524588	99.9999542	1	0	0	0	0
2024-10-09 16:05:30	25.620380192	100.16120212	99.9999542	1	0	0	0	0
2024-10-09 16:05:40	25.661844412	100.068018072	99.9999542	1	0	0	0	0
2024-10-09 16:05:50	25.599710404	100.1444354	99.9999542	1	0	0	0	0
2024-10-09 16:06:00	25.691361144000002	99.661500208	99.9999542	1	0	0	0	0
2024-10-09 16:06:10	25.6589629	99.81012398679245	99.9999542	1	0	0	0	0
2024-10-09 16:06:20	25.641563180000002	99.99744804000001	99.9999542	1	0	0	0	0
2024-10-09 16:06:30	25.647231716	100.12597116	99.9999542	1	0	0	0	0
2024-10-09 16:06:40	25.642739872	99.93640065599999	99.9999542	1	0	0	0	0
2024-10-09 16:06:50	25.629082876	99.99310312	99.9999542	1	0	0	0	0
2024-10-09 16:07:00	25.593787824	100.23134828	99.9999542	1	0	0	0	0
2024-10-09 16:07:10	25.627282476923078	99.97327009615385	99.9999542	1	0	0	0	0
2024-10-09 16:07:20	25.621288956	99.947050348	99.9999542	1	0	0	0	0
2024-10-09 16:07:30	25.604436332	99.964702732	99.9999542	1	0	0	0	0
2024-10-09 16:07:40	25.653053884	99.85801119999999	99.9999542	1	0	0	0	0
2024-10-09 16:07:50	25.618078144	99.97991112	99.9999542	1	0	0	0	0
2024-10-09 16:08:00	25.606573519999998	100.12484992	99.9999542	1	0	0	0	0
2024-10-09 16:08:10	25.630958886538462	99.96028288461538	99.9999542	1	0	0	0	0
2024-10-09 16:08:20	25.576943092	100.06319144	99.9999542	1	0	0	0	0
2024-10-09 16:08:30	25.592139124	99.906949008	99.9999542	1	0	0	0	0
2024-10-09 16:08:40	25.611158436	100.1075192	99.9999542	1	0	0	0	0
2024-10-09 16:08:50	25.601260663999998	100.24248428	99.9999542	1	0	0	0	0
2024-10-09 16:09:00	25.613436784	99.9938816	99.9999542	1	0	0	0	0
2024-10-09 16:09:10	25.613436784	100.18645061538462	99.9999542	1	0	0	0	0
2024-10-09 16:09:20	25.5998112	99.98375832	99.9999542	1	0	0	0	0
2024-10-09 16:09:30	25.5998112	99.98375832	99.9999542	1	0	0	0	0
2024-10-09 16:09:40	25.5957285	99.76487775999999	99.9999542	1	0	0	0	0
2024-10-09 16:09:50	25.601325872	99.76487775999999	99.9999542	1	0	0	0	0
2024-10-09 16:10:00	25.587954872	100.1187794	99.9999542	1	0	0	0	0
2024-10-09 16:10:10	25.581373376	100.13251928000001	99.9999542	1	0	0	0	0
2024-10-09 16:10:20	25.540364875	100.23431886538462	99.9999542	1	0	0	0	0
2024-10-09 16:10:30	25.586833504	99.99054792	99.9999542	1	0	0	0	0
2024-10-09 16:10:40	25.541996368	100.22091132	99.9999542	1	0	0	0	0
2024-10-09 16:10:50	25.6087816	99.933309248	99.9999542	1	0	0	0	0
2024-10-09 16:11:00	25.620847472	100.05102964	99.9999542	1	0	0	0	0
2024-10-09 16:11:10	25.5862516	100.002761064	99.9999542	1	0	0	0	0
2024-10-09 16:11:20	25.592557281999998	99.99670006000001	99.9999542	1	0	0	0	0
2024-10-09 16:11:30	25.519413428	100.21343992	99.9999542	1	0	0	0	0
2024-10-09 16:11:40	25.584383216000003	99.9750636	99.9999542	1	0	0	0	0
2024-10-09 16:11:50	25.572963024	100.0936886	99.9999542	1	0	0	0	0
2024-10-09 16:12:00	25.550617232	100.1649998	99.9999542	1	0	0	0	0
2024-10-09 16:12:10	25.586910868	99.99608904	99.9999542	1	0	0	0	0
2024-10-09 16:12:20	25.568805362962962	100.23081007407407	99.9999542	1	0	0	0	0
2024-10-09 16:12:30	25.609087464	100.13989124	99.9999542	1	0	0	0	0
2024-10-09 16:12:40	25.585500323999998	99.9592818	99.9999542	1	0	0	0	0
2024-10-09 16:12:50	25.572230832000002	100.00952432	99.9999542	1	0	0	0	0
2024-10-09 16:13:00	25.542384260000002	100.09508543999999	99.9999542	1	0	0	0	0
2024-10-09 16:13:10	25.557910236	100.0913264	99.9999542	1	0	0	0	0
2024-10-09 16:13:20	25.600381208510637	99.81137668085107	99.9999542	1	0	0	0	0
2024-10-09 16:13:30	25.545006	100.26376096	99.9999542	1	0	0	0	0
2024-10-09 16:13:40	25.584744944	100.06977732	99.9999542	1	0	0	0	0
2024-10-09 16:13:50	25.555137712	100.23051028	99.9999542	1	0	0	0	0
2024-10-09 16:14:00	25.555614780000003	99.92982426399999	99.9999542	1	0	0	0	0
2024-10-09 16:14:10	25.555722828	100.03871616	99.9999542	1	0	0	0	0
2024-10-09 16:14:20	25.504749911111112	100.44492361111111	99.9999542	1	0	0	0	0
2024-10-09 16:14:30	25.504270408	100.39436536	99.9999542	1	0	0	0	0
2024-10-09 16:14:40	25.520041556	100.22207999999999	99.9999542	1	0	0	0	0
2024-10-09 16:14:50	25.50654804	100.32672384	99.9999542	1	0	0	0	0
2024-10-09 16:15:00	25.525390683999998	99.86968690399999	99.9999542	1	0	0	0	0
2024-10-09 16:15:10	25.528307068	100.036656792	99.9999542	1	0	0	0	0
2024-10-09 16:15:20	25.484131733962265	100.46575037735849	99.9999542	1	0	0	0	0
2024-10-09 16:15:30	25.504789592	100.12818136	99.9999542	1	0	0	0	0
2024-10-09 16:15:40	25.553003739999998	99.84015461599999	99.9999542	1	0	0	0	0
2024-10-09 16:15:50	25.511318836	100.0730896	99.9999542	1	0	0	0	0
2024-10-09 16:16:00	25.424445476	100.40606596	99.9999542	1	0	0	0	0
2024-10-09 16:16:10	25.456064256	100.3118812	99.9999542	1	0	0	0	0
2024-10-09 16:16:20	25.47290894423077	100.14924861538461	99.9999542	1	0	0	0	0
2024-10-09 16:16:30	25.468774712	100.07352463999999	99.9999542	1	0	0	0	0
2024-10-09 16:16:40	25.464921020000002	100.2276176	99.9999542	1	0	0	0	0
2024-10-09 16:16:50	25.494241664	99.85225113199999	99.9999542	1	0	0	0	0
2024-10-09 16:17:00	25.4805753	100.1927246	99.9999542	1	0	0	0	0
2024-10-09 16:17:10	25.460397296	100.1549162	99.9999542	1	0	0	0	0
2024-10-09 16:17:20	25.43124263829787	100.12626723404256	99.9999542	1	0	0	0	0
2024-10-09 16:17:30	25.473623107999998	99.856997752	99.9999542	1	0	0	0	0
2024-10-09 16:17:40	25.452219256	100.082742976	99.9999542	1	0	0	0	0
2024-10-09 16:17:50	25.437430384	100.24815908000001	99.9999542	1	0	0	0	0
2024-10-09 16:18:00	25.4118577	100.18408292	99.9999542	1	0	0	0	0
2024-10-09 16:18:10	25.43098608	100.12867143999999	99.9999542	1	0	0	0	0
2024-10-09 16:18:20	25.471302096153845	99.90697124230769	99.9999542	1	0	0	0	0
2024-10-09 16:18:30	25.437128175999998	100.03973687999999	99.9999542	1	0	0	0	0
2024-10-09 16:18:40	25.377274399999997	100.17529324	99.9999542	1	0	0	0	0
2024-10-09 16:18:50	25.445565252	99.880607072	99.9999542	1	0	0	0	0
2024-10-09 16:19:00	25.433863336	99.97054969599999	99.9999542	1	0	0	0	0
2024-10-09 16:19:10	25.399572872	100.2376486	99.9999542	1	0	0	0	0
2024-10-09 16:19:20	25.42895188846154	100.06195519230769	99.9999542	1	0	0	0	0
2024-10-09 16:19:30	25.420330596	100.160264	99.9999542	1	0	0	0	0
2024-10-09 16:19:40	25.4204492	100.10777916	99.9999542	1	0	0	0	0
2024-10-09 16:19:50	25.405941244	99.97333498	99.9999542	1	0	0	0	0
2024-10-09 16:20:00	25.426667344	100.06279088000001	99.9999542	1	0	0	0	0
2024-10-09 16:20:10	25.406650152	100.07201076	99.9999542	1	0	0	0	0
2024-10-09 16:20:20	25.406168186792453	100.03724345283018	99.9999542	1	0	0	0	0
2024-10-09 16:20:30	25.451921708	99.872643056	99.9999542	1	0	0	0	0
2024-10-09 16:20:40	25.415862948	99.905262456	99.9999542	1	0	0	0	0
2024-10-09 16:20:50	25.40976576	100.043903152	99.9999542	1	0	0	0	0
2024-10-09 16:21:00	25.397141644	100.07233480000001	99.9999542	1	0	0	0	0
2024-10-09 16:21:10	25.407307968	100.0244384	99.9999542	1	0	0	0	0
2024-10-09 16:21:20	25.437688272340427	100.0287535319149	99.9999542	1	0	0	0	0
2024-10-09 16:21:30	25.38785436	99.955452768	99.9999542	1	0	0	0	0
2024-10-09 16:21:40	25.40642306	100.01730404	99.9999542	1	0	0	0	0
2024-10-09 16:21:50	25.317567052	100.41767776	99.9999542	1	0	0	0	0
2024-10-09 16:22:00	25.366496156	100.2691806	99.9999542	1	0	0	0	0
2024-10-09 16:22:10	25.382952224	100.02921972	99.9999542	1	0	0	0	0
2024-10-09 16:22:20	25.359185396226415	100.20479583018869	99.9999542	1	0	0	0	0
2024-10-09 16:22:30	25.3957386	100.07335776	99.9999542	1	0	0	0	0
2024-10-09 16:22:40	25.348405052	100.60124336	99.9999542	1	0	0	0	0
2024-10-09 16:22:50	25.321468812	100.2171436	99.9999542	1	0	0	0	0
2024-10-09 16:23:00	25.321027772	100.18824316	99.9999542	1	0	0	0	0
2024-10-09 16:23:10	25.301673179999998	100.3257926	99.9999542	1	0	0	0	0
2024-10-09 16:23:20	25.291048973076922	100.45233621153847	99.9999542	1	0	0	0	0
2024-10-09 16:23:30	25.315459848	100.14311616	99.9999542	1	0	0	0	0
2024-10-09 16:23:40	25.273139924000002	100.25094144	99.9999542	1	0	0	0	0
2024-10-09 16:23:50	25.287419576	100.12089128	99.9999542	1	0	0	0	0
2024-10-09 16:24:00	25.252382068000003	100.30907368	99.9999542	1	0	0	0	0
2024-10-09 16:24:10	25.279271328	100.17660719999999	99.9999542	1	0	0	0	0
2024-10-09 16:24:20	25.308054009615386	99.94619601923077	99.9999542	1	0	0	0	0
2024-10-09 16:24:30	25.281254392	100.26170408	99.9999542	1	0	0	0	0
2024-10-09 16:24:40	25.247563024	100.1378168	99.9999542	1	0	0	0	0
2024-10-09 16:24:50	25.273271632	100.18211068	99.9999542	1	0	0	0	0
2024-10-09 16:25:00	25.281669696	99.8501728	99.9999542	1	0	0	0	0
2024-10-09 16:25:10	25.25712896	100.1770416	99.9999542	1	0	0	0	0
2024-10-09 16:25:20	25.24670148292683	100.19933709756097	99.9999542	1	0	0	0	0
2024-10-09 16:25:30	25.268594096	99.955563476	99.9999542	1	0	0	0	0
2024-10-09 16:25:40	25.212107348	100.1185336	99.9999542	1	0	0	0	0
2024-10-09 16:25:50	25.20438718	100.27019428	99.9999542	1	0	0	0	0
2024-10-09 16:26:00	25.243615288	100.106696	99.9999542	1	0	0	0	0
2024-10-09 16:26:10	25.207837932	100.27692664	99.9999542	1	0	0	0	0
2024-10-09 16:26:20	25.231711054716982	100.06048301886793	99.9999542	1	0	0	0	0
2024-10-09 16:26:30	25.243886832	100.0587818	99.9999542	1	0	0	0	0
2024-10-09 16:26:40	25.179837216	100.31472916	99.9999542	1	0	0	0	0
2024-10-09 16:26:50	25.174702800000002	100.16479656	99.9999542	1	0	0	0	0
2024-10-09 16:27:00	25.243362128	100.14457623999999	99.9999542	1	0	0	0	0
2024-10-09 16:27:10	25.185983084	100.24724896	99.9999542	1	0	0	0	0
2024-10-09 16:27:20	25.133822503846154	100.68168492307693	99.9999542	1	0	0	0	0
2024-10-09 16:27:30	25.146773748	100.34428016	99.9999542	1	0	0	0	0
2024-10-09 16:27:40	25.174692880000002	100.27844704	99.9999542	1	0	0	0	0
2024-10-09 16:27:50	25.179518116	100.05545072	99.9999542	1	0	0	0	0
2024-10-09 16:28:00	25.160147876	100.12931632	99.9999542	1	0	0	0	0
2024-10-09 16:28:10	25.141639384	100.2460128	99.9999542	1	0	0	0	0
2024-10-09 16:28:20	25.12164771153846	100.31369107692308	99.9999542	1	0	0	0	0
2024-10-09 16:28:30	25.1216372	100.1999122	99.9999542	1	0	0	0	0
2024-10-09 16:28:40	25.121141304000002	100.32846912	99.9999542	1	0	0	0	0
2024-10-09 16:28:50	25.091478332	100.05744248	99.9999542	1	0	0	0	0
2024-10-09 16:29:00	25.119474959999998	100.13887679999999	99.9999542	1	0	0	0	0
2024-10-09 16:29:10	25.049591424	100.53252956	99.9999542	1	0	0	0	0
2024-10-09 16:29:20	25.07138680851064	99.96514933829788	99.9999542	1	0	0	0	0
2024-10-09 16:29:30	25.066466808	100.3703508	99.9999542	1	0	0	0	0
2024-10-09 16:29:40	25.090936136	100.26690692	99.9999542	1	0	0	0	0
2024-10-09 16:29:50	25.084041816	99.98887904	99.9999542	1	0	0	0	0
2024-10-09 16:30:00	25.08462494	100.35900296	99.9999542	1	0	0	0	0
2024-10-09 16:30:10	25.085475768	100.066339496	99.9999542	1	0	0	0	0
2024-10-09 16:30:20	25.077940573584904	100.11839418867925	99.9999542	1	0	0	0	0
2024-10-09 16:30:30	25.048202988	99.98085400000001	99.9999542	1	0	0	0	0
2024-10-09 16:30:40	25.059417568	100.20933323999999	99.9999542	1	0	0	0	0
2024-10-09 16:30:50	25.031624692	100.12379224	99.9999542	1	0	0	0	0
2024-10-09 16:31:00	25.020146315999998	100.47474236	99.9999542	1	0	0	0	0
2024-10-09 16:31:10	25.020302032	100.23822644	99.9999542	1	0	0	0	0
2024-10-09 16:31:20	24.994591805660377	100.42942335849057	99.9999542	1	0	0	0	0
2024-10-09 16:31:30	24.997376288	100.41404852	99.9999542	1	0	0	0	0
2024-10-09 16:31:40	24.925080716	100.437208	99.9999542	1	0	0	0	0
2024-10-09 16:31:50	24.974416192	100.31602268	99.9999542	1	0	0	0	0
2024-10-09 16:32:00	24.993309388	100.1160418	99.9999542	1	0	0	0	0
2024-10-09 16:32:10	24.946393344	100.29952244	99.9999542	1	0	0	0	0
2024-10-09 16:32:20	24.940176748076922	100.21737168461539	99.9999542	1	0	0	0	0
2024-10-09 16:32:30	24.92783424	100.39659856	99.9999542	1	0	0	0	0
2024-10-09 16:32:40	24.944651108	100.121778	99.9999542	1	0	0	0	0
2024-10-09 16:32:50	24.918696336	100.37769267200001	99.9999542	1	0	0	0	0
2024-10-09 16:33:00	24.918229868	100.365284	99.9999542	1	0	0	0	0
2024-10-09 16:33:10	24.864721152	100.49841888	99.9999542	1	0	0	0	0
2024-10-09 16:33:20	24.866517256603775	100.59286432075471	99.9999542	1	0	0	0	0
2024-10-09 16:33:30	24.85914738	100.35849296	99.9999542	1	0	0	0	0
2024-10-09 16:33:40	24.861324176	100.272816	99.9999542	1	0	0	0	0
2024-10-09 16:33:50	24.867458148	100.08325128	99.9999542	1	0	0	0	0
2024-10-09 16:34:00	24.882965375999998	100.12209888	99.9999542	1	0	0	0	0
2024-10-09 16:34:10	24.83576842	100.31978768	99.9999542	1	0	0	0	0
2024-10-09 16:34:20	24.82100072777778	100.37899051851852	99.9999542	1	0	0	0	0
2024-10-09 16:34:30	24.795207768	100.44503368	99.9999542	1	0	0	0	0
2024-10-09 16:34:40	24.848821844	99.87702168	99.9999542	1	0	0	0	0
2024-10-09 16:34:50	24.84289644	100.08045064	99.9999542	1	0	0	0	0
2024-10-09 16:35:00	24.787587828	100.41420836	99.9999542	1	0	0	0	0
2024-10-09 16:35:10	24.783373252	100.34854676	99.9999542	1	0	0	0	0
2024-10-09 16:35:20	24.78150062962963	100.19475827777778	99.9999542	1	0	0	0	0
2024-10-09 16:35:30	24.783044044	100.19674927999999	99.9999542	1	0	0	0	0
2024-10-09 16:35:40	24.800790776	99.846164872	99.9999542	1	0	0	0	0
2024-10-09 16:35:50	24.733039832	100.3189204	99.9999542	1	0	0	0	0
2024-10-09 16:36:00	24.73460704	100.50030136	99.9999542	1	0	0	0	0
2024-10-09 16:36:10	24.765815351999997	100.1184608	99.9999542	1	0	0	0	0
2024-10-09 16:36:20	24.754735092156864	100.27838523529412	99.9999542	1	0	0	0	0
2024-10-09 16:36:30	24.738685976	100.2028648	99.9999542	1	0	0	0	0
2024-10-09 16:36:40	24.717437048	100.27418227999999	99.9999542	1	0	0	0	0
2024-10-09 16:36:50	24.706936799999998	100.30265632	99.9999542	1	0	0	0	0
2024-10-09 16:37:00	24.693516144	100.37767988	99.9999542	1	0	0	0	0
2024-10-09 16:37:10	24.728529168	100.09999956	99.9999542	1	0	0	0	0
2024-10-09 16:37:20	24.698351543396225	100.19956420754717	99.9999542	1	0	0	0	0
2024-10-09 16:37:30	24.680179792	100.3010986	99.9999542	1	0	0	0	0
2024-10-09 16:37:40	24.712432572	100.1553698	99.9999542	1	0	0	0	0
2024-10-09 16:37:50	24.695289736	100.10534072	99.9999542	1	0	0	0	0
2024-10-09 16:38:00	24.68122044	100.19593216	99.9999542	1	0	0	0	0
2024-10-09 16:38:10	24.645690904000002	100.39544744	99.9999542	1	0	0	0	0
2024-10-09 16:38:20	24.639056435849056	100.38359333962265	99.9999542	1	0	0	0	0
2024-10-09 16:38:30	24.662826448	100.0254184	99.9999542	1	0	0	0	0
2024-10-09 16:38:40	24.592524431999998	100.71197756	99.9999542	1	0	0	0	0
2024-10-09 16:38:50	24.611363912	100.1612314	99.9999542	1	0	0	0	0
2024-10-09 16:39:00	24.6051513	100.33345824	99.9999542	1	0	0	0	0
2024-10-09 16:39:10	24.591424856	100.30537244	99.9999542	1	0	0	0	0
2024-10-09 16:39:20	24.61289367735849	100.13027086792452	99.9999542	1	0	0	0	0
2024-10-09 16:39:30	24.610004	100.12428772	99.9999542	1	0	0	0	0
2024-10-09 16:39:40	24.543554512	100.61902624	99.9999542	1	0	0	0	0
2024-10-09 16:39:50	24.582836132	100.1442776	99.9999542	1	0	0	0	0
2024-10-09 16:40:00	24.592172427999998	100.18489751999999	99.9999542	1	0	0	0	0
2024-10-09 16:40:10	24.56469676	100.20805372	99.9999542	1	0	0	0	0
2024-10-09 16:40:20	24.513294881132076	100.44964120754717	99.9999542	1	0	0	0	0
2024-10-09 16:40:30	24.558930428	100.181538856	99.9999542	1	0	0	0	0
2024-10-09 16:40:40	24.5414199	100.41899248	99.9999542	1	0	0	0	0
2024-10-09 16:40:50	24.559177456	100.2167726	99.9999542	1	0	0	0	0
2024-10-09 16:41:00	24.488315351999997	100.34543328	99.9999542	1	0	0	0	0
2024-10-09 16:41:10	24.496767816000002	100.3185776	99.9999542	1	0	0	0	0
2024-10-09 16:41:20	24.498798049999998	100.253193	99.9999542	1	0	0	0	0
2024-10-09 16:41:30	24.49079064	100.27106112	99.9999542	1	0	0	0	0
2024-10-09 16:41:40	24.5289924	100.24513392	99.9999542	1	0	0	0	0
2024-10-09 16:41:50	24.443462456	100.33009344	99.9999542	1	0	0	0	0
2024-10-09 16:42:00	24.49275666	100.09601956	99.9999542	1	0	0	0	0
2024-10-09 16:42:10	24.483848204	100.1647182	99.9999542	1	0	0	0	0
2024-10-09 16:42:20	24.46683875744681	100.2474545319149	99.9999542	1	0	0	0	0
2024-10-09 16:42:30	24.482494208000002	100.0796872	99.9999542	1	0	0	0	0
2024-10-09 16:42:40	24.417051416	100.5869064	99.9999542	1	0	0	0	0
2024-10-09 16:42:50	24.398289664	100.65343632	99.9999542	1	0	0	0	0
2024-10-09 16:43:00	24.451648284	100.22145492	99.9999542	1	0	0	0	0
2024-10-09 16:43:10	24.392950592	100.4260352	99.9999542	1	0	0	0	0
2024-10-09 16:43:20	24.452190752830187	100.01531510566038	99.9999542	1	0	0	0	0
2024-10-09 16:43:30	24.45122668	100.08025544	99.9999542	1	0	0	0	0
2024-10-09 16:43:40	24.41857738	100.26133796	99.9999542	1	0	0	0	0
2024-10-09 16:43:50	24.408923536	100.13492360000001	99.9999542	1	0	0	0	0
2024-10-09 16:44:00	24.390573568	100.13685772000001	99.9999542	1	0	0	0	0
2024-10-09 16:44:10	24.400650608	100.16442484	99.9999542	1	0	0	0	0
2024-10-09 16:44:20	24.38077698653846	100.28416682692307	99.40380977307693	1	0	0	0	0
2024-10-09 16:44:30	24.345155604	100.13450832	98.99997	1	0	0	0	0
2024-10-09 16:44:40	24.317086052	100.34952752	98.99997	1	0	0	0	0
2024-10-09 16:44:50	24.308353968	100.042905	98.99997	1	0	0	0	0
2024-10-09 16:45:00	24.291497204	100.01225888	98.99997	1	0	0	0	0
2024-10-09 16:45:10	24.244473504	100.03016408	98.99997	1	0	0	0	0
2024-10-09 16:45:20	24.197526415094337	100.13497986792453	98.99997	1	0	0	0	0
2024-10-09 16:45:30	24.11399576	100.53656572	98.99997	1	0	0	0	0
2024-10-09 16:45:40	24.13295728	100.07183768	98.99997	1	0	0	0	0
2024-10-09 16:45:50	24.052677836	100.24286479999999	98.99997	1	0	0	0	0
2024-10-09 16:46:00	24.0151572	100.39718112	98.99997	1	0	0	0	0
2024-10-09 16:46:10	23.999401776	100.19330064	98.99997	1	0	0	0	0
2024-10-09 16:46:20	23.975260567307693	100.08833998461539	98.99997	1	0	0	0	0
2024-10-09 16:46:30	23.926278444	100.38152908	98.99997	1	0	0	0	0
2024-10-09 16:46:40	23.919553944	100.03001472	98.99997	1	0	0	0	0
2024-10-09 16:46:50	23.885125284	100.14866796000001	98.99997	1	0	0	0	0
2024-10-09 16:47:00	23.829456256	100.38151748	98.99997	1	0	0	0	0
2024-10-09 16:47:10	23.786240092	100.17869236	98.99997	1	0	0	0	0
2024-10-09 16:47:20	23.71772954423077	100.31134465384615	98.99997	1	0	0	0	0
2024-10-09 16:47:30	23.68792872	100.3172354	98.99997	1	0	0	0	0
2024-10-09 16:47:40	23.715562568000003	99.892267632	98.99997	1	0	0	0	0
2024-10-09 16:47:50	23.647712816	100.25943656	98.99997	1	0	0	0	0
2024-10-09 16:48:00	23.634895032	99.9127748	98.99997	1	0	0	0	0
2024-10-09 16:48:10	23.588768220000002	100.04265384	98.99997	1	0	0	0	0
2024-10-09 16:48:20	23.531279315384616	100.14478820961538	98.99997	1	0	0	0	0
2024-10-09 16:48:30	23.555288376	99.870629256	98.99997	1	0	0	0	0
2024-10-09 16:48:40	23.516874412	99.8207484	98.99997	1	0	0	0	0
2024-10-09 16:48:50	23.541991988	99.6392428	98.99997	1	0	0	0	0
2024-10-09 16:49:00	23.555228832	99.396008272	98.99997	1	0	0	0	0
2024-10-09 16:49:10	23.4544732	99.91369392	98.99997	1	0	0	0	0
2024-10-09 16:49:20	23.45109576923077	99.87545561538462	98.99997	1	0	0	0	0
2024-10-09 16:49:30	23.461200028	99.5516588	98.99997	1	0	0	0	0
2024-10-09 16:49:40	23.467932288	99.47538879999999	98.99997	1	0	0	0	0
2024-10-09 16:49:50	23.448625192	99.4352456	98.99997	1	0	0	0	0
2024-10-09 16:50:00	23.444162452	99.531258	98.99997	1	0	0	0	0
2024-10-09 16:50:10	23.401155980000002	99.57865	98.99997	1	0	0	0	0
2024-10-09 16:50:20	23.43395673018868	99.32204	98.99997	1	0	0	0	0
2024-10-09 16:50:30	23.359861696	99.698394304	98.99997	1	0	0	0	0
2024-10-09 16:50:40	23.38197666	99.44918679999999	98.99997	1	0	0	0	0
2024-10-09 16:50:50	23.343513512	99.5868432	98.99997	1	0	0	0	0
2024-10-09 16:51:00	23.372176392	99.24258608	98.99997	1	0	0	0	0
2024-10-09 16:51:10	23.364074495999997	99.2958084	98.99997	1	0	0	0	0
2024-10-09 16:51:20	23.334703557692308	99.31863321346154	98.99997	1	0	0	0	0
2024-10-09 16:51:30	23.28636232	99.65965360000001	98.99997	1	0	0	0	0
2024-10-09 16:51:40	23.320174676	99.4453274	98.99997	1	0	0	0	0
2024-10-09 16:51:50	23.357595188	99.2948508	98.99997	1	0	0	0	0
2024-10-09 16:52:00	23.375879808	99.0632484	98.99997	1	0	0	0	0
2024-10-09 16:52:10	23.321211476	99.2606404	98.99997	1	0	0	0	0
2024-10-09 16:52:20	23.262937307692308	99.62367826923078	98.99997	1	0	0	0	0
2024-10-09 16:52:30	23.262853596	99.48584600000001	98.99997	1	0	0	0	0
2024-10-09 16:52:40	23.311707532	99.081369348	98.99997	1	0	0	0	0
2024-10-09 16:52:50	23.340090944	98.92660359999999	98.99997	1	0	0	0	0
2024-10-09 16:53:00	23.274710696	99.1514536	98.99997	1	0	0	0	0
2024-10-09 16:53:10	23.337786552	98.905738796	98.99997	1	0	0	0	0
2024-10-09 16:53:20	23.3269395	98.972805	98.99997	1	0	0	0	0
2024-10-09 16:53:30	23.314393712	99.037496524	98.99997	1	0	0	0	0
2024-10-09 16:53:40	23.29359756	99.095857552	98.99997	1	0	0	0	0
2024-10-09 16:53:50	23.326070636	98.8687176	98.99997	1	0	0	0	0
2024-10-09 16:54:00	23.299070888	99.413930464	98.99997	1	0	0	0	0
2024-10-09 16:54:10	23.352818696	98.78162414799999	98.99997	1	0	0	0	0
2024-10-09 16:54:20	23.296142213461536	99.26387057692308	98.99997	1	0	0	0	0
2024-10-09 16:54:30	23.288914264000002	99.36344919999999	98.99997	1	0	0	0	0
2024-10-09 16:54:40	23.323894624	99.037654336	98.99997	1	0	0	0	0
2024-10-09 16:54:50	23.33787788	98.85824979200001	98.99997	1	0	0	0	0
2024-10-09 16:55:00	23.300394216	99.349754788	98.99997	1	0	0	0	0
2024-10-09 16:55:10	23.331328624	98.8924032	98.99997	1	0	0	0	0
2024-10-09 16:55:20	23.29565429230769	99.12621653846153	98.99997	1	0	0	0	0
2024-10-09 16:55:30	23.331292624	98.903234	98.99997	1	0	0	0	0
2024-10-09 16:55:40	23.3420771	98.8797752	98.99997	1	0	0	0	0
2024-10-09 16:55:50	23.320446024	99.1371216	98.99997	1	0	0	0	0
2024-10-09 16:56:00	23.287850952000003	99.0195672	98.99997	1	0	0	0	0
2024-10-09 16:56:10	23.292224816	99.13729176	98.99997	1	0	0	0	0
2024-10-09 16:56:20	23.300067978846155	99.17013153846155	98.99997	1	0	0	0	0
2024-10-09 16:56:30	23.319805832	98.92727986	98.99997	1	0	0	0	0
2024-10-09 16:56:40	23.318179563999998	98.952467504	98.99997	1	0	0	0	0
2024-10-09 16:56:50	23.295079559999998	98.9338176	98.99997	1	0	0	0	0
2024-10-09 16:57:00	23.302917248	99.127622	98.99997	1	0	0	0	0
2024-10-09 16:57:10	23.2973529	99.08051968000001	98.99997	1	0	0	0	0
2024-10-09 16:57:20	23.288906484615385	98.95901541923077	98.99997	1	0	0	0	0
2024-10-09 16:57:30	23.2872759	99.1723068	98.99997	1	0	0	0	0
2024-10-09 16:57:40	23.271739948	99.29035040000001	98.99997	1	0	0	0	0
2024-10-09 16:57:50	23.260704051999998	99.2222552	98.99997	1	0	0	0	0
2024-10-09 16:58:00	23.24489738	99.22046999999999	98.99997	1	0	0	0	0
2024-10-09 16:58:10	23.2708576	99.107407548	98.99997	1	0	0	0	0
2024-10-09 16:58:20	23.289933885185185	99.00870092592592	98.99997	1	0	0	0	0
2024-10-09 16:58:30	23.313351951999998	98.8692256	98.99997	1	0	0	0	0
2024-10-09 16:58:40	23.323839612	98.7934032	98.99997	1	0	0	0	0
2024-10-09 16:58:50	23.288863376	98.85043040000001	98.99997	1	0	0	0	0
2024-10-09 16:59:00	23.297185104	99.10860439999999	98.99997	1	0	0	0	0
2024-10-09 16:59:10	23.273616439999998	99.1163788	98.99997	1	0	0	0	0
2024-10-09 16:59:20	23.277158892307693	99.04969557692307	98.99997	1	0	0	0	0
2024-10-09 16:59:30	23.238451184	99.37668719999999	98.99997	1	0	0	0	0
2024-10-09 16:59:40	23.297798716	99.0866336	98.99997	1	0	0	0	0
2024-10-09 16:59:50	23.281046615999998	98.97277405599999	98.99997	1	0	0	0	0
2024-10-09 17:00:00	23.248796912	99.2986412	98.99997	1	0	0	0	0
2024-10-09 17:00:10	23.265750399999998	99.02265025199999	98.99997	1	0	0	0	0
2024-10-09 17:00:20	23.264815432692306	98.93621576923077	98.99997	1	0	0	0	0
2024-10-09 17:00:30	23.220894976	99.096006	98.99997	1	0	0	0	0
2024-10-09 17:00:40	23.2637808	99.1353124	98.99997	1	0	0	0	0
2024-10-09 17:00:50	23.256218004	99.0455088	98.99997	1	0	0	0	0
2024-10-09 17:01:00	23.254719488	99.0968132	98.99997	1	0	0	0	0
2024-10-09 17:01:10	23.255295804	99.0128304	98.99997	1	0	0	0	0
2024-10-09 17:01:20	23.261800703846156	99.03044173076923	98.99997	1	0	0	0	0
2024-10-09 17:01:30	23.256730104	99.131947264	98.99997	1	0	0	0	0
2024-10-09 17:01:40	23.274206708	98.843081728	98.99997	1	0	0	0	0
2024-10-09 17:01:50	23.289803564	98.86192	98.99997	1	0	0	0	0
2024-10-09 17:02:00	23.255492176	98.91827239999999	98.99997	1	0	0	0	0
2024-10-09 17:02:10	23.266629016	98.9536932	98.99997	1	0	0	0	0
2024-10-09 17:02:20	23.206332540384615	99.1574325	98.99997	1	0	0	0	0
2024-10-09 17:02:30	23.212537708	99.222804	98.99997	1	0	0	0	0
2024-10-09 17:02:40	23.241909055999997	98.8722788	98.99997	1	0	0	0	0
2024-10-09 17:02:50	23.253339476	98.937448	98.99997	1	0	0	0	0
2024-10-09 17:03:00	23.246995352000003	98.9891876	98.99997	1	0	0	0	0
2024-10-09 17:03:10	23.285304747999998	98.77109080000001	98.99997	1	0	0	0	0
2024-10-09 17:03:20	23.326946677358492	98.6772120754717	98.99997	1	0	0	0	0
2024-10-09 17:03:30	23.267656795999997	99.00467413999999	98.99997	1	0	0	0	0
2024-10-09 17:03:40	23.271065596	99.056728124	98.99997	1	0	0	0	0
2024-10-09 17:03:50	23.24783628	99.2030176	98.99997	1	0	0	0	0
2024-10-09 17:04:00	23.2450504	99.0431312	98.99997	1	0	0	0	0
2024-10-09 17:04:10	23.292929488	98.7896044	98.99997	1	0	0	0	0
2024-10-09 17:04:20	23.28664286730769	98.84088096153846	98.99997	1	0	0	0	0
2024-10-09 17:04:30	23.28327088	99.0381452	98.99997	1	0	0	0	0
2024-10-09 17:04:40	23.239627192	98.88581239999999	98.99997	1	0	0	0	0
2024-10-09 17:04:50	23.300010764	98.7922588	98.99997	1	0	0	0	0
2024-10-09 17:05:00	23.275618744	99.20509752	98.99997	1	0	0	0	0
2024-10-09 17:05:10	23.283713192	98.9183044	98.99997	1	0	0	0	0
2024-10-09 17:05:20	23.27169109811321	98.91488105660378	98.99997	1	0	0	0	0
2024-10-09 17:05:30	23.279587452	98.9784796	98.99997	1	0	0	0	0
2024-10-09 17:05:40	23.2409444	99.18643866000001	98.99997	1	0	0	0	0
2024-10-09 17:05:50	23.248806916	99.0874312	98.99997	1	0	0	0	0
2024-10-09 17:06:00	23.267141076	98.947196856	98.99997	1	0	0	0	0
2024-10-09 17:06:10	23.30044408	98.9136248	99.9999542	1	0	0	0	0
2024-10-09 17:06:20	23.326362342307693	99.00955603846154	99.9999542	1	0	0	0	0
2024-10-09 17:06:30	23.329430032	98.9247852	99.9999542	1	0	0	0	0
2024-10-09 17:06:40	23.421926016	99.073051536	99.9999542	1	0	0	0	0
2024-10-09 17:06:50	23.40658214	99.0442508	99.9999542	1	0	0	0	0
2024-10-09 17:07:00	23.508265544	98.7161212	99.9999542	1	0	0	0	0
2024-10-09 17:07:10	23.482742000000002	99.026314456	99.9999542	1	0	0	0	0
2024-10-09 17:07:20	23.450845332692307	99.4146825	99.9999542	1	0	0	0	0
2024-10-09 17:07:30	23.517378700000002	99.147971808	99.9999542	1	0	0	0	0
2024-10-09 17:07:40	23.574252364	98.8301556	99.9999542	1	0	0	0	0
2024-10-09 17:07:50	23.672580864	98.59185928	99.9999542	1	0	0	0	0
2024-10-09 17:08:00	23.63853224	98.8739444	99.9999542	1	0	0	0	0
2024-10-09 17:08:10	23.695125592	98.903389564	99.9999542	1	0	0	0	0
2024-10-09 17:08:20	23.719502188235296	98.86452168627451	99.9999542	1	0	0	0	0
2024-10-09 17:08:30	23.697257812	99.195976	99.9999542	1	0	0	0	0
2024-10-09 17:08:40	23.784047328	98.845407452	99.9999542	1	0	0	0	0
2024-10-09 17:08:50	23.784758616	98.90796967200001	99.9999542	1	0	0	0	0
2024-10-09 17:09:00	23.884707404	98.697415672	99.9999542	1	0	0	0	0
2024-10-09 17:09:10	23.8450607	99.112898	99.9999542	1	0	0	0	0
2024-10-09 17:09:20	23.883746436538463	99.17850884615385	99.9999542	1	0	0	0	0
2024-10-09 17:09:30	23.931505920000003	98.85796626800001	99.9999542	1	0	0	0	0
2024-10-09 17:09:40	23.976957808	98.9107102	99.9999542	1	0	0	0	0
2024-10-09 17:09:50	24.0015194	98.97624214	99.9999542	1	0	0	0	0
2024-10-09 17:10:00	24.040911892	98.902601792	99.9999542	1	0	0	0	0
2024-10-09 17:10:10	24.060111148	98.9537244	99.9999542	1	0	0	0	0
2024-10-09 17:10:20	24.10301425576923	98.83646096153845	99.9999542	1	0	0	0	0
2024-10-09 17:10:30	24.145095775999998	98.897473696	99.9999542	1	0	0	0	0
2024-10-09 17:10:40	24.152702664	99.0316944	99.9999542	1	0	0	0	0
2024-10-09 17:10:50	24.139154888	99.121801736	99.9999542	1	0	0	0	0
2024-10-09 17:11:00	24.183849627999997	99.0684332	99.9999542	1	0	0	0	0
2024-10-09 17:11:10	24.245789732	98.8872968	99.9999542	1	0	0	0	0
2024-10-09 17:11:20	24.31326973962264	98.6549738754717	99.9999542	1	0	0	0	0
2024-10-09 17:11:30	24.263585248	99.0501796	99.9999542	1	0	0	0	0
2024-10-09 17:11:40	24.35070982	98.7979016	99.9999542	1	0	0	0	0
2024-10-09 17:11:50	24.382329744	98.86868432	99.9999542	1	0	0	0	0
2024-10-09 17:12:00	24.360979164	99.10209239999999	99.9999542	1	0	0	0	0
2024-10-09 17:12:10	24.443337488	98.8575908	99.9999542	1	0	0	0	0
2024-10-09 17:12:20	24.466319188679243	98.89042678867924	99.9999542	1	0	0	0	0
2024-10-09 17:12:30	24.459873956000003	99.217340268	99.9999542	1	0	0	0	0
2024-10-09 17:12:40	24.485708844	99.30982799600001	99.9999542	1	0	0	0	0
2024-10-09 17:12:50	24.585323088	99.0146344	99.9999542	1	0	0	0	0
2024-10-09 17:13:00	24.572616840000002	98.9742616	99.9999542	1	0	0	0	0
2024-10-09 17:13:10	24.640211695999998	98.81731520000001	99.9999542	1	0	0	0	0
2024-10-09 17:13:20	24.6388659	99.03379000000001	99.9999542	1	0	0	0	0
2024-10-09 17:13:30	24.669414528	98.947296112	99.9999542	1	0	0	0	0
2024-10-09 17:13:40	24.683383279999997	98.942490344	99.9999542	1	0	0	0	0
2024-10-09 17:13:50	24.69586712	99.154936	99.9999542	1	0	0	0	0
2024-10-09 17:14:00	24.745640188	99.043076	99.9999542	1	0	0	0	0
2024-10-09 17:14:10	24.750056608	99.22649799999999	99.9999542	1	0	0	0	0
2024-10-09 17:14:20	24.820129766037738	98.91683886792453	99.9999542	1	0	0	0	0
2024-10-09 17:14:30	24.816122963999998	98.8807884	99.9999542	1	0	0	0	0
2024-10-09 17:14:40	24.866503383999998	99.2657964	99.9999542	1	0	0	0	0
2024-10-09 17:14:50	24.9149308	98.8836456	99.9999542	1	0	0	0	0
2024-10-09 17:15:00	24.896528532	99.12651	99.9999542	1	0	0	0	0
2024-10-09 17:15:10	24.912803108	99.3039448	99.9999542	1	0	0	0	0
2024-10-09 17:15:20	24.96542590576923	99.134655	99.9999542	1	0	0	0	0
2024-10-09 17:15:30	25.025228544	98.961699632	99.9999542	1	0	0	0	0
2024-10-09 17:15:40	25.03543342	99.0652544	99.9999542	1	0	0	0	0
2024-10-09 17:15:50	25.048356152	99.3528144	99.9999542	1	0	0	0	0
2024-10-09 17:16:00	25.075786028	98.943459344	99.9999542	1	0	0	0	0
2024-10-09 17:16:10	25.103215776	99.195712	99.9999542	1	0	0	0	0
2024-10-09 17:16:20	25.135384626415096	99.20423849056604	99.9999542	1	0	0	0	0
2024-10-09 17:16:30	25.152270976	99.06114584000001	99.9999542	1	0	0	0	0
2024-10-09 17:16:40	25.195781516	99.0647516	99.9999542	1	0	0	0	0
2024-10-09 17:16:50	25.211405356	98.9011648	99.9999542	1	0	0	0	0
2024-10-09 17:17:00	25.279825852000002	99.0140936	99.9999542	1	0	0	0	0
2024-10-09 17:17:10	25.253331008	99.26672272	99.9999542	1	0	0	0	0
2024-10-09 17:17:20	25.28125245576923	98.95104411538462	99.9999542	1	0	0	0	0
2024-10-09 17:17:30	25.330765456	99.07940736	99.9999542	1	0	0	0	0
2024-10-09 17:17:40	25.375158375999998	98.86661600000001	99.9999542	1	0	0	0	0
2024-10-09 17:17:50	25.378754771999997	99.1514004	99.9999542	1	0	0	0	0
2024-10-09 17:18:00	25.386159768	99.2718948	99.9999542	1	0	0	0	0
2024-10-09 17:18:10	25.442316939999998	99.0439416	99.9999542	1	0	0	0	0
2024-10-09 17:18:20	25.3694138	99.60105838679246	99.9999542	1	0	0	0	0
2024-10-09 17:18:30	25.417417508	99.5131404	99.9999542	1	0	0	0	0
2024-10-09 17:18:40	25.379529148	99.6692216	99.9999542	1	0	0	0	0
2024-10-09 17:18:50	25.438782879999998	99.40044626000001	99.9999542	1	0	0	0	0
2024-10-09 17:19:00	25.49033096	99.295684	99.9999542	1	0	0	0	0
2024-10-09 17:19:10	25.482904624	99.3860908	99.9999542	1	0	0	0	0
2024-10-09 17:19:20	25.476216279245282	99.52701490566038	99.9999542	1	0	0	0	0
2024-10-09 17:19:30	25.486158367999998	99.4348644	99.9999542	1	0	0	0	0
2024-10-09 17:19:40	25.527534	99.513244224	99.9999542	1	0	0	0	0
2024-10-09 17:19:50	25.467670824	99.79104120000001	99.9999542	1	0	0	0	0
2024-10-09 17:20:00	25.48552116	99.724336224	99.9999542	1	0	0	0	0
