PROCESSDATA	2411LIC30501 Data	yyyy-MM-dd HH:mm:ss
8	10	2024-11-20 21:55:00	751
tagname	2411LIC30501.MV	2411LIC30501.PV	2411LIC30501.SV	2411LIC30501.MODE	bOpOFL	bPvOFL	bSpOFL	bAutOFL
desc	封油罐D205_OP	封油罐D205_PV	封油罐D205_SP	Aut	bOpOFL	bPvOFL	bSpOFL	bAutOFL
fsMax=26.22468230175	fsMin=0	fsGridNum=10	fdMax=26.22468230175tfdMin=0	fdGridNum=10	v0GridNum=10	L=24
2024-11-20 21:55:00	30.772664795	68.9575969	68.98446	1	0	0	0	0
2024-11-20 21:55:10	30.790403295	68.95766689999999	68.98446	1	0	0	0	0
2024-11-20 21:55:20	30.8023309855	68.9589429	68.98446	1	0	0	0	0
2024-11-20 21:55:30	30.8113966355	68.9608129	68.98446	1	0	0	0	0
2024-11-20 21:55:40	30.8028883195	68.96249694149999	68.98446	1	0	0	0	0
2024-11-20 21:55:50	30.7857241695	68.9640893915	68.98446	1	0	0	0	0
2024-11-20 21:56:00	30.753015885499998	68.96802690850001	68.98446	1	0	0	0	0
2024-11-20 21:56:10	30.7126515355	68.97311945850001	68.98446	1	0	0	0	0
2024-11-20 21:56:20	30.734391127000002	68.96877669999999	68.98446	1	0	0	0	0
2024-11-20 21:56:30	30.786719227000003	68.9597867	68.98446	1	0	0	0	0
2024-11-20 21:56:40	30.7773472615	68.96581139999999	68.98446	1	0	0	0	0
2024-11-20 21:56:50	30.7375857115	68.9792314	68.98446	1	0	0	0	0
2024-11-20 21:57:00	30.705347826	68.98298665	68.98446	1	0	0	0	0
2024-11-20 21:57:10	30.676815626	68.98198165000001	68.98446	1	0	0	0	0
2024-11-20 21:57:20	30.6693674885	68.98437355	68.98446	1	0	0	0	0
2024-11-20 21:57:30	30.6723040385	68.98843855	68.98446	1	0	0	0	0
2024-11-20 21:57:40	30.6437543405	68.99063425	68.98446	1	0	0	0	0
2024-11-20 21:57:50	30.5996964905	68.99190924999999	68.98446	1	0	0	0	0
2024-11-20 21:58:00	30.5923457295	68.99197825	68.98446	1	0	0	0	0
2024-11-20 21:58:10	30.6030745795	68.99145325	68.98446	1	0	0	0	0
2024-11-20 21:58:20	30.598371219	68.990584674	68.98446	1	0	0	0	0
2024-11-20 21:58:30	30.586066919	68.989546874	68.98446	1	0	0	0	0
2024-11-20 21:58:40	30.600140217499998	68.988224726	68.98446	1	0	0	0	0
2024-11-20 21:58:50	30.6272054675	68.98676252599999	68.98446	1	0	0	0	0
2024-11-20 21:59:00	30.663032173500003	68.9803103	68.98446	1	0	0	0	0
2024-11-20 21:59:10	30.703174223500003	68.9714003	68.98446	1	0	0	0	0
2024-11-20 21:59:20	30.6999576255	68.96881175	68.98446	1	0	0	0	0
2024-11-20 21:59:30	30.6753852755	68.96933675	68.98446	1	0	0	0	0
2024-11-20 21:59:40	30.5867020325	68.9870707	68.98446	1	0	0	0	0
2024-11-20 21:59:50	30.4664417825	69.0132807	68.98446	1	0	0	0	0
2024-11-20 22:00:00	30.453856194	69.01522665	68.98446	1	0	0	0	0
2024-11-20 22:00:10	30.494304394	69.00522165	68.98446	1	0	0	0	0
2024-11-20 22:00:20	30.5082196895	69.00312935	68.98446	1	0	0	0	0
2024-11-20 22:00:30	30.5090665395	69.00493435	68.98446	1	0	0	0	0
2024-11-20 22:00:40	30.496521396000002	69.0050476	68.98446	1	0	0	0	0
2024-11-20 22:00:50	30.477380196000002	69.0043276	68.98446	1	0	0	0	0
2024-11-20 22:01:00	30.4587405915	69.00440825	68.98446	1	0	0	0	0
2024-11-20 22:01:10	30.440348041500002	69.00488324999999	68.98446	1	0	0	0	0
2024-11-20 22:01:20	30.427525402500002	69.00935272299999	68.98446	1	0	0	0	0
2024-11-20 22:01:30	30.417446152500002	69.015789623	68.98446	1	0	0	0	0
2024-11-20 22:01:40	30.407045336	69.014234227	68.98446	1	0	0	0	0
2024-11-20 22:01:50	30.396486136	69.008742327	68.98446	1	0	0	0	0
2024-11-20 22:02:00	30.4470807505	69.00861505	68.98446	1	0	0	0	0
2024-11-20 22:02:10	30.5277959005	69.01113005	68.98446	1	0	0	0	0
2024-11-20 22:02:20	30.5091459635	69.0112833	68.98446	1	0	0	0	0
2024-11-20 22:02:30	30.4415550135	69.0102733	68.98446	1	0	0	0	0
2024-11-20 22:02:40	30.4285847415	69.00734375	68.98446	1	0	0	0	0
2024-11-20 22:02:50	30.4425171915	69.00346875	68.98446	1	0	0	0	0
2024-11-20 22:03:00	30.4062654355	69.0065067095	68.98446	1	0	0	0	0
2024-11-20 22:03:10	30.3452960855	69.0129495595	68.98446	1	0	0	0	0
2024-11-20 22:03:20	30.3174351875	69.0192880905	68.98446	1	0	0	0	0
2024-11-20 22:03:30	30.3058814375	69.02557524049999	68.98446	1	0	0	0	0
2024-11-20 22:03:40	30.311221837999998	69.02298345	68.98446	1	0	0	0	0
2024-11-20 22:03:50	30.324883237999998	69.01601845	68.98446	1	0	0	0	0
2024-11-20 22:04:00	30.3547224915	69.011643	68.98446	1	0	0	0	0
2024-11-20 22:04:10	30.3925299415	69.008543	68.98446	1	0	0	0	0
2024-11-20 22:04:20	30.368093956000003	69.0104498765	68.98446	1	0	0	0	0
2024-11-20 22:04:30	30.313000756	69.0148228265	68.98446	1	0	0	0	0
2024-11-20 22:04:40	30.290896413000002	69.0172086235	68.98446	1	0	0	0	0
2024-11-20 22:04:50	30.285040313	69.0186156735	68.98446	1	0	0	0	0
2024-11-20 22:05:00	30.242040418	69.022631	68.98446	1	0	0	0	0
2024-11-20 22:05:10	30.180745818	69.027931	68.98446	1	0	0	0	0
2024-11-20 22:05:20	30.188283869	69.02262021	68.98446	1	0	0	0	0
2024-11-20 22:05:30	30.229724569000002	69.01208321	68.98446	1	0	0	0	0
2024-11-20 22:05:40	30.26063106	69.01160894	68.98446	1	0	0	0	0
2024-11-20 22:05:50	30.28634906	69.01609094000001	68.98446	1	0	0	0	0
2024-11-20 22:06:00	30.26380629	69.01307095	68.98446	1	0	0	0	0
2024-11-20 22:06:10	30.21749329	69.00635595	68.98446	1	0	0	0	0
2024-11-20 22:06:20	30.1642970115	69.0079456	68.98446	1	0	0	0	0
2024-11-20 22:06:30	30.1077104615	69.0136256	68.98446	1	0	0	0	0
2024-11-20 22:06:40	30.151164459	69.0115604	68.98446	1	0	0	0	0
2024-11-20 22:06:50	30.243892158999998	69.00568039999999	68.98446	1	0	0	0	0
2024-11-20 22:07:00	30.270634875499997	69.00212674049999	68.98446	1	0	0	0	0
2024-11-20 22:07:10	30.264877525499998	68.99971889049999	68.98446	1	0	0	0	0
2024-11-20 22:07:20	30.267544889499998	68.9945563355	68.98446	1	0	0	0	0
2024-11-20 22:07:30	30.274361739499998	68.9880369855	68.98446	1	0	0	0	0
2024-11-20 22:07:40	30.265915721499997	68.992617224	68.98446	1	0	0	0	0
2024-11-20 22:07:50	30.2499521715	69.002664424	68.98446	1	0	0	0	0
2024-11-20 22:08:00	30.238524850331125	69.0045095668874	68.98446	1	0	0	0	0
2024-11-20 22:08:10	30.2043062410596	68.99634049403974	68.98446	1	0	0	0	0
2024-11-20 22:08:20	30.2076482735	68.997483599	68.98446	1	0	0	0	0
2024-11-20 22:08:30	30.2294903235	69.003213299	68.98446	1	0	0	0	0
2024-11-20 22:08:40	30.212448153	69.0060775765	68.98446	1	0	0	0	0
2024-11-20 22:08:50	30.176254053	69.0075305265	68.98446	1	0	0	0	0
2024-11-20 22:09:00	30.1975487	68.99730339999999	68.98446	1	0	0	0	0
2024-11-20 22:09:10	30.2471587	68.9813234	68.98446	1	0	0	0	0
2024-11-20 22:09:20	30.317304635499998	68.97970485	68.98446	1	0	0	0	0
2024-11-20 22:09:30	30.397565285499997	68.98515985	68.98446	1	0	0	0	0
2024-11-20 22:09:40	30.416593328999998	68.9842532	68.98446	1	0	0	0	0
2024-11-20 22:09:50	30.405462029	68.98021320000001	68.98446	1	0	0	0	0
2024-11-20 22:10:00	30.336221629	68.98627211	68.98446	1	0	0	0	0
2024-11-20 22:10:10	30.238360329000002	68.99730511	68.98446	1	0	0	0	0
2024-11-20 22:10:20	30.261524144000003	68.99932594	69.25245665	1	0	0	0	0
2024-11-20 22:10:30	30.344297344	68.99690794	69.65245165	1	0	0	0	0
2024-11-20 22:10:40	32.1641342185	69.00784505	69.85144665	1	0	0	0	0
2024-11-20 22:10:50	34.839539768499996	69.02536004999999	69.95144165	1	0	0	0	0
2024-11-20 22:11:00	36.228315207	69.04577615	69.98444	1	0	0	0	0
2024-11-20 22:11:10	36.983377307	69.06762115000001	69.98444	1	0	0	0	0
2024-11-20 22:11:20	37.2086838405	69.0990304	69.98444	1	0	0	0	0
2024-11-20 22:11:30	37.1730659905	69.1351504	69.98444	1	0	0	0	0
2024-11-20 22:11:40	37.1459750965	69.161006	69.98444	1	0	0	0	0
2024-11-20 22:11:50	37.1230840465	69.181806	69.98444	1	0	0	0	0
2024-11-20 22:12:00	37.10638785	69.21209856	69.98444	1	0	0	0	0
2024-11-20 22:12:10	37.09274285	69.24706656000001	69.98444	1	0	0	0	0
2024-11-20 22:12:20	37.056885407	69.27933379	69.98444	1	0	0	0	0
2024-11-20 22:12:30	37.010087507	69.31027079	69.98444	1	0	0	0	0
2024-11-20 22:12:40	36.981138943000005	69.34091835	69.98444	1	0	0	0	0
2024-11-20 22:12:50	36.960981843	69.37142335	69.98444	1	0	0	0	0
2024-11-20 22:13:00	36.926486743	69.3938432925	69.98444	1	0	0	0	0
2024-11-20 22:13:10	36.884929643	69.4122810425	69.98444	1	0	0	0	0
2024-11-20 22:13:20	36.810936168000005	69.44649025749999	69.98444	1	0	0	0	0
2024-11-20 22:13:30	36.720966568	69.48846750749999	69.98444	1	0	0	0	0
2024-11-20 22:13:40	36.601117782	69.52143844999999	69.98444	1	0	0	0	0
2024-11-20 22:13:50	36.466552382	69.54997345	69.98444	1	0	0	0	0
2024-11-20 22:14:00	36.375450485	69.56767454999999	69.98444	1	0	0	0	0
2024-11-20 22:14:10	36.305755985000005	69.58003955	69.98444	1	0	0	0	0
2024-11-20 22:14:20	36.249974772	69.60071925	69.98444	1	0	0	0	0
2024-11-20 22:14:30	36.201046372	69.62549425	69.98444	1	0	0	0	0
2024-11-20 22:14:40	36.14424775	69.65360919999999	69.98444	1	0	0	0	0
2024-11-20 22:14:50	36.08357275	69.6833692	69.98444	1	0	0	0	0
2024-11-20 22:15:00	35.9815822	69.7061009	69.98444	1	0	0	0	0
2024-11-20 22:15:10	35.8592422	69.7253709	69.98444	1	0	0	0	0
2024-11-20 22:15:20	35.74840275	69.75367116	69.98444	1	0	0	0	0
2024-11-20 22:15:30	35.64322775	69.78641916	69.98444	1	0	0	0	0
2024-11-20 22:15:40	35.529947023	69.80576314	69.98444	1	0	0	0	0
2024-11-20 22:15:50	35.412673923	69.81850514	69.98444	1	0	0	0	0
2024-11-20 22:16:00	35.345522116	69.8321685575	69.98444	1	0	0	0	0
2024-11-20 22:16:10	35.303056915999996	69.8462858075	69.98444	1	0	0	0	0
2024-11-20 22:16:20	35.195965861	69.8680212925	69.98444	1	0	0	0	0
2024-11-20 22:16:30	35.057044161	69.8935090425	69.98444	1	0	0	0	0
2024-11-20 22:16:40	34.923176606000006	69.91467345	69.98444	1	0	0	0	0
2024-11-20 22:16:50	34.791798406000005	69.93370845	69.98444	1	0	0	0	0
2024-11-20 22:17:00	34.651818344	69.95647199999999	69.98444	1	0	0	0	0
2024-11-20 22:17:10	34.507601543999996	69.981072	69.98444	1	0	0	0	0
2024-11-20 22:17:20	34.3477046	70.0077272585	69.98444	1	0	0	0	0
2024-11-20 22:17:30	34.1800846	70.0353948085	69.98444	1	0	0	0	0
2024-11-20 22:17:40	33.970878973	70.0618127415	69.98444	1	0	0	0	0
2024-11-20 22:17:50	33.741190872999994	70.0876151915	69.98444	1	0	0	0	0
2024-11-20 22:18:00	33.511678782	70.11804570000001	69.98444	1	0	0	0	0
2024-11-20 22:18:10	33.282253382	70.1507557	69.98444	1	0	0	0	0
2024-11-20 22:18:20	33.019498095	70.1810403	69.98444	1	0	0	0	0
2024-11-20 22:18:30	32.740326595000006	70.2101303	69.98444	1	0	0	0	0
2024-11-20 22:18:40	32.514987250000004	70.2382823	69.98444	1	0	0	0	0
2024-11-20 22:18:50	32.31616225	70.2659723	69.98444	1	0	0	0	0
2024-11-20 22:19:00	32.149453230999995	70.27697595	69.98444	1	0	0	0	0
2024-11-20 22:19:10	31.998562531	70.27976095	69.98444	1	0	0	0	0
2024-11-20 22:19:20	31.8130199	70.30280005	69.98444	1	0	0	0	0
2024-11-20 22:19:30	31.6104099	70.33581505000001	69.98444	1	0	0	0	0
2024-11-20 22:19:40	31.301666406000002	70.36899085	69.98444	1	0	0	0	0
2024-11-20 22:19:50	30.940648206000002	70.40224585	69.98444	1	0	0	0	0
2024-11-20 22:20:00	30.7799400735	70.4168313	69.98444	1	0	0	0	0
2024-11-20 22:20:10	30.7178921235	70.4222213	69.98444	1	0	0	0	0
2024-11-20 22:20:20	30.5136591855	70.43188590000001	69.98444	1	0	0	0	0
2024-11-20 22:20:30	30.239394835499997	70.44365590000001	69.98444	1	0	0	0	0
2024-11-20 22:20:40	30.065449418	70.4585146	69.98444	1	0	0	0	0
2024-11-20 22:20:50	29.940914818	70.4748946	69.98444	1	0	0	0	0
2024-11-20 22:21:00	29.758489136	70.48054789999999	69.98444	1	0	0	0	0
2024-11-20 22:21:10	29.547549936	70.4809179	69.98444	1	0	0	0	0
2024-11-20 22:21:20	29.383153726499998	70.48795439999999	69.98444	1	0	0	0	0
2024-11-20 22:21:30	29.241681676499997	70.4982744	69.98444	1	0	0	0	0
2024-11-20 22:21:40	29.0712705175	70.50286589999999	69.98444	1	0	0	0	0
2024-11-20 22:21:50	28.8866057675	70.5046359	69.98444	1	0	0	0	0
2024-11-20 22:22:00	28.7686921125	70.50449305	69.98444	1	0	0	0	0
2024-11-20 22:22:10	28.6836558625	70.50340805	69.98444	1	0	0	0	0
2024-11-20 22:22:20	28.516921923	70.5142068735	69.98444	1	0	0	0	0
2024-11-20 22:22:30	28.309948823000003	70.53085892349999	69.98444	1	0	0	0	0
2024-11-20 22:22:40	28.126943834000002	70.5399372265	69.98444	1	0	0	0	0
2024-11-20 22:22:50	27.955744034000002	70.5452851765	69.98444	1	0	0	0	0
2024-11-20 22:23:00	27.8135652505	70.54588755	69.98444	1	0	0	0	0
2024-11-20 22:23:10	27.6856804005	70.54415255	69.98444	1	0	0	0	0
2024-11-20 22:23:20	27.552752226	70.54114455	69.98444	1	0	0	0	0
2024-11-20 22:23:30	27.417340026	70.53750955	69.98444	1	0	0	0	0
2024-11-20 22:23:40	27.3323048245	70.53451105	69.98444	1	0	0	0	0
2024-11-20 22:23:50	27.2720821745	70.53182605	69.98444	1	0	0	0	0
2024-11-20 22:24:00	27.2192376315	70.5238648	69.98444	1	0	0	0	0
2024-11-20 22:24:10	27.170027081500002	70.5133048	69.98444	1	0	0	0	0
2024-11-20 22:24:20	27.1187399	70.50655710000001	69.98444	1	0	0	0	0
2024-11-20 22:24:30	27.0664299	70.5016871	69.98444	1	0	0	0	0
2024-11-20 22:24:40	26.9997017345	70.49628444999999	69.98444	1	0	0	0	0
2024-11-20 22:24:50	26.9258720845	70.49061945	69.98444	1	0	0	0	0
2024-11-20 22:25:00	26.806632079	70.4837451	69.98444	1	0	0	0	0
2024-11-20 22:25:10	26.665025779	70.4762751	69.98444	1	0	0	0	0
2024-11-20 22:25:20	26.618093762	70.47434265	69.98444	1	0	0	0	0
2024-11-20 22:25:30	26.617792362000003	70.47513765	69.98444	1	0	0	0	0
2024-11-20 22:25:40	26.563772841000002	70.46760454999999	69.98444	1	0	0	0	0
2024-11-20 22:25:50	26.483295141	70.45596954999999	69.98444	1	0	0	0	0
2024-11-20 22:26:00	26.372542150999998	70.4501133	69.98444	1	0	0	0	0
2024-11-20 22:26:10	26.246877451	70.44710330000001	69.98444	1	0	0	0	0
2024-11-20 22:26:20	26.203525065	70.44157745	69.98444	1	0	0	0	0
2024-11-20 22:26:30	26.200714565000002	70.43481245	69.98444	1	0	0	0	0
2024-11-20 22:26:40	26.167348949500003	70.4243323	69.98444	1	0	0	0	0
2024-11-20 22:26:50	26.118933799500002	70.4120223	69.98444	1	0	0	0	0
2024-11-20 22:27:00	26.0671691855	70.40080775	69.98444	1	0	0	0	0
2024-11-20 22:27:10	26.0137548355	70.39013275	69.98444	1	0	0	0	0
2024-11-20 22:27:20	25.966482811	70.384095691	69.98444	1	0	0	0	0
2024-11-20 22:27:30	25.922236111	70.380342991	69.98444	1	0	0	0	0
2024-11-20 22:27:40	25.926604845499998	70.367110059	69.98444	1	0	0	0	0
2024-11-20 22:27:50	25.9549184955	70.349207759	69.98444	1	0	0	0	0
2024-11-20 22:28:00	25.990077971	70.33049770699999	69.98444	1	0	0	0	0
2024-11-20 22:28:10	26.028609271	70.311389807	69.98444	1	0	0	0	0
2024-11-20 22:28:20	26.022091848	70.306451603	69.98444	1	0	0	0	0
2024-11-20 22:28:30	25.993386248	70.308492503	69.98444	1	0	0	0	0
2024-11-20 22:28:40	25.969236447	70.30218259	69.98444	1	0	0	0	0
2024-11-20 22:28:50	25.947330547	70.29175959	69.98444	1	0	0	0	0
2024-11-20 22:29:00	25.945360563999998	70.28153625	69.98444	1	0	0	0	0
2024-11-20 22:29:10	25.953209764	70.27141125	69.98444	1	0	0	0	0
2024-11-20 22:29:20	25.94082885	70.26245205	69.98444	1	0	0	0	0
2024-11-20 22:29:30	25.91848385	70.25406705	69.98444	1	0	0	0	0
2024-11-20 22:29:40	25.908341995500002	70.24524655	69.98444	1	0	0	0	0
2024-11-20 22:29:50	25.9042106455	70.23621155000001	69.98444	1	0	0	0	0
2024-11-20 22:30:00	25.925165904500002	70.22691726000001	69.98444	1	0	0	0	0
2024-11-20 22:30:10	25.9584772545	70.21749526	69.98444	1	0	0	0	0
2024-11-20 22:30:20	25.926841250000003	70.21567709	69.98444	1	0	0	0	0
2024-11-20 22:30:30	25.86321625	70.21760409	69.98444	1	0	0	0	0
2024-11-20 22:30:40	25.899134356	70.20087695	69.98444	1	0	0	0	0
2024-11-20 22:30:50	25.984081156	70.17496195	69.98444	1	0	0	0	0
2024-11-20 22:31:00	26.076238094	70.1589998	69.98444	1	0	0	0	0
2024-11-20 22:31:10	26.171946294	70.1479398	69.98444	1	0	0	0	0
2024-11-20 22:31:20	26.1948401	70.1368999	69.98444	1	0	0	0	0
2024-11-20 22:31:30	26.181870099999998	70.1258699	69.98444	1	0	0	0	0
2024-11-20 22:31:40	26.192740241	70.1223104	69.98444	1	0	0	0	0
2024-11-20 22:31:50	26.215352540999998	70.12243040000001	69.98444	1	0	0	0	0
2024-11-20 22:32:00	26.218989771	70.1134317	69.98444	1	0	0	0	0
2024-11-20 22:32:10	26.213281071	70.0999417	69.98444	1	0	0	0	0
2024-11-20 22:32:20	26.2626393695	70.08896219	69.98444	1	0	0	0	0
2024-11-20 22:32:30	26.3391202195	70.07921919	69.98444	1	0	0	0	0
2024-11-20 22:32:40	26.440649655999998	70.0613181025	69.98444	1	0	0	0	0
2024-11-20 22:32:50	26.554516455999998	70.0393988525	69.98444	1	0	0	0	0
2024-11-20 22:33:00	26.6289407915	70.03014025750001	69.98444	1	0	0	0	0
2024-11-20 22:33:10	26.683938241499998	70.02711750750001	69.98444	1	0	0	0	0
2024-11-20 22:33:20	26.696784015	70.02705645900001	69.98444	1	0	0	0	0
2024-11-20 22:33:30	26.688868515	70.028454159	69.98444	1	0	0	0	0
2024-11-20 22:33:40	26.729636756	70.022243741	69.98444	1	0	0	0	0
2024-11-20 22:33:50	26.794383556	70.012286041	69.98444	1	0	0	0	0
2024-11-20 22:34:00	26.7938860575	70.01073195	69.98444	1	0	0	0	0
2024-11-20 22:34:10	26.7612533075	70.01331694999999	69.98444	1	0	0	0	0
2024-11-20 22:34:20	26.804802003	70.00482684999999	69.98444	1	0	0	0	0
2024-11-20 22:34:30	26.885872903	69.99088185	69.98444	1	0	0	0	0
2024-11-20 22:34:40	26.894313659	69.9898578	69.98444	1	0	0	0	0
2024-11-20 22:34:50	26.866981359	69.9951978	69.98444	1	0	0	0	0
2024-11-20 22:35:00	26.929200187	69.98523835	69.98444	1	0	0	0	0
2024-11-20 22:35:10	27.035526287	69.96774334999999	69.98444	1	0	0	0	0
2024-11-20 22:35:20	27.093850371000002	69.9603285	69.98444	1	0	0	0	0
2024-11-20 22:35:30	27.128531671	69.9578785	69.98444	1	0	0	0	0
2024-11-20 22:35:40	27.168752129	69.94975695	69.98444	1	0	0	0	0
2024-11-20 22:35:50	27.211700829	69.93884195	69.98444	1	0	0	0	0
2024-11-20 22:36:00	27.2605554785	69.9340608	69.98444	1	0	0	0	0
2024-11-20 22:36:10	27.3123190285	69.9323008	69.98444	1	0	0	0	0
2024-11-20 22:36:20	27.3515614845	69.9306011	69.98444	1	0	0	0	0
2024-11-20 22:36:30	27.3846368345	69.9289311	69.98444	1	0	0	0	0
2024-11-20 22:36:40	27.4173313565	69.9201859	69.98444	1	0	0	0	0
2024-11-20 22:36:50	27.4498383065	69.9079559	69.98444	1	0	0	0	0
2024-11-20 22:37:00	27.514920824	69.9052399	69.98444	1	0	0	0	0
2024-11-20 22:37:10	27.596048024	69.9072099	69.98444	1	0	0	0	0
2024-11-20 22:37:20	27.619949753500002	69.91906575	69.98444	1	0	0	0	0
2024-11-20 22:37:30	27.6156658035	69.93579075	69.98444	1	0	0	0	0
2024-11-20 22:37:40	27.5525149835	69.9411023	69.98444	1	0	0	0	0
2024-11-20 22:37:50	27.4603700335	69.9407923	69.98444	1	0	0	0	0
2024-11-20 22:38:00	27.497264035	69.92975895000001	69.98444	1	0	0	0	0
2024-11-20 22:38:10	27.597714535	69.91344395	69.98444	1	0	0	0	0
2024-11-20 22:38:20	27.711113589	69.9010665735	69.98444	1	0	0	0	0
2024-11-20 22:38:30	27.830890289	69.8906286235	69.98444	1	0	0	0	0
2024-11-20 22:38:40	27.850421589	69.8882279265	69.98444	1	0	0	0	0
2024-11-20 22:38:50	27.820578289	69.8897858765	69.98444	1	0	0	0	0
2024-11-20 22:39:00	27.835209254	69.8886585	69.98444	1	0	0	0	0
2024-11-20 22:39:10	27.871745454	69.88620850000001	69.98444	1	0	0	0	0
2024-11-20 22:39:20	27.9736193505	69.87850905	69.98444	1	0	0	0	0
2024-11-20 22:39:30	28.1076745005	69.86822405	69.98444	1	0	0	0	0
2024-11-20 22:39:40	28.132039059500002	69.868247	69.98444	1	0	0	0	0
2024-11-20 22:39:50	28.102376909500002	69.873347	69.98444	1	0	0	0	0
2024-11-20 22:40:00	28.1079643975	69.8798205	69.98444	1	0	0	0	0
2024-11-20 22:40:10	28.1309136475	69.8869705	69.98444	1	0	0	0	0
2024-11-20 22:40:20	28.094771678	69.89175205	69.98444	1	0	0	0	0
2024-11-20 22:40:30	28.029525078	69.89536704999999	69.98444	1	0	0	0	0
2024-11-20 22:40:40	28.0383577985	69.89793685	69.98444	1	0	0	0	0
2024-11-20 22:40:50	28.0836773485	69.89999185	69.98444	1	0	0	0	0
2024-11-20 22:41:00	28.126919262	69.8958728	69.98444	1	0	0	0	0
2024-11-20 22:41:10	28.169137862	69.8887128	69.98444	1	0	0	0	0
2024-11-20 22:41:20	28.230151637	69.88372855799999	69.98444	1	0	0	0	0
2024-11-20 22:41:30	28.300422736999998	69.879815958	69.98444	1	0	0	0	0
2024-11-20 22:41:40	28.345085800499998	69.875099492	69.98444	1	0	0	0	0
2024-11-20 22:41:50	28.377135950499998	69.869987092	69.98444	1	0	0	0	0
2024-11-20 22:42:00	28.3724611225	69.8727153	69.98444	1	0	0	0	0
2024-11-20 22:42:10	28.349697872500002	69.8793053	69.98444	1	0	0	0	0
2024-11-20 22:42:20	28.331272537500002	69.8873224	69.98444	1	0	0	0	0
2024-11-20 22:42:30	28.3149837875	69.8960424	69.98444	1	0	0	0	0
2024-11-20 22:42:40	28.304951095499998	69.89911765000001	69.98444	1	0	0	0	0
2024-11-20 22:42:50	28.2979997455	69.89941265	69.98444	1	0	0	0	0
2024-11-20 22:43:00	28.368001145	69.89036785	69.98444	1	0	0	0	0
2024-11-20 22:43:10	28.475904645	69.87672285	69.98444	1	0	0	0	0
2024-11-20 22:43:20	28.504084912	69.87905065	69.98444	1	0	0	0	0
2024-11-20 22:43:30	28.492998512	69.88924565	69.98444	1	0	0	0	0
2024-11-20 22:43:40	28.473744812	69.8949098085	69.98444	1	0	0	0	0
2024-11-20 22:43:50	28.450468412	69.8983423585	69.98444	1	0	0	0	0
2024-11-20 22:44:00	28.413463946500002	69.9053224915	69.98444	1	0	0	0	0
2024-11-20 22:44:10	28.3696978965	69.9140499415	69.98444	1	0	0	0	0
2024-11-20 22:44:20	28.360193000000002	69.918305443	69.98444	1	0	0	0	0
2024-11-20 22:44:30	28.367563	69.920358343	69.98444	1	0	0	0	0
2024-11-20 22:44:40	28.361775506500003	69.918809457	69.98444	1	0	0	0	0
2024-11-20 22:44:50	28.349507456500003	69.915486557	69.98444	1	0	0	0	0
2024-11-20 22:45:00	28.3647128235	69.918806707	69.98444	1	0	0	0	0
2024-11-20 22:45:10	28.3934498735	69.925398807	69.98444	1	0	0	0	0
2024-11-20 22:45:20	28.402112685	69.9234439515	69.98444	1	0	0	0	0
2024-11-20 22:45:30	28.400888185	69.91727940150001	69.98444	1	0	0	0	0
2024-11-20 22:45:40	28.466674137	69.913422767	69.98444	1	0	0	0	0
2024-11-20 22:45:50	28.565465236999998	69.910702867	69.98444	1	0	0	0	0
2024-11-20 22:46:00	28.583817477	69.9133009245	69.98444	1	0	0	0	0
2024-11-20 22:46:10	28.562550577	69.9185182745	69.98444	1	0	0	0	0
2024-11-20 22:46:20	28.5377230625	69.92511760000001	69.98444	1	0	0	0	0
2024-11-20 22:46:30	28.5111418125	69.9323976	69.98444	1	0	0	0	0
2024-11-20 22:46:40	28.4846627375	69.93651724349999	69.98444	1	0	0	0	0
2024-11-20 22:46:50	28.4582339875	69.9390802935	69.98444	1	0	0	0	0
2024-11-20 22:47:00	28.4559537125	69.9401987565	69.98444	1	0	0	0	0
2024-11-20 22:47:10	28.4655674625	69.94060570650001	69.98444	1	0	0	0	0
2024-11-20 22:47:20	28.446491511	69.94569130000001	69.98444	1	0	0	0	0
2024-11-20 22:47:30	28.413284811	69.95308130000001	69.98444	1	0	0	0	0
2024-11-20 22:47:40	28.4064127625	69.95261555	69.98444	1	0	0	0	0
2024-11-20 22:47:50	28.4125115125	69.94828054999999	69.98444	1	0	0	0	0
2024-11-20 22:48:00	28.380533258	69.9504396255	69.98444	1	0	0	0	0
2024-11-20 22:48:10	28.329800658	69.9557972755	69.98444	1	0	0	0	0
2024-11-20 22:48:20	28.274739690500002	69.96539247449999	69.98444	1	0	0	0	0
2024-11-20 22:48:30	28.217546840500003	69.9770748245	69.98444	1	0	0	0	0
2024-11-20 22:48:40	28.1731907885	69.98795495	69.98444	1	0	0	0	0
2024-11-20 22:48:50	28.1351573385	69.99843995	69.98444	1	0	0	0	0
2024-11-20 22:49:00	28.133754899	69.9930643415	69.98444	1	0	0	0	0
2024-11-20 22:49:10	28.150394599	69.9798767915	69.98444	1	0	0	0	0
2024-11-20 22:49:20	28.1486353955	69.9786655585	69.98444	1	0	0	0	0
2024-11-20 22:49:30	28.1378140455	69.9833531085	69.98444	1	0	0	0	0
2024-11-20 22:49:40	28.2317108815	69.97728545	69.98444	1	0	0	0	0
2024-11-20 22:49:50	28.3771853315	69.96592045	69.98444	1	0	0	0	0
2024-11-20 22:50:00	28.3476474735	69.97324845	69.98444	1	0	0	0	0
2024-11-20 22:50:10	28.2319095235	69.98978344999999	69.98444	1	0	0	0	0
2024-11-20 22:50:20	28.1584830115	69.99852299999999	69.98444	1	0	0	0	0
2024-11-20 22:50:30	28.1058964615	70.003423	69.98444	1	0	0	0	0
2024-11-20 22:50:40	28.120429674	70.0057837	69.98444	1	0	0	0	0
2024-11-20 22:50:50	28.168021874	70.0068937	69.98444	1	0	0	0	0
2024-11-20 22:51:00	28.1355125255	70.00930685	69.98444	1	0	0	0	0
2024-11-20 22:51:10	28.0635501755	70.01236184999999	69.98444	1	0	0	0	0
2024-11-20 22:51:20	28.0210311765	70.01345375	69.98444	1	0	0	0	0
2024-11-20 22:51:30	27.9930141265	70.01357875000001	69.98444	1	0	0	0	0
2024-11-20 22:51:40	28.0051877635	70.00925665850001	69.98444	1	0	0	0	0
2024-11-20 22:51:50	28.0371568135	70.0027442085	69.98444	1	0	0	0	0
2024-11-20 22:52:00	28.075668212500002	69.9932501915	69.98444	1	0	0	0	0
2024-11-20 22:52:10	28.1174019625	69.9822876415	69.98444	1	0	0	0	0
2024-11-20 22:52:20	28.06872005	69.9906965	69.98444	1	0	0	0	0
2024-11-20 22:52:30	27.975505050000002	70.0086465	69.98444	1	0	0	0	0
2024-11-20 22:52:40	28.004766251	70.0082117	69.98444	1	0	0	0	0
2024-11-20 22:52:50	28.094351551	69.9987217	69.98444	1	0	0	0	0
2024-11-20 22:53:00	28.0597111795	70.0009011235	69.98444	1	0	0	0	0
2024-11-20 22:53:10	27.9638850295	70.0088281735	69.98444	1	0	0	0	0
2024-11-20 22:53:20	27.977959683	70.00590852650001	69.98444	1	0	0	0	0
2024-11-20 22:53:30	28.046164583000003	69.9976464765	69.98444	1	0	0	0	0
2024-11-20 22:53:40	28.067685625000003	69.99571395	69.98444	1	0	0	0	0
2024-11-20 22:53:50	28.066213125	69.99689895	69.98444	1	0	0	0	0
2024-11-20 22:54:00	28.0265658675	70.0026245735	69.98444	1	0	0	0	0
2024-11-20 22:54:10	27.9681161175	70.0105866235	69.98444	1	0	0	0	0
2024-11-20 22:54:20	27.954009681	70.0104221765	69.98444	1	0	0	0	0
2024-11-20 22:54:30	27.961743981	70.0062551265	69.98444	1	0	0	0	0
2024-11-20 22:54:40	27.997859682	69.999855	69.98444	1	0	0	0	0
2024-11-20 22:54:50	28.047954282	69.992355	69.98444	1	0	0	0	0
2024-11-20 22:55:00	28.0909185075	69.98558865	69.98444	1	0	0	0	0
2024-11-20 22:55:10	28.1303707575	69.97918365	69.98444	1	0	0	0	0
2024-11-20 22:55:20	28.11539539	69.9803597	69.98444	1	0	0	0	0
2024-11-20 22:55:30	28.073612389999997	69.9852697	69.98444	1	0	0	0	0
2024-11-20 22:55:40	28.0708920985	69.98850134999999	69.98444	1	0	0	0	0
2024-11-20 22:55:50	28.087411648499998	69.99090634999999	69.98444	1	0	0	0	0
2024-11-20 22:56:00	28.0623967595	69.9930467	69.98444	1	0	0	0	0
2024-11-20 22:56:10	28.0169246095	69.9950567	69.98444	1	0	0	0	0
2024-11-20 22:56:20	27.928804313	70.0058839	69.98444	1	0	0	0	0
2024-11-20 22:56:30	27.819678213	70.0210539	69.98444	1	0	0	0	0
2024-11-20 22:56:40	27.7896964995	70.020289558	69.98444	1	0	0	0	0
2024-11-20 22:56:50	27.798696349500002	70.011676958	69.98444	1	0	0	0	0
2024-11-20 22:57:00	27.815191489500002	70.009968842	69.98444	1	0	0	0	0
2024-11-20 22:57:10	27.8353783395	70.011661442	69.98444	1	0	0	0	0
2024-11-20 22:57:20	30.2036426	70.0215464	70.31943665	1	0	0	0	0
2024-11-20 22:57:30	33.728422599999995	70.0354664	70.81943165	1	0	0	0	0
2024-11-20 22:57:40	34.8586237055	70.0651046	70.98443	1	0	0	0	0
2024-11-20 22:57:50	34.809405355500004	70.1024846	70.98443	1	0	0	0	0
2024-11-20 22:58:00	34.692248235	70.1440387	70.98443	1	0	0	0	0
2024-11-20 22:58:10	34.541628735	70.1876487	70.98443	1	0	0	0	0
2024-11-20 22:58:20	34.505729717	70.21869955	70.98443	1	0	0	0	0
2024-11-20 22:58:30	34.526334817000006	70.24356454999999	70.98443	1	0	0	0	0
2024-11-20 22:58:40	34.5564054425	70.27308939999999	70.98443	1	0	0	0	0
2024-11-20 22:58:50	34.591138192500004	70.3049094	70.98443	1	0	0	0	0
2024-11-20 22:59:00	34.4382513785	70.3446708095	70.98443	1	0	0	0	0
2024-11-20 22:59:10	34.1929549285	70.3883436595	70.98443	1	0	0	0	0
2024-11-20 22:59:20	34.057887046	70.4218621905	70.98443	1	0	0	0	0
2024-11-20 22:59:30	33.977110846	70.45037934049999	70.98443	1	0	0	0	0
2024-11-20 22:59:40	33.8342282255	70.49093495	70.98443	1	0	0	0	0
2024-11-20 22:59:50	33.6607558755	70.53741995	70.98443	1	0	0	0	0
2024-11-20 23:00:00	33.56279745	70.56679834250001	70.98443	1	0	0	0	0
2024-11-20 23:00:10	33.50203245	70.5877510925	70.98443	1	0	0	0	0
2024-11-20 23:00:20	33.420351926	70.60871499800001	70.98443	1	0	0	0	0
2024-11-20 23:00:30	33.328369726	70.62968439800001	70.98443	1	0	0	0	0
2024-11-20 23:00:40	33.2052498455	70.6557950095	70.98443	1	0	0	0	0
2024-11-20 23:00:50	33.0667934955	70.6844378595	70.98443	1	0	0	0	0
2024-11-20 23:01:00	32.967444978500005	70.7109817	70.98443	1	0	0	0	0
2024-11-20 23:01:10	32.8873585285	70.7364917	70.98443	1	0	0	0	0
2024-11-20 23:01:20	32.745323108	70.768528974	70.98443	1	0	0	0	0
2024-11-20 23:01:30	32.572775508	70.803781174	70.98443	1	0	0	0	0
2024-11-20 23:01:40	32.424786892	70.830330476	70.98443	1	0	0	0	0
2024-11-20 23:01:50	32.288894492000004	70.852593276	70.98443	1	0	0	0	0
2024-11-20 23:02:00	32.1619807955	70.87142045	70.98443	1	0	0	0	0
2024-11-20 23:02:10	32.0394894455	70.88855545	70.98443	1	0	0	0	0
2024-11-20 23:02:20	31.9487465145	70.9089115085	70.98443	1	0	0	0	0
2024-11-20 23:02:30	31.8736408645	70.9308540585	70.98443	1	0	0	0	0
2024-11-20 23:02:40	31.712875346	70.9536440915	70.98443	1	0	0	0	0
2024-11-20 23:02:50	31.509919146	70.9768515415	70.98443	1	0	0	0	0
2024-11-20 23:03:00	31.3404732975	70.9991964	70.98443	1	0	0	0	0
2024-11-20 23:03:10	31.187532547500002	71.0211164	70.98443	1	0	0	0	0
2024-11-20 23:03:20	31.0958563965	71.0422056	70.98443	1	0	0	0	0
2024-11-20 23:03:30	31.0343553465	71.0628856	70.98443	1	0	0	0	0
2024-11-20 23:03:40	30.894288857	71.07887225	70.98443	1	0	0	0	0
2024-11-20 23:03:50	30.715525957	71.09254725	70.98443	1	0	0	0	0
2024-11-20 23:04:00	30.556380121	71.11004795	70.98443	1	0	0	0	0
2024-11-20 23:04:10	30.406896421	71.12943295	70.98443	1	0	0	0	0
2024-11-20 23:04:20	30.263826631	71.14223855	70.98443	1	0	0	0	0
2024-11-20 23:04:30	30.123915931000003	71.15180355	70.98443	1	0	0	0	0
2024-11-20 23:04:40	30.077521151000003	71.15222975	70.98443	1	0	0	0	0
2024-11-20 23:04:50	30.077186451000003	71.14815475	70.98443	1	0	0	0	0
2024-11-20 23:05:00	30.038993870000002	71.1472991	70.98443	1	0	0	0	0
2024-11-20 23:05:10	29.982154870000002	71.1480291	70.98443	1	0	0	0	0
2024-11-20 23:05:20	29.798219349	71.1698708	70.98443	1	0	0	0	0
2024-11-20 23:05:30	29.551684049	71.2021108	70.98443	1	0	0	0	0
2024-11-20 23:05:40	29.455772521	71.21093765	70.98443	1	0	0	0	0
2024-11-20 23:05:50	29.434048821	71.20823265	70.98443	1	0	0	0	0
2024-11-20 23:06:00	29.390014422500002	71.2096649	70.98443	1	0	0	0	0
2024-11-20 23:06:10	29.3349911725	71.2131349	70.98443	1	0	0	0	0
2024-11-20 23:06:20	29.180244553	71.2240888	70.98443	1	0	0	0	0
2024-11-20 23:06:30	28.976380453	71.2387288	70.98443	1	0	0	0	0
2024-11-20 23:06:40	28.881065733	71.24933205	70.98443	1	0	0	0	0
2024-11-20 23:06:50	28.839215633000002	71.25794705	70.98443	1	0	0	0	0
2024-11-20 23:07:00	28.674775599500002	71.2711098425	70.98443	1	0	0	0	0
2024-11-20 23:07:10	28.4499554495	71.2865125925	70.98443	1	0	0	0	0
2024-11-20 23:07:20	28.328882287	71.2907327075	70.98443	1	0	0	0	0
2024-11-20 23:07:30	28.258908387	71.2894449575	70.98443	1	0	0	0	0
2024-11-20 23:07:40	28.191149708	71.2890853585	70.98443	1	0	0	0	0
2024-11-20 23:07:50	28.124482108	71.28918290850001	70.98443	1	0	0	0	0
2024-11-20 23:08:00	28.1275029165	71.2788752915	70.98443	1	0	0	0	0
2024-11-20 23:08:10	28.1648478665	71.2634427415	70.98443	1	0	0	0	0
2024-11-20 23:08:20	28.1329176305	71.263396641	70.98443	1	0	0	0	0
2024-11-20 23:08:30	28.0668667805	71.270928941	70.98443	1	0	0	0	0
2024-11-20 23:08:40	27.9926408585	71.272471709	70.98443	1	0	0	0	0
2024-11-20 23:08:50	27.914388408500002	71.271064409	70.98443	1	0	0	0	0
2024-11-20 23:09:00	27.861951695000002	71.2637459	70.98443	1	0	0	0	0
2024-11-20 23:09:10	27.822230195	71.2535159	70.98443	1	0	0	0	0
2024-11-20 23:09:20	27.767735496500002	71.2540528	70.98443	1	0	0	0	0
2024-11-20 23:09:30	27.7059644465	71.2598928	70.98443	1	0	0	0	0
2024-11-20 23:09:40	27.6656207	71.2567615	70.98443	1	0	0	0	0
2024-11-20 23:09:50	27.6358307	71.2492115	70.98443	1	0	0	0	0
2024-11-20 23:10:00	27.5638684545	71.25097785	70.98443	1	0	0	0	0
2024-11-20 23:10:10	27.4711348045	71.25733285	70.98443	1	0	0	0	0
2024-11-20 23:10:20	27.4033333955	71.2611117	70.98443	1	0	0	0	0
2024-11-20 23:10:30	27.3478120455	71.2636217	70.98443	1	0	0	0	0
2024-11-20 23:10:40	27.30060295	71.2611067	70.98443	1	0	0	0	0
2024-11-20 23:10:50	27.257487949999998	71.25611669999999	70.98443	1	0	0	0	0
2024-11-20 23:11:00	27.213116164	71.2502691	70.98443	1	0	0	0	0
2024-11-20 23:11:10	27.168125364	71.2439991	70.98443	1	0	0	0	0
2024-11-20 23:11:20	27.134318472	71.242742107	70.98443	1	0	0	0	0
2024-11-20 23:11:30	27.106020072	71.243954207	70.98443	1	0	0	0	0
2024-11-20 23:11:40	27.055140126	71.238121793	70.98443	1	0	0	0	0
2024-11-20 23:11:50	26.993137926	71.228819693	70.98443	1	0	0	0	0
2024-11-20 23:12:00	26.964587888	71.2233112	70.98443	1	0	0	0	0
2024-11-20 23:12:10	26.952514288	71.2196712	70.98443	1	0	0	0	0
2024-11-20 23:12:20	26.976440558500002	71.21233775799999	70.98443	1	0	0	0	0
2024-11-20 23:12:30	27.018098108500002	71.203185158	70.98443	1	0	0	0	0
2024-11-20 23:12:40	27.0226331695	71.199231892	70.98443	1	0	0	0	0
2024-11-20 23:12:50	27.0088840195	71.197839492	70.98443	1	0	0	0	0
2024-11-20 23:13:00	26.978496324	71.1911539915	70.98443	1	0	0	0	0
2024-11-20 23:13:10	26.939913524	71.1818614415	70.98443	1	0	0	0	0
2024-11-20 23:13:20	26.9373100255	71.1773815015	70.98443	1	0	0	0	0
2024-11-20 23:13:30	26.9524276755	71.1752719515	70.98443	1	0	0	0	0
2024-11-20 23:13:40	26.9882879225	71.163726557	70.98443	1	0	0	0	0
2024-11-20 23:13:50	27.0343646725	71.147533657	70.98443	1	0	0	0	0
2024-11-20 23:14:00	27.01177865	71.14257190000001	70.98443	1	0	0	0	0
2024-11-20 23:14:10	26.95537365	71.1431419	70.98443	1	0	0	0	0
2024-11-20 23:14:20	26.955001688	71.1411659	70.98443	1	0	0	0	0
2024-11-20 23:14:30	26.982228088	71.1379359	70.98443	1	0	0	0	0
2024-11-20 23:14:40	26.9834705145	71.1409521425	70.98443	1	0	0	0	0
2024-11-20 23:14:50	26.9719148645	71.1470448925	70.98443	1	0	0	0	0
2024-11-20 23:15:00	26.9626304475	71.1392783575	70.98443	1	0	0	0	0
2024-11-20 23:15:10	26.9544646975	71.12468560750001	70.98443	1	0	0	0	0
2024-11-20 23:15:20	26.982719645	71.1073812	70.98443	1	0	0	0	0
2024-11-20 23:15:30	27.028913144999997	71.0887412	70.98443	1	0	0	0	0
2024-11-20 23:15:40	27.0368721905	71.0817525	70.98443	1	0	0	0	0
2024-11-20 23:15:50	27.0259993405	71.0805025	70.98443	1	0	0	0	0
2024-11-20 23:16:00	27.0291887855	71.08178845	70.98443	1	0	0	0	0
2024-11-20 23:16:10	27.0393044355	71.08432345	70.98443	1	0	0	0	0
2024-11-20 23:16:20	27.014001775	71.0871584425	70.98443	1	0	0	0	0
2024-11-20 23:16:30	26.971254275	71.0901411925	70.98443	1	0	0	0	0
2024-11-20 23:16:40	26.9486021185	71.0866413575	70.98443	1	0	0	0	0
2024-11-20 23:16:50	26.9358476685	71.0799486075	70.98443	1	0	0	0	0
2024-11-20 23:17:00	26.987211146499998	71.06680225000001	70.98443	1	0	0	0	0
2024-11-20 23:17:10	27.0701550965	71.05047725	70.98443	1	0	0	0	0
2024-11-20 23:17:20	27.207047178499998	71.03354590000001	70.98443	1	0	0	0	0
2024-11-20 23:17:30	27.3705107285	71.01631590000001	70.98443	1	0	0	0	0
2024-11-20 23:17:40	27.3542465105	71.016862943	70.98443	1	0	0	0	0
2024-11-20 23:17:50	27.2494596605	71.026165843	70.98443	1	0	0	0	0
2024-11-20 23:18:00	27.235359354	71.02766270699999	70.98443	1	0	0	0	0
2024-11-20 23:18:10	27.265925554	71.025314807	70.98443	1	0	0	0	0
2024-11-20 23:18:20	27.262089431499998	71.0247678	70.98443	1	0	0	0	0
2024-11-20 23:18:30	27.2413088815	71.0251078	70.98443	1	0	0	0	0
2024-11-20 23:18:40	27.262569458	71.0159539	70.98443	1	0	0	0	0
2024-11-20 23:18:50	27.304536858000002	71.0021239	70.98443	1	0	0	0	0
2024-11-20 23:19:00	27.3451585965	70.995440723	70.98443	1	0	0	0	0
2024-11-20 23:19:10	27.3851175465	70.992277623	70.98443	1	0	0	0	0
2024-11-20 23:19:20	27.3963072325	70.989406777	70.98443	1	0	0	0	0
2024-11-20 23:19:30	27.3933269825	70.986679877	70.98443	1	0	0	0	0
2024-11-20 23:19:40	27.4351462825	70.9832474	70.98443	1	0	0	0	0
2024-11-20 23:19:50	27.4990310325	70.97946739999999	70.98443	1	0	0	0	0
2024-11-20 23:20:00	27.592431795	70.96669265	70.98443	1	0	0	0	0
2024-11-20 23:20:10	27.700370295	70.94948765	70.98443	1	0	0	0	0
2024-11-20 23:20:20	27.738010586	70.94950835	70.98443	1	0	0	0	0
2024-11-20 23:20:30	27.741026386	70.95801335	70.98443	1	0	0	0	0
2024-11-20 23:20:40	27.701171164	70.9591367255	70.98443	1	0	0	0	0
2024-11-20 23:20:50	27.640200364000002	70.9566243755	70.98443	1	0	0	0	0
2024-11-20 23:21:00	27.6897009395	70.9486412745	70.98443	1	0	0	0	0
2024-11-20 23:21:10	27.7936127895	70.9379636245	70.98443	1	0	0	0	0
2024-11-20 23:21:20	27.86488234	70.9330464	70.98443	1	0	0	0	0
2024-11-20 23:21:30	27.92007434	70.9309664	70.98443	1	0	0	0	0
2024-11-20 23:21:40	27.893174456	70.9372078	70.98443	1	0	0	0	0
2024-11-20 23:21:50	27.825841256	70.9475478	70.98443	1	0	0	0	0
2024-11-20 23:22:00	27.8317496755	70.94919589	70.98443	1	0	0	0	0
2024-11-20 23:22:10	27.8737323255	70.94656289	70.98443	1	0	0	0	0
2024-11-20 23:22:20	27.8954943755	70.94700251	70.98443	1	0	0	0	0
2024-11-20 23:22:30	27.9072970255	70.94895551	70.98443	1	0	0	0	0
2024-11-20 23:22:40	27.9011627705	70.9460892	70.98443	1	0	0	0	0
2024-11-20 23:22:50	27.886193920500002	70.9408492	70.98443	1	0	0	0	0
2024-11-20 23:23:00	27.856507214	70.9424633	70.98443	1	0	0	0	0
2024-11-20 23:23:10	27.819571414000002	70.9474533	70.98443	1	0	0	0	0
2024-11-20 23:23:20	27.772725309000002	70.9623526	70.98443	1	0	0	0	0
2024-11-20 23:23:30	27.720998009000002	70.9821326	70.98443	1	0	0	0	0
2024-11-20 23:23:40	27.781479428	70.97575245	70.98443	1	0	0	0	0
2024-11-20 23:23:50	27.897227828	70.95648745	70.98443	1	0	0	0	0
2024-11-20 23:24:00	27.8916942685	70.95671275	70.98443	1	0	0	0	0
2024-11-20 23:24:10	27.826424818499998	70.96653775	70.98443	1	0	0	0	0
2024-11-20 23:24:20	27.7973296735	70.9660414	70.98443	1	0	0	0	0
2024-11-20 23:24:30	27.7860517235	70.9604614	70.98443	1	0	0	0	0
2024-11-20 23:24:40	27.816530150000002	70.9600021095	70.98443	1	0	0	0	0
2024-11-20 23:24:50	27.86757515	70.9620649595	70.98443	1	0	0	0	0
2024-11-20 23:25:00	27.890789958	70.9602346405	70.98443	1	0	0	0	0
2024-11-20 23:25:10	27.900297358	70.95648679050001	70.98443	1	0	0	0	0
2024-11-20 23:25:20	27.9154913495	70.95677425000001	70.98443	1	0	0	0	0
2024-11-20 23:25:30	27.933486199500003	70.95904925	70.98443	1	0	0	0	0
2024-11-20 23:25:40	27.921542535	70.95955545	70.98443	1	0	0	0	0
2024-11-20 23:25:50	27.894853035	70.95919045	70.98443	1	0	0	0	0
2024-11-20 23:26:00	27.9353496945	70.9525622565	70.98443	1	0	0	0	0
2024-11-20 23:26:10	28.008938044500002	70.9428492065	70.98443	1	0	0	0	0
2024-11-20 23:26:20	28.0716480735	70.9370999435	70.98443	1	0	0	0	0
2024-11-20 23:26:30	28.129000123500003	70.9333029935	70.98443	1	0	0	0	0
2024-11-20 23:26:40	28.164516304	70.9259061	70.98443	1	0	0	0	0
2024-11-20 23:26:50	28.189277504	70.9167361	70.98443	1	0	0	0	0
2024-11-20 23:27:00	28.206626762	70.91867135	70.98443	1	0	0	0	0
2024-11-20 23:27:10	28.220325361999997	70.92607635	70.98443	1	0	0	0	0
2024-11-20 23:27:20	28.211769543499997	70.9338867	70.98443	1	0	0	0	0
2024-11-20 23:27:30	28.192252593499997	70.9418967	70.98443	1	0	0	0	0
2024-11-20 23:27:40	28.225622729999998	70.93819845	70.98443	1	0	0	0	0
2024-11-20 23:27:50	28.28504173	70.92873345000001	70.98443	1	0	0	0	0
2024-11-20 23:28:00	28.2548154	70.9302397	70.98443	1	0	0	0	0
2024-11-20 23:28:10	28.1804354	70.9371497	70.98443	1	0	0	0	0
2024-11-20 23:28:20	28.250756506	70.92686415	70.98443	1	0	0	0	0
2024-11-20 23:28:30	28.392348306	70.90810915	70.98443	1	0	0	0	0
2024-11-20 23:28:40	28.3862257085	70.9133904	70.98443	1	0	0	0	0
2024-11-20 23:28:50	28.3073482585	70.9305104	70.98443	1	0	0	0	0
2024-11-20 23:29:00	28.251851698	70.9408098	70.98443	1	0	0	0	0
2024-11-20 23:29:10	28.251851698	70.9408098	70.98443	1	0	0	0	0
2024-11-20 23:29:20	28.207871098000002	70.9477498	70.98443	1	0	0	0	0
2024-11-20 23:29:30	28.2200303005	70.950643	70.98443	1	0	0	0	0
2024-11-20 23:29:40	28.2598404505	70.951543	70.98443	1	0	0	0	0
2024-11-20 23:29:50	28.248718339499998	70.95393375	70.98443	1	0	0	0	0
2024-11-20 23:30:00	28.212510189499998	70.95705875	70.98443	1	0	0	0	0
2024-11-20 23:30:10	28.25377424	70.9540097	70.98443	1	0	0	0	0
2024-11-20 23:30:20	28.33319624	70.9479197	70.98443	1	0	0	0	0
2024-11-20 23:30:30	28.311621401500002	70.94931025	70.98443	1	0	0	0	0
2024-11-20 23:30:40	28.2403018515	70.95438525	70.98443	1	0	0	0	0
2024-11-20 23:30:50	28.171790506	70.9623446	70.98443	1	0	0	0	0
2024-11-20 23:31:00	28.104662305999998	70.97172459999999	70.98443	1	0	0	0	0
2024-11-20 23:31:10	28.090038254	70.976964	70.98443	1	0	0	0	0
2024-11-20 23:31:20	28.101274454000002	70.98016399999999	70.98443	1	0	0	0	0
2024-11-20 23:31:30	28.127949866	70.98157175	70.98443	1	0	0	0	0
2024-11-20 23:31:40	28.162229666	70.98209675	70.98443	1	0	0	0	0
2024-11-20 23:31:50	28.119381042500002	70.9825246	70.98443	1	0	0	0	0
2024-11-20 23:32:00	28.0385437925	70.9829046	70.98443	1	0	0	0	0
2024-11-20 23:32:10	28.0456634725	70.980224442	70.98443	1	0	0	0	0
2024-11-20 23:32:20	28.0961052225	70.976037042	70.98443	1	0	0	0	0
2024-11-20 23:32:30	28.07654487	70.978566258	70.98443	1	0	0	0	0
2024-11-20 23:32:40	28.02250587	70.98440365799999	70.98443	1	0	0	0	0
2024-11-20 23:32:50	27.9922630925	70.9885008	70.98443	1	0	0	0	0
2024-11-20 23:33:00	27.9737408425	70.9917408	70.98443	1	0	0	0	0
2024-11-20 23:33:10	28.000484563	70.9889575	70.98443	1	0	0	0	0
2024-11-20 23:33:20	28.049523463	70.98320749999999	70.98443	1	0	0	0	0
2024-11-20 23:33:30	28.099389143	70.9800518405	70.98443	1	0	0	0	0
2024-11-20 23:33:40	28.149662043	70.9781739905	70.98443	1	0	0	0	0
2024-11-20 23:33:50	28.12950796	70.9791823665	70.98443	1	0	0	0	0
2024-11-20 23:34:00	28.07466596	70.98161231649999	70.98443	1	0	0	0	0
2024-11-20 23:34:10	28.05135483	70.987211534	70.98443	1	0	0	0	0
2024-11-20 23:34:20	28.04357383	70.994371734	70.98443	1	0	0	0	0
2024-11-20 23:34:30	27.9959452165	70.999215409	70.98443	1	0	0	0	0
2024-11-20 23:34:40	27.9286901665	71.002918109	70.98443	1	0	0	0	0
2024-11-20 23:34:50	27.919714229	70.99871970000001	70.98443	1	0	0	0	0
2024-11-20 23:35:00	27.939442929000002	70.9906297	70.98443	1	0	0	0	0
2024-11-20 23:35:10	27.9552898835	70.9900906	70.98443	1	0	0	0	0
2024-11-20 23:35:20	27.9692249335	70.9932706	70.98443	1	0	0	0	0
2024-11-20 23:35:30	27.956104177500002	70.98836035	70.98443	1	0	0	0	0
2024-11-20 23:35:40	27.9296574275	70.97946535	70.98443	1	0	0	0	0
2024-11-20 23:35:50	27.91417305	70.98824665849999	70.98443	1	0	0	0	0
2024-11-20 23:36:00	27.90408805	71.00573420849999	70.98443	1	0	0	0	0
2024-11-20 23:36:10	27.8972868205	71.0092856915	70.98443	1	0	0	0	0
2024-11-20 23:36:20	27.892102970499998	71.0059731415	70.98443	1	0	0	0	0
2024-11-20 23:36:30	27.856419179499998	71.00688665	70.98443	1	0	0	0	0
2024-11-20 23:36:40	27.805713029499998	71.00988165	70.98443	1	0	0	0	0
2024-11-20 23:36:50	27.828065455	71.00694715	70.98443	1	0	0	0	0
2024-11-20 23:37:00	27.886401955	71.00109215	70.98443	1	0	0	0	0
2024-11-20 23:37:10	27.9285636165	70.99622875	70.98443	1	0	0	0	0
2024-11-20 23:37:20	27.9627585665	70.99185375	70.98443	1	0	0	0	0
2024-11-20 23:37:30	28.023433357000002	70.98555585	70.98443	1	0	0	0	0
2024-11-20 23:37:40	28.097150457	70.97831085	70.98443	1	0	0	0	0
2024-11-20 23:37:50	28.0716233715	70.97826165000001	70.98443	1	0	0	0	0
2024-11-20 23:38:00	27.997214821500002	70.98175665000001	70.98443	1	0	0	0	0
2024-11-20 23:38:10	27.971308366013073	70.98520019607844	70.98443	1	0	0	0	0
2024-11-20 23:38:20	27.96455019607843	70.99665117647058	70.98443	1	0	0	0	0
2024-11-20 23:38:30	27.9435883075	70.9977232	70.98443	1	0	0	0	0
2024-11-20 23:38:40	27.915630557500002	70.9936832	70.98443	1	0	0	0	0
2024-11-20 23:38:50	27.9199856345	70.9908559	70.98443	1	0	0	0	0
2024-11-20 23:39:00	27.9402559845	70.98862589999999	70.98443	1	0	0	0	0
2024-11-20 23:39:10	27.994377247	70.9795552	70.98443	1	0	0	0	0
2024-11-20 23:39:20	28.065171347	70.9671152	70.98443	1	0	0	0	0
2024-11-20 23:39:30	28.104711287	70.9647118	70.98443	1	0	0	0	0
2024-11-20 23:39:40	28.128857387	70.9672518	70.98443	1	0	0	0	0
2024-11-20 23:39:50	28.1054212595	70.97543655	70.98443	1	0	0	0	0
2024-11-20 23:40:00	28.0585491095	70.98640155	70.98443	1	0	0	0	0
2024-11-20 23:40:10	28.01076452	70.9895376	70.98443	1	0	0	0	0
2024-11-20 23:40:20	27.962530519999998	70.9888176	70.98443	1	0	0	0	0
2024-11-20 23:40:30	27.965364925	70.9867375	70.98443	1	0	0	0	0
2024-11-20 23:40:40	27.993352424999998	70.9839875	70.98443	1	0	0	0	0
2024-11-20 23:40:50	27.995440874	70.98315035	70.98443	1	0	0	0	0
2024-11-20 23:41:00	27.984773074	70.98325535	70.98443	1	0	0	0	0
2024-11-20 23:41:10	27.993551421	70.9844074595	70.98443	1	0	0	0	0
2024-11-20 23:41:20	28.011907721	70.98607530950001	70.98443	1	0	0	0	0
2024-11-20 23:41:30	28.0203237	70.9831431405	70.98443	1	0	0	0	0
2024-11-20 23:41:40	28.0238437	70.9779452905	70.98443	1	0	0	0	0
2024-11-20 23:41:50	28.0756245035	70.97060535	70.98443	1	0	0	0	0
2024-11-20 23:42:00	28.1511755535	70.96221035	70.98443	1	0	0	0	0
2024-11-20 23:42:10	28.165227471	70.9624215	70.98443	1	0	0	0	0
2024-11-20 23:42:20	28.148988771000003	70.9668715	70.98443	1	0	0	0	0
2024-11-20 23:42:30	28.147222573500002	70.96458799999999	70.98443	1	0	0	0	0
2024-11-20 23:42:40	28.1525846235	70.95898799999999	70.98443	1	0	0	0	0
2024-11-20 23:42:50	28.155077398499998	70.9580177	70.98443	1	0	0	0	0
2024-11-20 23:43:00	28.156156948499998	70.9593277	70.98443	1	0	0	0	0
2024-11-20 23:43:10	28.187872181499998	70.9594384	70.98443	1	0	0	0	0
2024-11-20 23:43:20	28.234676631499998	70.9589584	70.98443	1	0	0	0	0
2024-11-20 23:43:30	28.238933233999997	70.9634852765	70.98443	1	0	0	0	0
2024-11-20 23:43:40	28.222233434	70.9704782265	70.98443	1	0	0	0	0
2024-11-20 23:43:50	28.232863938999998	70.96684772350001	70.98443	1	0	0	0	0
2024-11-20 23:44:00	28.256955638999997	70.9579847735	70.98443	1	0	0	0	0
2024-11-20 23:44:10	28.228692735	70.95963945	70.98443	1	0	0	0	0
2024-11-20 23:44:20	28.174643234999998	70.96647444999999	70.98443	1	0	0	0	0
2024-11-20 23:44:30	28.1190359515	70.972999843	70.98443	1	0	0	0	0
2024-11-20 23:44:40	28.0626614015	70.979372743	70.98443	1	0	0	0	0
2024-11-20 23:44:50	28.0318025285	70.9814323505	70.98443	1	0	0	0	0
2024-11-20 23:45:00	28.0135110785	70.9813675005	70.98443	1	0	0	0	0
2024-11-20 23:45:10	28.0687012085	70.9720679065	70.98443	1	0	0	0	0
2024-11-20 23:45:20	28.1600837585	70.9582198565	70.98443	1	0	0	0	0
2024-11-20 23:45:30	28.1721589445	70.95875875	70.98443	1	0	0	0	0
2024-11-20 23:45:40	28.1451722945	70.96638375	70.98443	1	0	0	0	0
2024-11-20 23:45:50	28.1889848795	70.97065875	70.98443	1	0	0	0	0
2024-11-20 23:46:00	28.2676687295	70.97328375	70.98443	1	0	0	0	0
2024-11-20 23:46:10	28.258298532999998	70.97396239999999	70.98443	1	0	0	0	0
2024-11-20 23:46:20	28.205558433	70.9736824	70.98443	1	0	0	0	0
2024-11-20 23:46:30	28.209687229500002	70.9702869	70.98443	1	0	0	0	0
2024-11-20 23:46:40	28.2418260795	70.9653569	70.98443	1	0	0	0	0
2024-11-20 23:46:50	28.2023270555	70.971078024	70.98443	1	0	0	0	0
2024-11-20 23:47:00	28.1275437055	70.982045224	70.98443	1	0	0	0	0
2024-11-20 23:47:10	28.0711643845	70.987766726	70.98443	1	0	0	0	0
2024-11-20 23:47:20	28.0238497345	70.990904526	70.98443	1	0	0	0	0
2024-11-20 23:47:30	28.040914346	70.988748857	70.98443	1	0	0	0	0
2024-11-20 23:47:40	28.089688146	70.983985957	70.98443	1	0	0	0	0
2024-11-20 23:47:50	28.089441396	70.983736043	70.98443	1	0	0	0	0
2024-11-20 23:48:00	28.065050196	70.985708943	70.98443	1	0	0	0	0
2024-11-20 23:48:10	28.069034668500002	70.99124095	70.98443	1	0	0	0	0
2024-11-20 23:48:20	28.0869952185	70.99852595	70.98443	1	0	0	0	0
2024-11-20 23:48:30	28.078928513	70.99963355	70.98443	1	0	0	0	0
2024-11-20 23:48:40	28.058042413	70.99769855000001	70.98443	1	0	0	0	0
2024-11-20 23:48:50	28.03985045	70.9964168	70.98443	1	0	0	0	0
2024-11-20 23:49:00	28.02298545	70.9954568	70.98443	1	0	0	0	0
2024-11-20 23:49:10	28.0136315185	70.99268445	70.98443	1	0	0	0	0
2024-11-20 23:49:20	28.007977068499997	70.98901945	70.98443	1	0	0	0	0
2024-11-20 23:49:30	28.038604894	70.98757885	70.98443	1	0	0	0	0
2024-11-20 23:49:40	28.087103094	70.98723385000001	70.98443	1	0	0	0	0
2024-11-20 23:49:50	28.1316369375	70.98060425	70.98443	1	0	0	0	0
2024-11-20 23:50:00	28.1742181875	70.97087925	70.98443	1	0	0	0	0
2024-11-20 23:50:10	28.1749222935	70.97289265	70.98443	1	0	0	0	0
2024-11-20 23:50:20	28.1550003435	70.98068765000001	70.98443	1	0	0	0	0
2024-11-20 23:50:30	28.100408104499998	70.98708905000001	70.98443	1	0	0	0	0
2024-11-20 23:50:40	28.0287394545	70.99280405	70.98443	1	0	0	0	0
2024-11-20 23:50:50	28.0070082495	70.9933701	70.98443	1	0	0	0	0
2024-11-20 23:51:00	28.0098730995	70.9914001	70.98443	1	0	0	0	0
2024-11-20 23:51:10	28.0034791525	70.9926059	70.98443	1	0	0	0	0
2024-11-20 23:51:20	27.9925249025	70.9953759	70.98443	1	0	0	0	0
2024-11-20 23:51:30	27.9765418	70.9957942	70.98443	1	0	0	0	0
2024-11-20 23:51:40	27.9580818	70.9950542	70.98443	1	0	0	0	0
2024-11-20 23:51:50	28.0040959	70.9891552	70.98443	1	0	0	0	0
2024-11-20 23:52:00	28.0818659	70.9807152	70.98443	1	0	0	0	0
2024-11-20 23:52:10	28.095559244	70.97922645	70.98443	1	0	0	0	0
2024-11-20 23:52:20	28.077692444	70.98116145	70.98443	1	0	0	0	0
2024-11-20 23:52:30	28.0966890775	70.98208475000001	70.98443	1	0	0	0	0
2024-11-20 23:52:40	28.1338423275	70.98250975	70.98443	1	0	0	0	0
2024-11-20 23:52:50	28.1155745845	70.98497490000001	70.98443	1	0	0	0	0
2024-11-20 23:53:00	28.0700099345	70.9884449	70.98443	1	0	0	0	0
2024-11-20 23:53:10	28.051381998	70.98710765	70.98443	1	0	0	0	0
2024-11-20 23:53:20	28.046021398	70.98340265	70.98443	1	0	0	0	0
2024-11-20 23:53:30	28.0666607845	70.980134557	70.98443	1	0	0	0	0
2024-11-20 23:53:40	28.1001061345	70.977081657	70.98443	1	0	0	0	0
2024-11-20 23:53:50	28.049352953	70.983690693	70.98443	1	0	0	0	0
2024-11-20 23:54:00	27.957128853	70.99505859300001	70.98443	1	0	0	0	0
2024-11-20 23:54:10	27.926343451500003	71.00309800000001	70.98443	1	0	0	0	0
2024-11-20 23:54:20	27.9258189015	71.00949800000001	70.98443	1	0	0	0	0
2024-11-20 23:54:30	27.951044528500002	71.00317135	70.98443	1	0	0	0	0
2024-11-20 23:54:40	27.9889530785	70.99057635	70.98443	1	0	0	0	0
2024-11-20 23:54:50	28.023425299	70.98828259999999	70.98443	1	0	0	0	0
2024-11-20 23:55:00	28.056204999000002	70.99106259999999	70.98443	1	0	0	0	0
2024-11-20 23:55:10	28.066697082	70.9909817	70.98443	1	0	0	0	0
2024-11-20 23:55:20	28.066211682000002	70.9894917	70.98443	1	0	0	0	0
2024-11-20 23:55:30	28.072721618	70.98847405000001	70.98443	1	0	0	0	0
2024-11-20 23:55:40	28.082677018	70.98768905	70.98443	1	0	0	0	0
2024-11-20 23:55:50	28.010153944	70.9932858	70.98443	1	0	0	0	0
2024-11-20 23:56:00	27.897007144	71.0020258	70.98443	1	0	0	0	0
2024-11-20 23:56:10	27.9216230975	70.99638224	70.98443	1	0	0	0	0
2024-11-20 23:56:20	28.0140923475	70.98365424	70.98443	1	0	0	0	0
2024-11-20 23:56:30	28.0030318575	70.99064501000001	70.98443	1	0	0	0	0
2024-11-20 23:56:40	27.9409791075	71.00734801	70.98443	1	0	0	0	0
2024-11-20 23:56:50	27.910815041	71.00817874350001	70.98443	1	0	0	0	0
2024-11-20 23:57:00	27.896357341	71.00119179350001	70.98443	1	0	0	0	0
2024-11-20 23:57:10	27.909619082	70.99999960650001	70.98443	1	0	0	0	0
2024-11-20 23:57:20	27.936533682	71.00166155650001	70.98443	1	0	0	0	0
2024-11-20 23:57:30	27.9196287075	71.00520490000001	70.98443	1	0	0	0	0
2024-11-20 23:57:40	27.8811409575	71.00967490000001	70.98443	1	0	0	0	0
2024-11-20 23:57:50	27.91740695	71.0035455	70.98443	1	0	0	0	0
2024-11-20 23:58:00	27.99049195	70.9921955	70.98443	1	0	0	0	0
2024-11-20 23:58:10	28.002112021000002	70.9863127	70.98443	1	0	0	0	0
2024-11-20 23:58:20	27.983458321	70.9831227	70.98443	1	0	0	0	0
2024-11-20 23:58:30	27.990649871000002	70.9808506	70.98443	1	0	0	0	0
2024-11-20 23:58:40	28.010571171000002	70.9790306	70.98443	1	0	0	0	0
2024-11-20 23:58:50	27.992106831	70.98299785900001	70.98443	1	0	0	0	0
2024-11-20 23:59:00	27.954736131	70.98981555900001	70.98443	1	0	0	0	0
2024-11-20 23:59:10	27.975137186	70.98808044100001	70.98443	1	0	0	0	0
2024-11-20 23:59:20	28.023992986	70.982132741	70.98443	1	0	0	0	0
2024-11-20 23:59:30	28.039024841	70.9835267	70.98443	1	0	0	0	0
2024-11-20 23:59:40	28.037397141	70.9885367	70.98443	1	0	0	0	0
2024-11-20 23:59:50	28.0110796395	70.98962385	70.98443	1	0	0	0	0
2024-11-21 00:00:00	27.9726014895	70.98877885	70.98443	1	0	0	0	0
