PROCESSDATA	2411FIC20102 Data	yyyy-MM-dd HH:mm:ss
8	10	2024-10-16 17:45:00	751
tagname	2411FIC20102.MV	2411FIC20102.PV	2411FIC20102.SV	2411FIC20102.MODE	bOpOFL	bPvOFL	bSpOFL	bAutOFL
desc	回炼油返塔_OP	回炼油返塔_PV	回炼油返塔_SP	Aut	bOpOFL	bPvOFL	bSpOFL	bAutOFL
fsMax=1.7111903699999989	fsMin=0	fsGridNum=10	fdMax=1.7111903699999989tfdMin=0	fdGridNum=10	v0GridNum=10	L=24
2024-10-16 17:45:00	24.6635292	104.996893	105.29998	1	0	0	0	0
2024-10-16 17:45:10	24.646206319999997	105.2967984	105.29998	1	0	0	0	0
2024-10-16 17:45:20	24.632063928571426	105.22031792857143	105.29998	1	0	0	0	0
2024-10-16 17:45:30	24.568464472	105.68211368	105.29998	1	0	0	0	0
2024-10-16 17:45:40	24.61813382318841	105.34333955072464	105.29998	1	0	0	0	0
2024-10-16 17:45:50	24.617296434285716	105.37620962857143	105.29998	1	0	0	0	0
2024-10-16 17:46:00	24.646275752173914	105.20288313043478	105.29998	1	0	0	0	0
2024-10-16 17:46:10	24.67656678030303	105.08532524242425	105.29998	1	0	0	0	0
2024-10-16 17:46:20	24.68601507	104.8376987	105.29998	1	0	0	0	0
2024-10-16 17:46:30	24.66964355121951	105.1639983902439	105.29998	1	0	0	0	0
2024-10-16 17:46:40	24.702435559999998	105.09929266666667	105.29998	1	0	0	0	0
2024-10-16 17:46:50	24.636473499999997	105.4458998	105.29998	1	0	0	0	0
2024-10-16 17:47:00	24.649814015	105.3066264	105.29998	1	0	0	0	0
2024-10-16 17:47:10	24.647304646666665	105.30538966666667	105.29998	1	0	0	0	0
2024-10-16 17:47:20	24.674328430379745	105.14812724050633	105.29998	1	0	0	0	0
2024-10-16 17:47:30	24.66263642	105.11245664	105.29998	1	0	0	0	0
2024-10-16 17:47:40	24.700231567272727	105.01486436363636	105.29998	1	0	0	0	0
2024-10-16 17:47:50	24.70872147142857	104.98421312244898	105.29998	1	0	0	0	0
2024-10-16 17:48:00	24.68884633444444	105.13173494444445	105.29998	1	0	0	0	0
2024-10-16 17:48:10	24.649164213043477	105.44227201449276	105.29998	1	0	0	0	0
2024-10-16 17:48:20	24.70380338028169	105.21895730985916	105.29998	1	0	0	0	0
2024-10-16 17:48:30	24.6770299	105.04691166666666	105.29998	1	0	0	0	0
2024-10-16 17:48:40	24.761806872222223	104.82439244444444	105.29998	1	0	0	0	0
2024-10-16 17:48:50	24.683977094117648	105.39493194117647	105.29998	1	0	0	0	0
2024-10-16 17:49:00	24.724446597142858	105.12018777142858	105.29998	1	0	0	0	0
2024-10-16 17:49:10	24.7502117	105.0172956	105.29998	1	0	0	0	0
2024-10-16 17:49:20	24.74415120224719	105.11562926966293	105.29998	1	0	0	0	0
2024-10-16 17:49:30	24.714059993333333	105.32366961666666	105.29998	1	0	0	0	0
2024-10-16 17:49:40	24.68320386	105.4963159	105.29998	1	0	0	0	0
2024-10-16 17:49:50	24.746341307999998	105.10437348	105.29998	1	0	0	0	0
2024-10-16 17:50:00	24.76636352857143	105.25393745714285	105.29998	1	0	0	0	0
2024-10-16 17:50:10	24.784559866666665	104.90118933333333	105.29998	1	0	0	0	0
2024-10-16 17:50:20	24.798791350000002	104.9054012	105.29998	1	0	0	0	0
2024-10-16 17:50:30	24.776095808	105.08741520000001	105.29998	1	0	0	0	0
2024-10-16 17:50:40	24.73897527254902	105.36394101960784	105.29998	1	0	0	0	0
2024-10-16 17:50:50	24.748394	105.300938	105.29998	1	0	0	0	0
2024-10-16 17:51:00	24.775796129113925	105.12978006329114	105.29998	1	0	0	0	0
2024-10-16 17:51:10	24.784179232394365	105.11225407042254	105.29998	1	0	0	0	0
2024-10-16 17:51:20	24.823238	104.9730518	105.29998	1	0	0	0	0
2024-10-16 17:51:30	24.8294058	105.01996249999999	105.29998	1	0	0	0	0
2024-10-16 17:51:40	24.76479761772152	105.42042953164557	105.29998	1	0	0	0	0
2024-10-16 17:51:50	24.82890769019608	104.98975994117647	105.29998	1	0	0	0	0
2024-10-16 17:52:00	24.776116661666666	105.39382333333333	105.29998	1	0	0	0	0
2024-10-16 17:52:10	24.773008291428575	105.388846	105.29998	1	0	0	0	0
2024-10-16 17:52:20	24.79498955	105.24588750000001	105.29998	1	0	0	0	0
2024-10-16 17:52:30	24.776395686666667	105.24225733333333	105.29998	1	0	0	0	0
2024-10-16 17:52:40	24.8405488	104.98029738461538	105.29998	1	0	0	0	0
2024-10-16 17:52:50	24.829930432	105.06340532	105.29998	1	0	0	0	0
2024-10-16 17:53:00	24.79248262	105.31371778571429	105.29998	1	0	0	0	0
2024-10-16 17:53:10	24.8045388	105.27092386885246	105.29998	1	0	0	0	0
2024-10-16 17:53:20	24.836745290000003	105.33938065	105.29998	1	0	0	0	0
2024-10-16 17:53:30	24.861556148780487	105.3020987804878	105.29998	1	0	0	0	0
2024-10-16 17:53:40	24.791861700000002	105.432156	105.29998	1	0	0	0	0
2024-10-16 17:53:50	24.777914295918368	105.52181175510205	105.29998	1	0	0	0	0
2024-10-16 17:54:00	24.84407164489796	105.1121562244898	105.29998	1	0	0	0	0
2024-10-16 17:54:10	24.79982734	105.35495705714285	105.29998	1	0	0	0	0
2024-10-16 17:54:20	24.792575017142855	105.40186680000001	105.29998	1	0	0	0	0
2024-10-16 17:54:30	24.790016098305085	105.33104932203389	105.29998	1	0	0	0	0
2024-10-16 17:54:40	24.8095854	105.30555311594203	105.29998	1	0	0	0	0
2024-10-16 17:54:50	24.819768389830507	105.35732310169492	105.29998	1	0	0	0	0
2024-10-16 17:55:00	24.816891784285716	105.42907138571428	105.29998	1	0	0	0	0
2024-10-16 17:55:10	24.810295675000003	105.26233756944444	105.29998	1	0	0	0	0
2024-10-16 17:55:20	24.860480384269664	105.04203825842697	105.29998	1	0	0	0	0
2024-10-16 17:55:30	24.835879666666667	105.247139	105.29998	1	0	0	0	0
2024-10-16 17:55:40	24.8402176825	105.190256975	105.29998	1	0	0	0	0
2024-10-16 17:55:50	24.818501374	105.31888178	105.29998	1	0	0	0	0
2024-10-16 17:56:00	24.828761014999998	105.29501466666667	105.29998	1	0	0	0	0
2024-10-16 17:56:10	24.869918000000002	105.31802976	105.29998	1	0	0	0	0
2024-10-16 17:56:20	24.8982973775	104.962090175	105.29998	1	0	0	0	0
2024-10-16 17:56:30	24.897073096	105.02553160000001	105.29998	1	0	0	0	0
2024-10-16 17:56:40	24.83208968539326	105.44241771910112	105.29998	1	0	0	0	0
2024-10-16 17:56:50	24.881647764705882	105.13958600000001	105.29998	1	0	0	0	0
2024-10-16 17:57:00	24.84038201	105.29012184	105.29998	1	0	0	0	0
2024-10-16 17:57:10	24.870373590163936	105.20708155737705	105.29998	1	0	0	0	0
2024-10-16 17:57:20	24.829224647887326	105.4536894225352	105.29998	1	0	0	0	0
2024-10-16 17:57:30	24.908607073333332	104.92286533333333	105.29998	1	0	0	0	0
2024-10-16 17:57:40	24.877940787640448	105.2798882022472	105.29998	1	0	0	0	0
2024-10-16 17:57:50	24.858195640677966	105.25766581355933	105.29998	1	0	0	0	0
2024-10-16 17:58:00	24.838883505714286	105.36513257142857	105.29998	1	0	0	0	0
2024-10-16 17:58:10	24.846065044	105.34954528	105.29998	1	0	0	0	0
2024-10-16 17:58:20	24.87117865942029	105.20392656521739	105.29998	1	0	0	0	0
2024-10-16 17:58:30	24.84851954	105.40079940000001	105.29998	1	0	0	0	0
2024-10-16 17:58:40	24.882097506666668	105.07588193333333	105.29998	1	0	0	0	0
2024-10-16 17:58:50	24.872802518644068	105.29782554237288	105.29998	1	0	0	0	0
2024-10-16 17:59:00	24.827201087179485	105.54170166666667	105.29998	1	0	0	0	0
2024-10-16 17:59:10	24.865348866666668	105.39051533333333	105.29998	1	0	0	0	0
2024-10-16 17:59:20	24.860300905555558	105.30354136666668	105.29998	1	0	0	0	0
2024-10-16 17:59:30	24.85956684117647	105.296173	105.29998	1	0	0	0	0
2024-10-16 17:59:40	24.90300708222222	105.01908526666666	105.29998	1	0	0	0	0
2024-10-16 17:59:50	24.807861904	105.44466008	105.29998	1	0	0	0	0
2024-10-16 18:00:00	24.929336585	104.77628995	105.29998	1	0	0	0	0
2024-10-16 18:00:10	24.884360210526314	105.21767778947368	105.29998	1	0	0	0	0
2024-10-16 18:00:20	24.87034165	105.33662138333334	105.29998	1	0	0	0	0
2024-10-16 18:00:30	24.873902296	105.09765552	105.29998	1	0	0	0	0
2024-10-16 18:00:40	24.923197582222222	105.00245682222223	105.29998	1	0	0	0	0
2024-10-16 18:00:50	24.877686415254235	105.3281982881356	105.29998	1	0	0	0	0
2024-10-16 18:01:00	24.852944948148146	105.42555516049383	105.29998	1	0	0	0	0
2024-10-16 18:01:10	24.8803324	105.25071428571428	105.29998	1	0	0	0	0
2024-10-16 18:01:20	24.96314990204082	104.75444424489795	105.29998	1	0	0	0	0
2024-10-16 18:01:30	24.84278637654321	105.55216904938271	105.29998	1	0	0	0	0
2024-10-16 18:01:40	24.905578905555554	105.15216433333333	105.29998	1	0	0	0	0
2024-10-16 18:01:50	24.91541435	105.11125525	105.29998	1	0	0	0	0
2024-10-16 18:02:00	24.897514485	105.36190363333334	105.29998	1	0	0	0	0
2024-10-16 18:02:10	24.853307083333334	105.41061054166667	105.29998	1	0	0	0	0
2024-10-16 18:02:20	24.855484391304348	105.19060404347826	105.29998	1	0	0	0	0
2024-10-16 18:02:30	24.877722198039216	105.31602631372549	105.29998	1	0	0	0	0
2024-10-16 18:02:40	24.88304595	105.2810672	105.29998	1	0	0	0	0
2024-10-16 18:02:50	24.900812039999998	105.05916029999999	105.29998	1	0	0	0	0
2024-10-16 18:03:00	24.890301319607843	105.22483323529411	105.29998	1	0	0	0	0
2024-10-16 18:03:10	24.909629006779664	105.25878884745762	105.29998	1	0	0	0	0
2024-10-16 18:03:20	24.907969436619716	105.18220643661972	105.29998	1	0	0	0	0
2024-10-16 18:03:30	24.930568951219513	105.07476692682927	105.29998	1	0	0	0	0
2024-10-16 18:03:40	24.89116369090909	105.23868532467532	105.29998	1	0	0	0	0
2024-10-16 18:03:50	24.9219669	105.1066056	105.29998	1	0	0	0	0
2024-10-16 18:04:00	24.925178836	105.0879096	105.29998	1	0	0	0	0
2024-10-16 18:04:10	24.934006408000002	105.04793696	105.29998	1	0	0	0	0
2024-10-16 18:04:20	24.84120748163265	105.65956046938776	105.29998	1	0	0	0	0
2024-10-16 18:04:30	24.933143875510204	105.04698140816328	105.29998	1	0	0	0	0
2024-10-16 18:04:40	24.95682010666667	104.95150106666667	105.29998	1	0	0	0	0
2024-10-16 18:04:50	24.91877451525424	105.2653993220339	105.29998	1	0	0	0	0
2024-10-16 18:05:00	24.957392752941175	105.06034021568627	105.29998	1	0	0	0	0
2024-10-16 18:05:10	24.897352248979594	105.44698385714287	105.29998	1	0	0	0	0
2024-10-16 18:05:20	24.886918873239434	105.49979909859155	105.29998	1	0	0	0	0
2024-10-16 18:05:30	24.908481352542374	105.33170020338983	105.29998	1	0	0	0	0
2024-10-16 18:05:40	24.9440339175	105.38994302500001	105.29998	1	0	0	0	0
2024-10-16 18:05:50	24.889159454285714	105.41110814285715	105.29998	1	0	0	0	0
2024-10-16 18:06:00	24.950521930379747	105.12782173417722	105.29998	1	0	0	0	0
2024-10-16 18:06:10	24.942968974	105.28815504	105.29998	1	0	0	0	0
2024-10-16 18:06:20	24.929899801960786	105.44610645098038	105.29998	1	0	0	0	0
2024-10-16 18:06:30	24.918985452	105.36740656	105.29998	1	0	0	0	0
2024-10-16 18:06:40	24.92150971728395	105.33476592592594	105.29998	1	0	0	0	0
2024-10-16 18:06:50	24.965509252542372	105.05327491525424	105.29998	1	0	0	0	0
2024-10-16 18:07:00	24.912998525316457	105.4269986835443	105.29998	1	0	0	0	0
2024-10-16 18:07:10	24.941036757142857	105.2934657755102	105.29998	1	0	0	0	0
2024-10-16 18:07:20	24.9154032	105.38732311428572	105.29998	1	0	0	0	0
2024-10-16 18:07:30	24.945671525423727	105.34660340677966	105.29998	1	0	0	0	0
2024-10-16 18:07:40	24.912862869999998	105.3227317125	105.29998	1	0	0	0	0
2024-10-16 18:07:50	24.93648748028169	105.20200494366198	105.29998	1	0	0	0	0
2024-10-16 18:08:00	24.926551031460676	105.2625742022472	105.29998	1	0	0	0	0
2024-10-16 18:08:10	24.95018690980392	105.11911980392156	105.29998	1	0	0	0	0
2024-10-16 18:08:20	24.94697720952381	105.15443676190476	105.29998	1	0	0	0	0
2024-10-16 18:08:30	24.896881957142856	105.50750023809523	105.29998	1	0	0	0	0
2024-10-16 18:08:40	24.92813053777778	105.21856182222221	105.29998	1	0	0	0	0
2024-10-16 18:08:50	24.912317093333336	105.1645695	105.29998	1	0	0	0	0
2024-10-16 18:09:00	24.91265360285714	105.35614245714285	105.29998	1	0	0	0	0
2024-10-16 18:09:10	24.96048745762712	105.23099479661016	105.29998	1	0	0	0	0
2024-10-16 18:09:20	24.909021085714286	105.20013482857142	105.29998	1	0	0	0	0
2024-10-16 18:09:30	24.937724144	105.20380844	105.29998	1	0	0	0	0
2024-10-16 18:09:40	24.9338279	105.32601775	105.29998	1	0	0	0	0
2024-10-16 18:09:50	24.904307063636363	105.47865492045455	105.29998	1	0	0	0	0
2024-10-16 18:10:00	24.8947463275	105.40940124999999	105.29998	1	0	0	0	0
2024-10-16 18:10:10	24.934674577142857	105.29069262857143	105.29998	1	0	0	0	0
2024-10-16 18:10:20	24.91813395762712	105.2810972881356	105.29998	1	0	0	0	0
2024-10-16 18:10:30	24.938391496	105.24774008	105.29998	1	0	0	0	0
2024-10-16 18:10:40	24.93873784915254	105.24817264406781	105.29998	1	0	0	0	0
2024-10-16 18:10:50	24.952989152857143	105.19150907142857	105.29998	1	0	0	0	0
2024-10-16 18:11:00	24.964851760000002	105.1708126	105.29998	1	0	0	0	0
2024-10-16 18:11:10	24.925907062857142	105.49069831428572	105.29998	1	0	0	0	0
2024-10-16 18:11:20	24.953949758333334	104.98981819444445	105.29998	1	0	0	0	0
2024-10-16 18:11:30	24.998232205172414	104.98330620689654	105.29998	1	0	0	0	0
2024-10-16 18:11:40	24.9935595	105.03026023333334	105.29998	1	0	0	0	0
2024-10-16 18:11:50	24.98059632295082	105.15715396721312	105.29998	1	0	0	0	0
2024-10-16 18:12:00	25.008928869620252	105.01389665822785	105.29998	1	0	0	0	0
2024-10-16 18:12:10	25.0328094	104.96515803448276	105.29998	1	0	0	0	0
2024-10-16 18:12:20	24.9807638	105.39765466666667	105.29998	1	0	0	0	0
2024-10-16 18:12:30	24.972932563414634	105.28452141463414	105.29998	1	0	0	0	0
2024-10-16 18:12:40	24.987879651785715	105.28728853571428	105.29998	1	0	0	0	0
2024-10-16 18:12:50	24.96940333	105.3902379	105.29998	1	0	0	0	0
2024-10-16 18:13:00	25.0146203	105.09012038750001	105.29998	1	0	0	0	0
2024-10-16 18:13:10	25.014903153333336	104.9817109	105.29998	1	0	0	0	0
2024-10-16 18:13:20	25.000660982608697	105.23623695652174	105.29998	1	0	0	0	0
2024-10-16 18:13:30	25.035019146	105.0914058	105.29998	1	0	0	0	0
2024-10-16 18:13:40	25.041737983050847	105.18713101694915	105.29998	1	0	0	0	0
2024-10-16 18:13:50	24.97875833	105.49753002	105.29998	1	0	0	0	0
2024-10-16 18:14:00	25.05922262142857	105.1757196	105.29998	1	0	0	0	0
2024-10-16 18:14:10	25.0533123	105.030495	105.29998	1	0	0	0	0
2024-10-16 18:14:20	25.03507676625	105.25620705	105.29998	1	0	0	0	0
2024-10-16 18:14:30	24.931156973170733	105.81061100000001	105.29998	1	0	0	0	0
2024-10-16 18:14:40	24.956157454285716	105.41222357142857	105.29998	1	0	0	0	0
2024-10-16 18:14:50	25.009883216	105.75959496	105.29998	1	0	0	0	0
2024-10-16 18:15:00	25.03643860980392	105.10084088235294	105.29998	1	0	0	0	0
2024-10-16 18:15:10	25.0347195	105.22862239999999	105.29998	1	0	0	0	0
2024-10-16 18:15:20	24.985968613333334	105.57231568888888	105.29998	1	0	0	0	0
2024-10-16 18:15:30	25.0355539225	105.165537675	105.29998	1	0	0	0	0
2024-10-16 18:15:40	25.056673581666665	105.08274191666666	105.29998	1	0	0	0	0
2024-10-16 18:15:50	25.08499823529412	104.79791176470589	105.29998	1	0	0	0	0
2024-10-16 18:16:00	25.022551862857142	105.10789677142857	105.29998	1	0	0	0	0
2024-10-16 18:16:10	25.0942707	104.94489066666667	105.29998	1	0	0	0	0
2024-10-16 18:16:20	25.00245528148148	105.57971818518517	105.29998	1	0	0	0	0
2024-10-16 18:16:30	25.130249125	104.77097810416666	105.29998	1	0	0	0	0
2024-10-16 18:16:40	25.044667884507042	105.37527915492957	105.29998	1	0	0	0	0
2024-10-16 18:16:50	25.030190194	105.46875216	105.29998	1	0	0	0	0
2024-10-16 18:17:00	25.01545054556962	105.51582825316456	105.29998	1	0	0	0	0
2024-10-16 18:17:10	25.08515158131868	104.96514652747253	105.29998	1	0	0	0	0
2024-10-16 18:17:20	25.099669115384614	105.00142116483516	105.29998	1	0	0	0	0
2024-10-16 18:17:30	25.07966947826087	105.25949491304348	105.29998	1	0	0	0	0
2024-10-16 18:17:40	25.12559615	104.86166567142858	105.29998	1	0	0	0	0
2024-10-16 18:17:50	25.16273151764706	104.75658956862745	105.29998	1	0	0	0	0
2024-10-16 18:18:00	25.156902444067796	104.84969430508475	105.29998	1	0	0	0	0
2024-10-16 18:18:10	25.130657233333334	105.2571275	105.29998	1	0	0	0	0
2024-10-16 18:18:20	25.087642503370787	105.31935315730337	105.29998	1	0	0	0	0
2024-10-16 18:18:30	25.127816565	105.1452473	105.29998	1	0	0	0	0
2024-10-16 18:18:40	25.08522773943662	105.44616850704226	105.29998	1	0	0	0	0
2024-10-16 18:18:50	25.157900916000003	104.95482471999999	105.29998	1	0	0	0	0
2024-10-16 18:19:00	25.161032931034484	105.00308193103447	105.29998	1	0	0	0	0
2024-10-16 18:19:10	25.116057817142856	105.22930888571429	105.29998	1	0	0	0	0
2024-10-16 18:19:20	25.112064	105.3868193	105.29998	1	0	0	0	0
2024-10-16 18:19:30	25.102591511764707	105.4718225	105.29998	1	0	0	0	0
2024-10-16 18:19:40	25.1561718	105.22334011666666	105.29998	1	0	0	0	0
2024-10-16 18:19:50	25.170476744	105.07828196	105.29998	1	0	0	0	0
2024-10-16 18:20:00	25.161789985714286	105.38638682857143	105.29998	1	0	0	0	0
2024-10-16 18:20:10	25.131693284	105.32491444	105.29998	1	0	0	0	0
2024-10-16 18:20:20	25.173028946153845	105.12191635384615	105.29998	1	0	0	0	0
2024-10-16 18:20:30	25.20536923943662	104.94110966197182	105.29998	1	0	0	0	0
2024-10-16 18:20:40	25.213546447457627	105.06835820338982	105.29998	1	0	0	0	0
2024-10-16 18:20:50	25.18269559215686	105.21540052941177	105.29998	1	0	0	0	0
2024-10-16 18:21:00	25.186810465714288	105.18380597142857	105.29998	1	0	0	0	0
2024-10-16 18:21:10	25.191869891304346	105.11309447826088	105.29998	1	0	0	0	0
2024-10-16 18:21:20	25.24053574	104.94114727142858	105.29998	1	0	0	0	0
2024-10-16 18:21:30	25.24765627096774	104.97444077419355	105.29998	1	0	0	0	0
2024-10-16 18:21:40	25.247800588235293	105.14609270588235	105.29998	1	0	0	0	0
2024-10-16 18:21:50	25.192842736000003	105.20609433999999	105.29998	1	0	0	0	0
2024-10-16 18:22:00	25.215599036065573	105.24219981967212	105.29998	1	0	0	0	0
2024-10-16 18:22:10	25.216775886206896	105.28475203448275	105.29998	1	0	0	0	0
2024-10-16 18:22:20	25.24505649714286	105.14262594285715	105.29998	1	0	0	0	0
2024-10-16 18:22:30	25.201768788	105.39208464000001	105.29998	1	0	0	0	0
2024-10-16 18:22:40	25.29969572469136	104.84202967901236	105.29998	1	0	0	0	0
2024-10-16 18:22:50	25.233871052941176	105.33069564705882	105.29998	1	0	0	0	0
2024-10-16 18:23:00	25.265645005128206	105.15388380769231	105.29998	1	0	0	0	0
2024-10-16 18:23:10	25.277758528	105.03356322	105.29998	1	0	0	0	0
2024-10-16 18:23:20	25.315880556962025	104.90386162025317	105.29998	1	0	0	0	0
2024-10-16 18:23:30	25.320304457142857	105.04216705714286	105.29998	1	0	0	0	0
2024-10-16 18:23:40	25.290509840000002	105.1154846	105.29998	1	0	0	0	0
2024-10-16 18:23:50	25.33885343	104.8619083	105.29998	1	0	0	0	0
2024-10-16 18:24:00	25.309973379591835	105.12844489795918	105.29998	1	0	0	0	0
2024-10-16 18:24:10	25.313294592156865	105.1607417254902	105.29998	1	0	0	0	0
2024-10-16 18:24:20	25.34476428088235	105.03002086764705	105.29998	1	0	0	0	0
2024-10-16 18:24:30	25.375637228	104.92032535999999	105.29998	1	0	0	0	0
2024-10-16 18:24:40	25.352526929411766	105.07591976470587	105.29998	1	0	0	0	0
2024-10-16 18:24:50	25.326791040677968	105.14326766101695	105.29998	1	0	0	0	0
2024-10-16 18:25:00	25.308998490566037	105.35298867924527	105.29998	1	0	0	0	0
2024-10-16 18:25:10	25.378332798039214	104.90302241176471	105.29998	1	0	0	0	0
2024-10-16 18:25:20	25.39405889113924	105.08727973417722	105.29998	1	0	0	0	0
2024-10-16 18:25:30	25.346198265573772	105.08586204918034	105.29998	1	0	0	0	0
2024-10-16 18:25:40	25.409162376470587	104.86370367647059	105.29998	1	0	0	0	0
2024-10-16 18:25:50	25.3524144	105.29120048	105.29998	1	0	0	0	0
2024-10-16 18:26:00	25.3972046	104.9081174	105.29998	1	0	0	0	0
2024-10-16 18:26:10	25.437865928	104.83455148	105.29998	1	0	0	0	0
2024-10-16 18:26:20	25.421635602000002	104.99289952	105.29998	1	0	0	0	0
2024-10-16 18:26:30	25.459364770491806	105.00725888524589	105.29998	1	0	0	0	0
2024-10-16 18:26:40	25.44543064050633	104.97200693670885	105.29998	1	0	0	0	0
2024-10-16 18:26:50	25.407640651020408	105.26152314285714	105.29998	1	0	0	0	0
2024-10-16 18:27:00	25.416277237142857	105.23274157142856	105.29998	1	0	0	0	0
2024-10-16 18:27:10	25.430903987999997	105.12116204	105.29998	1	0	0	0	0
2024-10-16 18:27:20	25.4809345	104.9606824	105.29998	1	0	0	0	0
2024-10-16 18:27:30	25.5066229825	104.803206875	105.29998	1	0	0	0	0
2024-10-16 18:27:40	25.4647068275	105.13018075	105.29998	1	0	0	0	0
2024-10-16 18:27:50	25.4634357275	105.14938175	105.29998	1	0	0	0	0
2024-10-16 18:28:00	25.490393582608696	104.82618382608696	105.29998	1	0	0	0	0
2024-10-16 18:28:10	25.480601888000002	105.29635886	105.29998	1	0	0	0	0
2024-10-16 18:28:20	25.475727103333334	104.92514076666667	105.29998	1	0	0	0	0
2024-10-16 18:28:30	25.454296875	105.31576785416667	105.29998	1	0	0	0	0
2024-10-16 18:28:40	25.528732414084505	104.85937883098592	105.29998	1	0	0	0	0
2024-10-16 18:28:50	25.476814400000002	105.07138361764706	105.29998	1	0	0	0	0
2024-10-16 18:29:00	25.52778569240506	104.96646889873418	105.29998	1	0	0	0	0
2024-10-16 18:29:10	25.449507044	105.53331454	105.29998	1	0	0	0	0
2024-10-16 18:29:20	25.496545982	105.22039647999999	105.29998	1	0	0	0	0
2024-10-16 18:29:30	25.56645066056338	104.88039384507043	105.29998	1	0	0	0	0
2024-10-16 18:29:40	25.55589187777778	104.89857155555556	105.29998	1	0	0	0	0
2024-10-16 18:29:50	25.48975286	105.4104737	105.29998	1	0	0	0	0
2024-10-16 18:30:00	25.539861935	105.15442601666666	105.29998	1	0	0	0	0
2024-10-16 18:30:10	25.595118668	105.00078472	105.29998	1	0	0	0	0
2024-10-16 18:30:20	25.56865305652174	104.89481252173914	105.29998	1	0	0	0	0
2024-10-16 18:30:30	25.600651820833335	104.90970808333334	105.29998	1	0	0	0	0
2024-10-16 18:30:40	25.598526977142857	104.94600725714285	105.29998	1	0	0	0	0
2024-10-16 18:30:50	25.572087853333333	105.04944973333333	105.29998	1	0	0	0	0
2024-10-16 18:31:00	25.604903567088606	105.00834813924051	105.29998	1	0	0	0	0
2024-10-16 18:31:10	25.605993357142857	105.31438687755102	105.29998	1	0	0	0	0
2024-10-16 18:31:20	25.60348412469136	105.01732041975309	105.29998	1	0	0	0	0
2024-10-16 18:31:30	25.652740509756097	104.78127224390245	105.29998	1	0	0	0	0
2024-10-16 18:31:40	25.61597571851852	105.10811981481481	105.29998	1	0	0	0	0
2024-10-16 18:31:50	25.68860811147541	104.69292296721311	105.29998	1	0	0	0	0
2024-10-16 18:32:00	25.646077844303797	105.03932264556961	105.29998	1	0	0	0	0
2024-10-16 18:32:10	25.655340701694914	105.00735438983051	105.29998	1	0	0	0	0
2024-10-16 18:32:20	25.71373024390244	104.74668117073172	105.29998	1	0	0	0	0
2024-10-16 18:32:30	25.684173224000002	105.09748592	105.29998	1	0	0	0	0
2024-10-16 18:32:40	25.680588580000002	105.0736278	105.29998	1	0	0	0	0
2024-10-16 18:32:50	25.69111324	105.0662262	105.29998	1	0	0	0	0
2024-10-16 18:33:00	25.704358506329115	105.02998041772152	105.29998	1	0	0	0	0
2024-10-16 18:33:10	25.692140860000002	105.14962155	105.29998	1	0	0	0	0
2024-10-16 18:33:20	25.728357674999998	104.9696875625	105.29998	1	0	0	0	0
2024-10-16 18:33:30	25.74193164375	105.1301288125	105.29998	1	0	0	0	0
2024-10-16 18:33:40	25.737656785	104.94641658333333	105.29998	1	0	0	0	0
2024-10-16 18:33:50	25.66961456	105.4908794	105.29998	1	0	0	0	0
2024-10-16 18:34:00	25.700331964556963	105.09756077215191	105.29998	1	0	0	0	0
2024-10-16 18:34:10	25.70012970422535	105.31801114084506	105.29998	1	0	0	0	0
2024-10-16 18:34:20	25.787696782	104.81254034	105.29998	1	0	0	0	0
2024-10-16 18:34:30	25.791047619148937	104.87072957446809	105.29998	1	0	0	0	0
2024-10-16 18:34:40	25.748784486885246	105.26539668852459	105.29998	1	0	0	0	0
2024-10-16 18:34:50	25.78223451666667	105.1614249	105.29998	1	0	0	0	0
2024-10-16 18:35:00	25.739277414285716	105.36674142857143	105.29998	1	0	0	0	0
2024-10-16 18:35:10	25.74750357352941	105.11167122058824	105.29998	1	0	0	0	0
2024-10-16 18:35:20	25.762873434285716	105.23000711428571	105.29998	1	0	0	0	0
2024-10-16 18:35:30	25.789876772881357	105.15434184745763	105.29998	1	0	0	0	0
2024-10-16 18:35:40	25.796985321999998	105.0931173	105.29998	1	0	0	0	0
2024-10-16 18:35:50	25.785871583606557	105.17482219672131	105.29998	1	0	0	0	0
2024-10-16 18:36:00	25.786823974683546	105.05352524050633	105.29998	1	0	0	0	0
2024-10-16 18:36:10	25.829235296551722	104.98232941379311	105.29998	1	0	0	0	0
2024-10-16 18:36:20	25.824840516666665	105.0760641	105.29998	1	0	0	0	0
2024-10-16 18:36:30	25.856966080952382	104.84452421428571	105.29998	1	0	0	0	0
2024-10-16 18:36:40	25.88421371304348	104.76103247826087	105.29998	1	0	0	0	0
2024-10-16 18:36:50	25.827396076	105.13943456	105.29998	1	0	0	0	0
2024-10-16 18:37:00	25.849690759999998	105.102901	105.29998	1	0	0	0	0
2024-10-16 18:37:10	25.89204466956522	104.88389752173913	105.29998	1	0	0	0	0
2024-10-16 18:37:20	25.89348218591549	104.87359384507043	105.29998	1	0	0	0	0
2024-10-16 18:37:30	25.879112266	105.16657104	105.29998	1	0	0	0	0
2024-10-16 18:37:40	25.861065081967215	105.36150803278689	105.29998	1	0	0	0	0
2024-10-16 18:37:50	25.883142372881355	105.06045318644068	105.29998	1	0	0	0	0
2024-10-16 18:38:00	25.88573983956044	105.02489972527472	105.29998	1	0	0	0	0
2024-10-16 18:38:10	25.881237406557375	105.1972125409836	105.29998	1	0	0	0	0
2024-10-16 18:38:20	25.883741094202897	105.31000444927537	105.29998	1	0	0	0	0
2024-10-16 18:38:30	25.898549156	105.10601348	105.29998	1	0	0	0	0
2024-10-16 18:38:40	25.889603237288135	105.32042618644067	105.29998	1	0	0	0	0
2024-10-16 18:38:50	25.883865896	105.3388916	105.29998	1	0	0	0	0
2024-10-16 18:39:00	25.92573903	105.06958833750001	105.29998	1	0	0	0	0
2024-10-16 18:39:10	25.909293047887324	105.19168823943663	105.29998	1	0	0	0	0
2024-10-16 18:39:20	25.891242962025316	105.36415216455696	105.29998	1	0	0	0	0
2024-10-16 18:39:30	25.900059451020407	105.33450157142858	105.29998	1	0	0	0	0
2024-10-16 18:39:40	25.935088182857143	105.27152668571429	105.29998	1	0	0	0	0
2024-10-16 18:39:50	25.923296470588234	105.23363094117647	105.29998	1	0	0	0	0
2024-10-16 18:40:00	25.98089624857143	105.09247582857142	105.29998	1	0	0	0	0
2024-10-16 18:40:10	25.976335402500002	105.05226605	105.29998	1	0	0	0	0
2024-10-16 18:40:20	25.99393284915254	104.88865223728813	105.29998	1	0	0	0	0
2024-10-16 18:40:30	25.94378523529412	105.25236531372549	105.29998	1	0	0	0	0
2024-10-16 18:40:40	25.9441856	105.24649366666667	105.29998	1	0	0	0	0
2024-10-16 18:40:50	25.958585623529412	105.14879329411765	105.29998	1	0	0	0	0
2024-10-16 18:41:00	26.004620747058823	104.90762305882353	105.29998	1	0	0	0	0
2024-10-16 18:41:10	25.991460887804877	105.17035789024389	105.29998	1	0	0	0	0
2024-10-16 18:41:20	26.03566881772152	104.77365232911392	105.29998	1	0	0	0	0
2024-10-16 18:41:30	26.017416121951218	104.92148534146341	105.29998	1	0	0	0	0
2024-10-16 18:41:40	26.03015858985507	104.73356975362319	105.29998	1	0	0	0	0
2024-10-16 18:41:50	26.003974158000002	105.4632375	105.29998	1	0	0	0	0
2024-10-16 18:42:00	26.05659148333333	104.87311266666666	105.29998	1	0	0	0	0
2024-10-16 18:42:10	25.978754188235293	105.3766998235294	105.29998	1	0	0	0	0
2024-10-16 18:42:20	25.971785430985914	105.40780725352113	105.29998	1	0	0	0	0
2024-10-16 18:42:30	25.97926263559322	105.13941337288135	105.29998	1	0	0	0	0
2024-10-16 18:42:40	25.949267304347828	105.5604716521739	105.29998	1	0	0	0	0
2024-10-16 18:42:50	25.99857947857143	105.2562065952381	105.29998	1	0	0	0	0
2024-10-16 18:43:00	26.0686762	104.81495133333334	105.29998	1	0	0	0	0
2024-10-16 18:43:10	26.03937033333333	104.9978012962963	105.29998	1	0	0	0	0
2024-10-16 18:43:20	26.046390641975307	105.05248381481482	105.29998	1	0	0	0	0
2024-10-16 18:43:30	26.020076344827586	105.25024865517241	105.29998	1	0	0	0	0
2024-10-16 18:43:40	26.04019179661017	105.00111376271187	105.29998	1	0	0	0	0
2024-10-16 18:43:50	26.051340633898302	105.19176247457627	105.29998	1	0	0	0	0
2024-10-16 18:44:00	26.08155398235294	105.00298821568627	105.29998	1	0	0	0	0
2024-10-16 18:44:10	26.0043564	105.491196	105.29998	1	0	0	0	0
2024-10-16 18:44:20	26.02261686835443	105.40644634177215	105.29998	1	0	0	0	0
2024-10-16 18:44:30	26.055313907142857	105.06673425714285	105.29998	1	0	0	0	0
2024-10-16 18:44:40	26.03927164117647	105.28429939215687	105.29998	1	0	0	0	0
2024-10-16 18:44:50	26.059313175510205	105.23213251020408	105.29998	1	0	0	0	0
2024-10-16 18:45:00	26.025527420833335	105.43166347222223	105.29998	1	0	0	0	0
2024-10-16 18:45:10	26.06697673673469	105.19385224489795	105.29998	1	0	0	0	0
2024-10-16 18:45:20	26.1114671175	104.842175075	105.29998	1	0	0	0	0
2024-10-16 18:45:30	26.128812535135136	104.76819918918919	105.29998	1	0	0	0	0
2024-10-16 18:45:40	26.097117263999998	105.17700552	105.29998	1	0	0	0	0
2024-10-16 18:45:50	26.107290074	105.02590072000001	105.29998	1	0	0	0	0
2024-10-16 18:46:00	26.143194110126583	104.96202617721518	105.29998	1	0	0	0	0
2024-10-16 18:46:10	26.101624947457626	105.27901891525423	105.29998	1	0	0	0	0
2024-10-16 18:46:20	26.086316521739132	105.37691000000001	105.29998	1	0	0	0	0
2024-10-16 18:46:30	26.131157408695653	105.12705334782608	105.29998	1	0	0	0	0
2024-10-16 18:46:40	26.153276122857143	105.03888782857143	105.29998	1	0	0	0	0
2024-10-16 18:46:50	26.162342371428572	104.8036786122449	105.29998	1	0	0	0	0
2024-10-16 18:47:00	26.205195070491804	104.77663683606558	105.29998	1	0	0	0	0
2024-10-16 18:47:10	26.189164966666667	105.01474900000001	105.29998	1	0	0	0	0
2024-10-16 18:47:20	26.148835454945054	105.32428053846154	105.29998	1	0	0	0	0
2024-10-16 18:47:30	26.164554543999998	105.2398638	105.29998	1	0	0	0	0
2024-10-16 18:47:40	26.22641514074074	104.87378867901235	105.29998	1	0	0	0	0
2024-10-16 18:47:50	26.17619277	105.28162628	105.29998	1	0	0	0	0
2024-10-16 18:48:00	26.16694435142857	105.1745662	105.29998	1	0	0	0	0
2024-10-16 18:48:10	26.130958906	105.48172848	105.29998	1	0	0	0	0
2024-10-16 18:48:20	26.165861795	105.21707505	105.29998	1	0	0	0	0
2024-10-16 18:48:30	26.22081968227848	104.9192249113924	105.29998	1	0	0	0	0
2024-10-16 18:48:40	26.174993495774647	105.26257616901408	105.29998	1	0	0	0	0
2024-10-16 18:48:50	26.22803834915254	104.89341437288135	105.29998	1	0	0	0	0
2024-10-16 18:49:00	26.23068546	104.97374914285714	105.29998	1	0	0	0	0
2024-10-16 18:49:10	26.231196468	105.00435712000001	105.29998	1	0	0	0	0
2024-10-16 18:49:20	26.16627373	105.4324356	105.29998	1	0	0	0	0
2024-10-16 18:49:30	26.207824733333336	105.07947033333333	105.29998	1	0	0	0	0
2024-10-16 18:49:40	26.172814603703706	105.364379	105.29998	1	0	0	0	0
2024-10-16 18:49:50	26.21802125102041	105.03629197959184	105.29998	1	0	0	0	0
2024-10-16 18:50:00	26.255001853521126	105.04577973239437	105.29998	1	0	0	0	0
2024-10-16 18:50:10	26.277843474509805	104.84361617647059	105.29998	1	0	0	0	0
2024-10-16 18:50:20	26.260711708474577	104.98866211864406	105.29998	1	0	0	0	0
2024-10-16 18:50:30	26.241114568	105.0078576	105.29998	1	0	0	0	0
2024-10-16 18:50:40	26.25615952	105.0284746	105.29998	1	0	0	0	0
2024-10-16 18:50:50	26.229081850847457	105.14611889830508	105.29998	1	0	0	0	0
2024-10-16 18:51:00	26.18131133521127	105.47061095774647	105.29998	1	0	0	0	0
2024-10-16 18:51:10	26.248281972413796	104.99938187931035	105.29998	1	0	0	0	0
2024-10-16 18:51:20	26.271795749019606	104.9722758235294	105.29998	1	0	0	0	0
2024-10-16 18:51:30	26.26795989714286	105.02308502857143	105.29998	1	0	0	0	0
2024-10-16 18:51:40	26.235923133333333	105.25324766666667	105.29998	1	0	0	0	0
2024-10-16 18:51:50	26.243323049999997	105.21671434000001	105.29998	1	0	0	0	0
2024-10-16 18:52:00	26.19846255	105.49220890000001	105.29998	1	0	0	0	0
2024-10-16 18:52:10	26.228212216	105.29069306	105.29998	1	0	0	0	0
2024-10-16 18:52:20	26.25073120655738	105.19094863934426	105.29998	1	0	0	0	0
2024-10-16 18:52:30	26.25753758	105.02964659999999	105.29998	1	0	0	0	0
2024-10-16 18:52:40	26.204924381012656	105.46054502531646	105.29998	1	0	0	0	0
2024-10-16 18:52:50	26.219991669491527	105.33404554237289	105.29998	1	0	0	0	0
2024-10-16 18:53:00	26.238234938461538	105.16751038461538	105.29998	1	0	0	0	0
2024-10-16 18:53:10	26.206255853061226	105.28817569387755	105.29998	1	0	0	0	0
2024-10-16 18:53:20	26.238540552112674	105.02143516901408	105.29998	1	0	0	0	0
2024-10-16 18:53:30	26.26598	104.92999291304348	105.29998	1	0	0	0	0
2024-10-16 18:53:40	26.2543987925	105.154794075	105.29998	1	0	0	0	0
2024-10-16 18:53:50	26.271071165573773	105.01374293442623	105.29998	1	0	0	0	0
2024-10-16 18:54:00	26.24952883934426	105.21413393442623	105.29998	1	0	0	0	0
2024-10-16 18:54:10	26.219302513793103	105.3323724137931	105.29998	1	0	0	0	0
2024-10-16 18:54:20	26.18858206530612	105.49874371428571	105.29998	1	0	0	0	0
2024-10-16 18:54:30	26.184744689655172	105.32865789655173	105.29998	1	0	0	0	0
2024-10-16 18:54:40	26.18340634936709	105.47193456962025	105.29998	1	0	0	0	0
2024-10-16 18:54:50	26.222312104347825	105.31266171014492	105.29998	1	0	0	0	0
2024-10-16 18:55:00	26.198084171428572	105.38432348571429	105.29998	1	0	0	0	0
2024-10-16 18:55:10	26.218291402040816	105.29832875510205	105.29998	1	0	0	0	0
2024-10-16 18:55:20	26.16108623943662	105.34460211267606	105.29998	1	0	0	0	0
2024-10-16 18:55:30	26.16323759375	105.566993125	105.29998	1	0	0	0	0
2024-10-16 18:55:40	26.180641796296296	105.49649240740742	105.29998	1	0	0	0	0
2024-10-16 18:55:50	26.20769234	105.3270506	105.29998	1	0	0	0	0
2024-10-16 18:56:00	26.18091353	105.44704890000001	105.29998	1	0	0	0	0
2024-10-16 18:56:10	26.205903008	105.3064468	105.29998	1	0	0	0	0
2024-10-16 18:56:20	26.166474752	105.38213856	105.29998	1	0	0	0	0
2024-10-16 18:56:30	26.263731228	104.92604408	105.29998	1	0	0	0	0
2024-10-16 18:56:40	26.200100586666665	105.37951984444445	105.29998	1	0	0	0	0
2024-10-16 18:56:50	26.224920913333335	105.35705143333333	105.29998	1	0	0	0	0
2024-10-16 18:57:00	26.21797602022472	105.29199268539325	105.29998	1	0	0	0	0
2024-10-16 18:57:10	26.240537008	105.23382348	105.29998	1	0	0	0	0
2024-10-16 18:57:20	26.189692	105.40463628571429	105.29998	1	0	0	0	0
2024-10-16 18:57:30	26.20715142857143	105.2893406122449	105.29998	1	0	0	0	0
2024-10-16 18:57:40	26.17420183	105.2483256	105.29998	1	0	0	0	0
2024-10-16 18:57:50	26.260112381967215	104.93183096721312	105.29998	1	0	0	0	0
2024-10-16 18:58:00	26.258817342222223	105.01453533333334	105.29998	1	0	0	0	0
2024-10-16 18:58:10	26.208860114285716	105.34594992857143	105.29998	1	0	0	0	0
2024-10-16 18:58:20	26.215044614	105.2893215	105.29998	1	0	0	0	0
2024-10-16 18:58:30	26.18862406585366	105.55477053658537	105.29998	1	0	0	0	0
2024-10-16 18:58:40	26.220188240000002	105.26487792727274	105.29998	1	0	0	0	0
2024-10-16 18:58:50	26.21315423	105.5080469	105.29998	1	0	0	0	0
2024-10-16 18:59:00	26.227610294366198	105.23102033802817	105.29998	1	0	0	0	0
2024-10-16 18:59:10	26.205249870491805	105.38248063934427	105.29998	1	0	0	0	0
2024-10-16 18:59:20	26.20029606	105.40279460000001	105.29998	1	0	0	0	0
2024-10-16 18:59:30	26.25909584897959	105.1674418979592	105.29998	1	0	0	0	0
2024-10-16 18:59:40	26.205547215714287	105.3725582	105.29998	1	0	0	0	0
2024-10-16 18:59:50	26.218971983333333	105.27444045833333	105.29998	1	0	0	0	0
2024-10-16 19:00:00	26.211208298780488	105.39881302439025	105.29998	1	0	0	0	0
2024-10-16 19:00:10	26.187208420289856	105.44597363768116	105.29998	1	0	0	0	0
2024-10-16 19:00:20	26.215910251020407	105.27380069387755	105.29998	1	0	0	0	0
2024-10-16 19:00:30	26.17771227142857	105.47414118367347	105.29998	1	0	0	0	0
2024-10-16 19:00:40	26.234695411999997	105.29925712000001	105.29998	1	0	0	0	0
2024-10-16 19:00:50	26.224341291428573	105.06006262857143	105.29998	1	0	0	0	0
2024-10-16 19:01:00	26.223217297142856	105.25919062857143	105.29998	1	0	0	0	0
2024-10-16 19:01:10	26.258500542028987	105.25968327536232	105.29998	1	0	0	0	0
2024-10-16 19:01:20	26.187468246835444	105.49516510126583	105.29998	1	0	0	0	0
2024-10-16 19:01:30	26.161861884	105.65477534	105.29998	1	0	0	0	0
2024-10-16 19:01:40	26.179962351923077	105.47752880769231	105.29998	1	0	0	0	0
2024-10-16 19:01:50	26.245685476811595	105.11809152173913	105.29998	1	0	0	0	0
2024-10-16 19:02:00	26.20792174	105.31197906666667	105.29998	1	0	0	0	0
2024-10-16 19:02:10	26.17117063103448	105.54526134482758	105.29998	1	0	0	0	0
2024-10-16 19:02:20	26.21474674	105.20920066666666	105.29998	1	0	0	0	0
2024-10-16 19:02:30	26.171258333333334	105.4324060952381	105.29998	1	0	0	0	0
2024-10-16 19:02:40	26.19842695652174	105.3421152173913	105.29998	1	0	0	0	0
2024-10-16 19:02:50	26.239525416	105.03947328	105.29998	1	0	0	0	0
2024-10-16 19:03:00	26.17148493	105.5151188	105.29998	1	0	0	0	0
2024-10-16 19:03:10	26.19388782857143	105.36832751428572	105.29998	1	0	0	0	0
2024-10-16 19:03:20	26.264094010126584	104.94482262025316	105.29998	1	0	0	0	0
2024-10-16 19:03:30	26.2085127	105.22617234	105.29998	1	0	0	0	0
2024-10-16 19:03:40	26.20166274576271	105.34640333898305	105.29998	1	0	0	0	0
2024-10-16 19:03:50	26.146680923404254	105.66773840425533	105.29998	1	0	0	0	0
2024-10-16 19:04:00	26.198460918571428	105.22145725714286	105.29998	1	0	0	0	0
2024-10-16 19:04:10	26.236980058620688	105.10081179310345	105.29998	1	0	0	0	0
2024-10-16 19:04:20	26.2054354	105.34331233333333	105.29998	1	0	0	0	0
2024-10-16 19:04:30	26.189742895238094	105.42907661904762	105.29998	1	0	0	0	0
2024-10-16 19:04:40	26.20384324117647	105.33024562745098	105.29998	1	0	0	0	0
2024-10-16 19:04:50	26.222605515254237	105.22619644067797	105.29998	1	0	0	0	0
2024-10-16 19:05:00	26.227757541758244	105.26931791208791	105.29998	1	0	0	0	0
2024-10-16 19:05:10	26.24444725142857	105.32979054285714	105.29998	1	0	0	0	0
2024-10-16 19:05:20	26.239783924050634	105.17923315189874	105.29998	1	0	0	0	0
2024-10-16 19:05:30	26.236630159183672	105.23381757142857	105.29998	1	0	0	0	0
2024-10-16 19:05:40	26.23556489180328	105.10100129508196	105.29998	1	0	0	0	0
2024-10-16 19:05:50	26.237706585714285	105.2585816734694	105.29998	1	0	0	0	0
2024-10-16 19:06:00	26.2266228125	105.3303275	105.29998	1	0	0	0	0
2024-10-16 19:06:10	26.256850333333333	105.1558211594203	105.29998	1	0	0	0	0
2024-10-16 19:06:20	26.249047352459016	105.21562181967212	105.29998	1	0	0	0	0
2024-10-16 19:06:30	26.197090742857146	105.58813726530613	105.29998	1	0	0	0	0
2024-10-16 19:06:40	26.221424266666666	105.40822508974358	105.29998	1	0	0	0	0
2024-10-16 19:06:50	26.224141802000002	105.46974002	105.29998	1	0	0	0	0
2024-10-16 19:07:00	26.280079247058822	105.0450025882353	105.29998	1	0	0	0	0
2024-10-16 19:07:10	26.281152977777776	105.07164212345678	105.29998	1	0	0	0	0
2024-10-16 19:07:20	26.2714452275	105.11513175	105.29998	1	0	0	0	0
2024-10-16 19:07:30	26.27042160487805	105.11690843902439	105.29998	1	0	0	0	0
2024-10-16 19:07:40	26.30556797887324	104.98513053521127	105.29998	1	0	0	0	0
2024-10-16 19:07:50	26.245442285714287	104.95024187755102	105.29998	1	0	0	0	0
2024-10-16 19:08:00	26.242637674509805	105.40872033333332	105.29998	1	0	0	0	0
2024-10-16 19:08:10	26.22029161	105.5311456	105.29998	1	0	0	0	0
2024-10-16 19:08:20	26.2602783825	105.27317305000001	105.29998	1	0	0	0	0
2024-10-16 19:08:30	26.257155532	105.32349796	105.29998	1	0	0	0	0
2024-10-16 19:08:40	26.257686915	105.382569525	105.29998	1	0	0	0	0
2024-10-16 19:08:50	26.2687872	105.23924684	105.29998	1	0	0	0	0
2024-10-16 19:09:00	26.256630772	105.2936706	105.29998	1	0	0	0	0
2024-10-16 19:09:10	26.232891066666667	105.36558833333333	105.29998	1	0	0	0	0
2024-10-16 19:09:20	26.256589654285715	105.23420048571428	105.29998	1	0	0	0	0
2024-10-16 19:09:30	26.177944760000003	105.6821989	105.29998	1	0	0	0	0
2024-10-16 19:09:40	26.242017099999998	105.32896433333333	105.29998	1	0	0	0	0
2024-10-16 19:09:50	26.261914512	105.18381344	105.29998	1	0	0	0	0
2024-10-16 19:10:00	26.21957966	105.492523	105.29998	1	0	0	0	0
2024-10-16 19:10:10	26.27109554897959	105.16624708163266	105.29998	1	0	0	0	0
2024-10-16 19:10:20	26.22863113714286	105.40087825714286	105.29998	1	0	0	0	0
2024-10-16 19:10:30	26.22462262	105.345518	105.29998	1	0	0	0	0
2024-10-16 19:10:40	26.20448557654321	105.46104754320989	105.29998	1	0	0	0	0
2024-10-16 19:10:50	26.200126039215686	105.5219467254902	105.29998	1	0	0	0	0
2024-10-16 19:11:00	26.240894702531644	105.24617487341771	105.29998	1	0	0	0	0
2024-10-16 19:11:10	26.240861256	105.25332764	105.29998	1	0	0	0	0
2024-10-16 19:11:20	26.21754111875	105.398481875	105.29998	1	0	0	0	0
2024-10-16 19:11:30	26.226955838709678	105.19425461290322	105.29998	1	0	0	0	0
2024-10-16 19:11:40	26.230472420895524	105.29132491044777	105.29998	1	0	0	0	0
2024-10-16 19:11:50	26.19235166129032	105.53323082258065	105.29998	1	0	0	0	0
2024-10-16 19:12:00	26.22045188405797	105.52018544927536	105.29998	1	0	0	0	0
2024-10-16 19:12:10	26.185223064	105.39665472	105.29998	1	0	0	0	0
2024-10-16 19:12:20	26.228430768571428	105.22322302857143	105.29998	1	0	0	0	0
2024-10-16 19:12:30	26.238662444	105.03983368	105.29998	1	0	0	0	0
2024-10-16 19:12:40	26.173274078260867	105.62032791304348	105.29998	1	0	0	0	0
2024-10-16 19:12:50	26.218899787999998	105.26168390000001	105.29998	1	0	0	0	0
2024-10-16 19:13:00	26.238453425	105.22045119117647	105.29998	1	0	0	0	0
2024-10-16 19:13:10	26.184728782758622	105.36957984482758	105.29998	1	0	0	0	0
2024-10-16 19:13:20	26.18397904366197	105.52195987323944	105.29998	1	0	0	0	0
2024-10-16 19:13:30	26.17375776	105.292607	105.29998	1	0	0	0	0
2024-10-16 19:13:40	26.239147905633804	105.13676453521127	105.29998	1	0	0	0	0
2024-10-16 19:13:50	26.204728755932205	105.39798950847457	105.29998	1	0	0	0	0
2024-10-16 19:14:00	26.18933472941176	105.16640101960785	105.29998	1	0	0	0	0
2024-10-16 19:14:10	26.1737938	105.55378	105.29998	1	0	0	0	0
2024-10-16 19:14:20	26.230986803076924	105.15953581538461	105.29998	1	0	0	0	0
2024-10-16 19:14:30	26.196757704918035	105.29212127868853	105.29998	1	0	0	0	0
2024-10-16 19:14:40	26.206420898876406	105.33958408988764	105.29998	1	0	0	0	0
2024-10-16 19:14:50	26.268077921666666	105.16264093333334	105.29998	1	0	0	0	0
2024-10-16 19:15:00	26.223976729411767	105.278697	105.29998	1	0	0	0	0
2024-10-16 19:15:10	26.197575714285712	105.44016459183675	105.29998	1	0	0	0	0
2024-10-16 19:15:20	26.229827602531646	105.2204102278481	105.29998	1	0	0	0	0
2024-10-16 19:15:30	26.202368933333332	105.25955	105.29998	1	0	0	0	0
2024-10-16 19:15:40	26.244260045714285	105.1324476	105.29998	1	0	0	0	0
2024-10-16 19:15:50	26.24066264	105.18940935	105.29998	1	0	0	0	0
2024-10-16 19:16:00	26.167708184507042	105.57569328169014	105.29998	1	0	0	0	0
2024-10-16 19:16:10	26.2054468877551	105.36159624489795	105.29998	1	0	0	0	0
2024-10-16 19:16:20	26.2054468877551	105.36159624489795	105.29998	1	0	0	0	0
2024-10-16 19:16:30	26.177147668333333	105.55433763333333	105.29998	1	0	0	0	0
2024-10-16 19:16:40	26.177147668333333	105.55433763333333	105.29998	1	0	0	0	0
2024-10-16 19:16:50	26.19625158142857	105.42139374285715	105.29998	1	0	0	0	0
2024-10-16 19:17:00	26.183399023333333	105.44197261666666	105.29998	1	0	0	0	0
2024-10-16 19:17:10	26.18302868852459	105.37224396721312	105.29998	1	0	0	0	0
2024-10-16 19:17:20	26.210079135999997	105.24144192	105.29998	1	0	0	0	0
2024-10-16 19:17:30	26.220475825352114	105.19603802816901	105.29998	1	0	0	0	0
2024-10-16 19:17:40	26.213182716049385	105.22921869135803	105.29998	1	0	0	0	0
2024-10-16 19:17:50	26.173151875000002	105.47988973529411	105.29998	1	0	0	0	0
2024-10-16 19:18:00	26.158183512500003	105.409242675	105.29998	1	0	0	0	0
2024-10-16 19:18:10	26.216162726666667	105.23880896666667	105.29998	1	0	0	0	0
2024-10-16 19:18:20	26.18352	105.25689233333334	105.29998	1	0	0	0	0
2024-10-16 19:18:30	26.244032977142854	105.10199845714286	105.29998	1	0	0	0	0
2024-10-16 19:18:40	26.183251576595744	105.22973519148935	105.29998	1	0	0	0	0
2024-10-16 19:18:50	26.252574319999997	104.96635191428571	105.29998	1	0	0	0	0
2024-10-16 19:19:00	26.23791494057971	105.09230504347826	105.29998	1	0	0	0	0
2024-10-16 19:19:10	26.26149538142857	104.96364924285714	105.29998	1	0	0	0	0
2024-10-16 19:19:20	26.180462608	105.3882924	105.29998	1	0	0	0	0
2024-10-16 19:19:30	26.286729833333332	105.05969773611112	105.29998	1	0	0	0	0
2024-10-16 19:19:40	26.202311854166666	105.38330120833332	105.29998	1	0	0	0	0
2024-10-16 19:19:50	26.201005334567903	105.36373638271604	105.29998	1	0	0	0	0
2024-10-16 19:20:00	26.232369585714284	105.16613557142857	105.29998	1	0	0	0	0
2024-10-16 19:20:10	26.22459751948052	105.41862875324675	105.29998	1	0	0	0	0
2024-10-16 19:20:20	26.15016166440678	105.67815745762712	105.29998	1	0	0	0	0
2024-10-16 19:20:30	26.24605113333333	105.05338066666667	105.29998	1	0	0	0	0
2024-10-16 19:20:40	26.167160279999997	105.64087972	105.29998	1	0	0	0	0
2024-10-16 19:20:50	26.18462905111111	105.31772622222222	105.29998	1	0	0	0	0
2024-10-16 19:21:00	26.17916745084746	105.17633425423729	105.29998	1	0	0	0	0
2024-10-16 19:21:10	26.195203604285712	105.29798555714285	105.29998	1	0	0	0	0
2024-10-16 19:21:20	26.246389235	104.998145	105.29998	1	0	0	0	0
2024-10-16 19:21:30	26.25306891025641	104.99951191025642	105.29998	1	0	0	0	0
2024-10-16 19:21:40	26.245410446	105.19980978	105.29998	1	0	0	0	0
2024-10-16 19:21:50	26.2051974375	105.4837596875	105.29998	1	0	0	0	0
2024-10-16 19:22:00	26.24382796056338	105.14058749295775	105.29998	1	0	0	0	0
2024-10-16 19:22:10	26.17510490786517	105.54871111235956	105.29998	1	0	0	0	0
2024-10-16 19:22:20	26.175901972	105.48276374	105.29998	1	0	0	0	0
2024-10-16 19:22:30	26.220953916326533	105.19806357142856	105.29998	1	0	0	0	0
2024-10-16 19:22:40	26.257283604347826	104.99210636956522	105.29998	1	0	0	0	0
2024-10-16 19:22:50	26.18049375925926	105.51220527160494	105.29998	1	0	0	0	0
2024-10-16 19:23:00	26.204568842857142	105.4152478	105.29998	1	0	0	0	0
2024-10-16 19:23:10	26.213155573417723	105.30219170886076	105.29998	1	0	0	0	0
2024-10-16 19:23:20	26.2456356	105.1010426	105.29998	1	0	0	0	0
2024-10-16 19:23:30	26.190323472	105.48118912000001	105.29998	1	0	0	0	0
2024-10-16 19:23:40	26.197756653061226	105.36864073469388	105.29998	1	0	0	0	0
2024-10-16 19:23:50	26.251588528985508	105.200321	105.29998	1	0	0	0	0
2024-10-16 19:24:00	26.21524162	105.4360202	105.29998	1	0	0	0	0
2024-10-16 19:24:10	26.205104702469136	105.18637001234569	105.29998	1	0	0	0	0
2024-10-16 19:24:20	26.22153424857143	105.32355865714285	105.29998	1	0	0	0	0
2024-10-16 19:24:30	26.263075070588236	105.02237247058824	105.29998	1	0	0	0	0
2024-10-16 19:24:40	26.213095182978726	105.31781110638298	105.29998	1	0	0	0	0
2024-10-16 19:24:50	26.249655911864405	105.05625064406779	105.29998	1	0	0	0	0
2024-10-16 19:25:00	26.151415915714285	105.43518371428571	105.29998	1	0	0	0	0
2024-10-16 19:25:10	26.25614054	105.0570924	105.29998	1	0	0	0	0
2024-10-16 19:25:20	26.235107326086958	105.15851330434784	105.29998	1	0	0	0	0
2024-10-16 19:25:30	26.170986519512194	105.5907023292683	105.29998	1	0	0	0	0
2024-10-16 19:25:40	26.233234836585364	105.20097287804879	105.29998	1	0	0	0	0
2024-10-16 19:25:50	26.25414878103448	105.06850170689655	105.29998	1	0	0	0	0
2024-10-16 19:26:00	26.204214099999998	105.40633554545455	105.29998	1	0	0	0	0
2024-10-16 19:26:10	26.238055509876542	105.1494861728395	105.29998	1	0	0	0	0
2024-10-16 19:26:20	26.203240829032257	105.43469793548387	105.29998	1	0	0	0	0
2024-10-16 19:26:30	26.26254364	105.20064328000001	105.29998	1	0	0	0	0
2024-10-16 19:26:40	26.215195680487806	105.36766639024391	105.29998	1	0	0	0	0
2024-10-16 19:26:50	26.260567208	105.12736302	105.29998	1	0	0	0	0
2024-10-16 19:27:00	26.25291601864407	105.13498052542373	105.29998	1	0	0	0	0
2024-10-16 19:27:10	26.22836524555556	105.28390956666667	105.29998	1	0	0	0	0
2024-10-16 19:27:20	26.181165545714286	105.5392118857143	105.29998	1	0	0	0	0
2024-10-16 19:27:30	26.19619736857143	105.46537271428572	105.29998	1	0	0	0	0
2024-10-16 19:27:40	26.217872276923078	105.298484	105.29998	1	0	0	0	0
2024-10-16 19:27:50	26.317272720289857	104.85353698550725	105.29998	1	0	0	0	0
2024-10-16 19:28:00	26.230896086885245	105.30660995081968	105.29998	1	0	0	0	0
2024-10-16 19:28:10	26.24875163777778	105.18702582222222	105.29998	1	0	0	0	0
2024-10-16 19:28:20	26.227727655737706	105.33350690163935	105.29998	1	0	0	0	0
2024-10-16 19:28:30	26.225815086666664	105.3737978	105.29998	1	0	0	0	0
2024-10-16 19:28:40	26.2861274625	105.18910258333334	105.29998	1	0	0	0	0
2024-10-16 19:28:50	26.1956645	105.73833513333334	105.29998	1	0	0	0	0
2024-10-16 19:29:00	26.269910333333332	105.04167833333334	105.29998	1	0	0	0	0
2024-10-16 19:29:10	26.252071857500002	105.19230415	105.29998	1	0	0	0	0
2024-10-16 19:29:20	26.26647543714286	105.3031176	105.29998	1	0	0	0	0
2024-10-16 19:29:30	26.252675626582278	105.21235124050632	105.29998	1	0	0	0	0
2024-10-16 19:29:40	26.228433708	105.32748316	105.29998	1	0	0	0	0
2024-10-16 19:29:50	26.17289806	105.86604486666667	105.29998	1	0	0	0	0
2024-10-16 19:30:00	26.260425944	105.2124052	105.29998	1	0	0	0	0
2024-10-16 19:30:10	26.213608525	105.42848455	105.29998	1	0	0	0	0
2024-10-16 19:30:20	26.270817454320987	105.04401483950616	105.29998	1	0	0	0	0
2024-10-16 19:30:30	26.266397213114754	105.08391955737704	105.29998	1	0	0	0	0
2024-10-16 19:30:40	26.237487402040816	105.31445795918367	105.29998	1	0	0	0	0
2024-10-16 19:30:50	26.238900933766235	105.33234609090908	105.29998	1	0	0	0	0
2024-10-16 19:31:00	26.265247895999998	105.21827964	105.29998	1	0	0	0	0
2024-10-16 19:31:10	26.249162647058824	105.26015294117647	105.29998	1	0	0	0	0
2024-10-16 19:31:20	26.23115107	105.37296959999999	105.29998	1	0	0	0	0
2024-10-16 19:31:30	26.2349402875	105.325999775	105.29998	1	0	0	0	0
2024-10-16 19:31:40	26.235656524390244	105.31530695121951	105.29998	1	0	0	0	0
2024-10-16 19:31:50	26.258225934285715	105.20106519999999	105.29998	1	0	0	0	0
2024-10-16 19:32:00	26.21755004285714	105.37160665306122	105.29998	1	0	0	0	0
2024-10-16 19:32:10	26.270212929411763	105.14585564705882	105.29998	1	0	0	0	0
2024-10-16 19:32:20	26.22805204347826	105.40174523188406	105.29998	1	0	0	0	0
2024-10-16 19:32:30	26.24211070740741	105.30467585185185	105.29998	1	0	0	0	0
2024-10-16 19:32:40	26.28823568	105.01700275	105.29998	1	0	0	0	0
2024-10-16 19:32:50	26.24573580625	105.40913979999999	105.29998	1	0	0	0	0
2024-10-16 19:33:00	26.243592258	105.42445391999999	105.29998	1	0	0	0	0
2024-10-16 19:33:10	26.236160438333332	105.32311200000001	105.29998	1	0	0	0	0
2024-10-16 19:33:20	26.275028202857143	105.13442305714285	105.29998	1	0	0	0	0
2024-10-16 19:33:30	26.289951837142855	105.04101411428572	105.29998	1	0	0	0	0
2024-10-16 19:33:40	26.193102809859155	105.08303261971831	103.000015	1	0	0	0	0
2024-10-16 19:33:50	26.16201845652174	105.39253868115942	103.000015	1	0	0	0	0
2024-10-16 19:34:00	26.092320544	105.19469396	103.000015	1	0	0	0	0
2024-10-16 19:34:10	26.044115872499997	105.1632841	103.000015	1	0	0	0	0
2024-10-16 19:34:20	25.961382279591838	105.15362512244897	103.000015	1	0	0	0	0
2024-10-16 19:34:30	25.9027483725	105.2947929125	103.000015	1	0	0	0	0
2024-10-16 19:34:40	25.83942479607843	105.07716823529412	103.000015	1	0	0	0	0
2024-10-16 19:34:50	25.70199469	105.43949980000001	103.000015	1	0	0	0	0
2024-10-16 19:35:00	25.636404546	105.46715488	103.000015	1	0	0	0	0
2024-10-16 19:35:10	25.568900506329115	105.46128286075948	103.000015	1	0	0	0	0
2024-10-16 19:35:20	25.548965144	105.08812244	103.000015	1	0	0	0	0
2024-10-16 19:35:30	25.44614686	105.172279175	103.000015	1	0	0	0	0
2024-10-16 19:35:40	25.411933649180327	105.28957155737706	103.000015	1	0	0	0	0
2024-10-16 19:35:50	25.323639107352943	105.19163882352942	103.000015	1	0	0	0	0
2024-10-16 19:36:00	25.25488474098361	105.26343978688524	103.000015	1	0	0	0	0
2024-10-16 19:36:10	25.128228160869565	105.60305185507247	103.000015	1	0	0	0	0
2024-10-16 19:36:20	25.06649056666667	105.38781284313725	103.000015	1	0	0	0	0
2024-10-16 19:36:30	25.066265145714286	105.07377362857143	103.000015	1	0	0	0	0
2024-10-16 19:36:40	24.961585592000002	105.49566	103.000015	1	0	0	0	0
2024-10-16 19:36:50	24.859133773913044	105.45667930434783	103.000015	1	0	0	0	0
2024-10-16 19:37:00	24.838080352	105.16114266000001	103.000015	1	0	0	0	0
2024-10-16 19:37:10	24.708795834285716	105.62715497142857	103.000015	1	0	0	0	0
2024-10-16 19:37:20	24.682702976271184	105.28137081355932	103.000015	1	0	0	0	0
2024-10-16 19:37:30	24.570011514285714	105.4962494	103.000015	1	0	0	0	0
2024-10-16 19:37:40	24.52596247	105.1312278	103.000015	1	0	0	0	0
2024-10-16 19:37:50	24.473447912676054	105.22014043661972	103.000015	1	0	0	0	0
2024-10-16 19:38:00	24.384297728	105.37461947999999	103.000015	1	0	0	0	0
2024-10-16 19:38:10	24.288060084507045	105.54324614084507	103.000015	1	0	0	0	0
2024-10-16 19:38:20	24.336441666666666	104.85175025	103.000015	1	0	0	0	0
2024-10-16 19:38:30	24.20097902	105.29209091999999	103.000015	1	0	0	0	0
2024-10-16 19:38:40	24.149778293333334	105.17813286666666	103.000015	1	0	0	0	0
2024-10-16 19:38:50	24.112089246835442	104.94559265822785	103.000015	1	0	0	0	0
2024-10-16 19:39:00	24.03236477530864	105.22116043209877	103.000015	1	0	0	0	0
2024-10-16 19:39:10	24.03423106842105	104.66393063157895	103.000015	1	0	0	0	0
2024-10-16 19:39:20	23.964491434	104.97203328	103.000015	1	0	0	0	0
2024-10-16 19:39:30	23.916810882857142	104.75118688571429	103.000015	1	0	0	0	0
2024-10-16 19:39:40	23.93101866	104.28522153333334	103.000015	1	0	0	0	0
2024-10-16 19:39:50	23.847712505	104.457756425	103.000015	1	0	0	0	0
2024-10-16 19:40:00	23.84575421967213	104.2479086557377	103.000015	1	0	0	0	0
2024-10-16 19:40:10	23.792708708196724	104.53644470491804	103.000015	1	0	0	0	0
2024-10-16 19:40:20	23.750562508333335	104.39110808333334	103.000015	1	0	0	0	0
2024-10-16 19:40:30	23.753187720338982	104.38289193220339	103.000015	1	0	0	0	0
2024-10-16 19:40:40	23.672232445454547	104.39494881818182	103.000015	1	0	0	0	0
2024-10-16 19:40:50	23.679386285714287	104.08591287142858	103.000015	1	0	0	0	0
2024-10-16 19:41:00	23.66754201304348	103.86863413043478	103.000015	1	0	0	0	0
2024-10-16 19:41:10	23.671610917142857	103.77708751428571	103.000015	1	0	0	0	0
2024-10-16 19:41:20	23.592790394	104.11937622	103.000015	1	0	0	0	0
2024-10-16 19:41:30	23.63674769577465	103.52750450704227	103.000015	1	0	0	0	0
2024-10-16 19:41:40	23.793075542857142	102.53819928571428	103.000015	1	0	0	0	0
2024-10-16 19:41:50	23.82332346	102.5147458	103.000015	1	0	0	0	0
2024-10-16 19:42:00	23.79612352	102.767636	103.000015	1	0	0	0	0
2024-10-16 19:42:10	23.778605355555555	102.83267977777778	103.000015	1	0	0	0	0
2024-10-16 19:42:20	23.84825537	102.46009957999999	103.000015	1	0	0	0	0
2024-10-16 19:42:30	23.867026036734693	102.45890532653061	103.000015	1	0	0	0	0
2024-10-16 19:42:40	23.842147408163264	102.60435420408163	103.000015	1	0	0	0	0
2024-10-16 19:42:50	23.894569204347828	102.43771408695652	103.000015	1	0	0	0	0
2024-10-16 19:43:00	23.857381220689653	102.79991655172414	103.000015	1	0	0	0	0
2024-10-16 19:43:10	23.878734604494383	102.66028882022472	103.000015	1	0	0	0	0
2024-10-16 19:43:20	23.880982304	102.5929298	103.000015	1	0	0	0	0
2024-10-16 19:43:30	23.85716671714286	102.68760800000001	103.000015	1	0	0	0	0
2024-10-16 19:43:40	23.917063153061225	102.54675363265306	103.000015	1	0	0	0	0
2024-10-16 19:43:50	23.928841980246915	102.542718	103.000015	1	0	0	0	0
2024-10-16 19:44:00	23.90326114285714	102.75173674285715	103.000015	1	0	0	0	0
2024-10-16 19:44:10	23.92040247692308	102.90948105128206	103.000015	1	0	0	0	0
2024-10-16 19:44:20	23.946940184285715	102.5826490142857	103.000015	1	0	0	0	0
2024-10-16 19:44:30	23.967753440845073	102.52238126760562	103.000015	1	0	0	0	0
2024-10-16 19:44:40	23.982382814285714	102.49462435714285	103.000015	1	0	0	0	0
2024-10-16 19:44:50	23.97025566	102.676956	103.000015	1	0	0	0	0
2024-10-16 19:45:00	24.0053173	102.5030212	103.000015	1	0	0	0	0
2024-10-16 19:45:10	23.944980951898735	102.94651903797468	103.000015	1	0	0	0	0
2024-10-16 19:45:20	24.002078100000002	102.7852982	103.000015	1	0	0	0	0
2024-10-16 19:45:30	24.052953935714285	102.52979287142857	103.000015	1	0	0	0	0
2024-10-16 19:45:40	24.074491639999998	102.40764718	103.000015	1	0	0	0	0
2024-10-16 19:45:50	24.088159038961038	102.46831764935065	103.000015	1	0	0	0	0
2024-10-16 19:46:00	24.1351452	102.465309	103.000015	1	0	0	0	0
2024-10-16 19:46:10	24.10857612888889	102.54591337777778	103.000015	1	0	0	0	0
2024-10-16 19:46:20	24.02663044	103.09136	103.000015	1	0	0	0	0
2024-10-16 19:46:30	24.090449708	102.88467	103.000015	1	0	0	0	0
2024-10-16 19:46:40	24.09954333414634	102.6090103902439	103.000015	1	0	0	0	0
2024-10-16 19:46:50	24.094935043636365	102.81652134545455	103.000015	1	0	0	0	0
2024-10-16 19:47:00	24.07887142	102.90189714285714	103.000015	1	0	0	0	0
2024-10-16 19:47:10	24.098840733333333	102.84730266666666	103.000015	1	0	0	0	0
2024-10-16 19:47:20	24.173874329577465	102.40756811267606	103.000015	1	0	0	0	0
2024-10-16 19:47:30	24.18583448	102.4222534	103.000015	1	0	0	0	0
2024-10-16 19:47:40	24.199836422	102.49730452	103.000015	1	0	0	0	0
2024-10-16 19:47:50	24.19908977142857	102.6143617142857	103.000015	1	0	0	0	0
2024-10-16 19:48:00	24.23688948227848	102.51203634177216	103.000015	1	0	0	0	0
2024-10-16 19:48:10	24.213497716666666	102.64059379166666	103.000015	1	0	0	0	0
2024-10-16 19:48:20	24.21082808857143	102.71171745714285	103.000015	1	0	0	0	0
2024-10-16 19:48:30	24.29821787666667	102.22070020000001	103.000015	1	0	0	0	0
2024-10-16 19:48:40	24.286080931707318	102.37238429268292	103.000015	1	0	0	0	0
2024-10-16 19:48:50	24.279665013333332	102.74306166666666	103.000015	1	0	0	0	0
2024-10-16 19:49:00	24.158219413559323	102.97390174576272	103.000015	1	0	0	0	0
2024-10-16 19:49:10	24.304458208450704	102.44060249295774	103.000015	1	0	0	0	0
2024-10-16 19:49:20	24.264571328571428	102.79895192857143	103.000015	1	0	0	0	0
2024-10-16 19:49:30	24.354172013924053	102.29563984810127	103.000015	1	0	0	0	0
2024-10-16 19:49:40	24.332865425999998	102.55488	103.000015	1	0	0	0	0
2024-10-16 19:49:50	24.28477811372549	102.70272517647058	103.000015	1	0	0	0	0
2024-10-16 19:50:00	24.35117378852459	102.54725949180327	103.000015	1	0	0	0	0
