PROCESSDATA	2411FIC20102 Data	yyyy-MM-dd HH:mm:ss
8	10	2024-06-24 00:35:00	751
tagname	2411FIC20102.MV	2411FIC20102.PV	2411FIC20102.SV	2411FIC20102.MODE	bOpOFL	bPvOFL	bSpOFL	bAutOFL
desc	回炼油返塔_OP	回炼油返塔_PV	回炼油返塔_SP	Aut	bOpOFL	bPvOFL	bSpOFL	bAutOFL
fsMax=1.519860855256793	fsMin=0	fsGridNum=10	fdMax=1.519860855256793tfdMin=0	fdGridNum=10	v0GridNum=10	L=24
2024-06-24 00:35:00	25.050902420253166	106.30896474683544	105.999939	1	0	0	0	0
2024-06-24 00:35:10	25.048495429411766	106.1387334117647	105.999939	1	0	0	0	0
2024-06-24 00:35:20	25.053790925	106.26431028333333	105.999939	1	0	0	0	0
2024-06-24 00:35:30	25.0511456	106.140373	105.999939	1	0	0	0	0
2024-06-24 00:35:40	25.015056328333333	106.33022635	105.999939	1	0	0	0	0
2024-06-24 00:35:50	25.006177801960785	106.51763001960784	105.999939	1	0	0	0	0
2024-06-24 00:36:00	25.01610796	106.1837586	105.999939	1	0	0	0	0
2024-06-24 00:36:10	25.041014788571427	105.99053614285714	105.999939	1	0	0	0	0
2024-06-24 00:36:20	24.97738914	106.3515178	105.999939	1	0	0	0	0
2024-06-24 00:36:30	25.023568804081634	105.97187548979592	105.999939	1	0	0	0	0
2024-06-24 00:36:40	25.008905597468356	105.97080584810126	105.999939	1	0	0	0	0
2024-06-24 00:36:50	24.952878939506174	106.37278760493827	105.999939	1	0	0	0	0
2024-06-24 00:37:00	24.91055484	106.53739660000001	105.999939	1	0	0	0	0
2024-06-24 00:37:10	24.94731738227848	106.23110130379746	105.999939	1	0	0	0	0
2024-06-24 00:37:20	24.938782522857142	106.2153359	105.999939	1	0	0	0	0
2024-06-24 00:37:30	24.95293335882353	106.09091111764705	105.999939	1	0	0	0	0
2024-06-24 00:37:40	24.93449194	106.21629293333334	105.999939	1	0	0	0	0
2024-06-24 00:37:50	24.959272165	105.9499342	105.999939	1	0	0	0	0
2024-06-24 00:38:00	24.892717234285715	106.33084228571428	105.999939	1	0	0	0	0
2024-06-24 00:38:10	24.886482028169013	106.33162929577465	105.999939	1	0	0	0	0
2024-06-24 00:38:20	24.84234726101695	106.57071355932203	105.999939	1	0	0	0	0
2024-06-24 00:38:30	24.8805769	106.21816695999999	105.999939	1	0	0	0	0
2024-06-24 00:38:40	24.861017095081966	106.33488978688524	105.999939	1	0	0	0	0
2024-06-24 00:38:50	24.870340551219513	106.25868412195122	105.999939	1	0	0	0	0
2024-06-24 00:39:00	24.841553904347826	106.34432117391304	105.999939	1	0	0	0	0
2024-06-24 00:39:10	24.914157254285715	105.88128614285715	105.999939	1	0	0	0	0
2024-06-24 00:39:20	24.836706120338985	106.58111510169492	105.999939	1	0	0	0	0
2024-06-24 00:39:30	24.802130437254903	106.57571443137255	105.999939	1	0	0	0	0
2024-06-24 00:39:40	24.808140192753623	106.26304588405797	105.999939	1	0	0	0	0
2024-06-24 00:39:50	24.780077635555553	106.41438855555555	105.999939	1	0	0	0	0
2024-06-24 00:40:00	24.747490258426964	106.53401135955056	105.999939	1	0	0	0	0
2024-06-24 00:40:10	24.762810304347827	106.49122117391305	105.999939	1	0	0	0	0
2024-06-24 00:40:20	24.770773681428572	106.22228474285714	105.999939	1	0	0	0	0
2024-06-24 00:40:30	24.782435132	106.10006346	105.999939	1	0	0	0	0
2024-06-24 00:40:40	24.712869451428574	106.30656871428572	105.999939	1	0	0	0	0
2024-06-24 00:40:50	24.743191628571427	106.31404924489796	105.999939	1	0	0	0	0
2024-06-24 00:41:00	24.752725340740742	106.12239758024691	105.999939	1	0	0	0	0
2024-06-24 00:41:10	24.75696308	106.07644373333332	105.999939	1	0	0	0	0
2024-06-24 00:41:20	24.73389728	106.2122134	105.999939	1	0	0	0	0
2024-06-24 00:41:30	24.709081764	106.20975281999999	105.999939	1	0	0	0	0
2024-06-24 00:41:40	24.722612112244896	106.17781504081633	105.999939	1	0	0	0	0
2024-06-24 00:41:50	24.696905769387755	106.12945085714286	105.999939	1	0	0	0	0
2024-06-24 00:42:00	24.662376706976744	106.40328552325582	105.999939	1	0	0	0	0
2024-06-24 00:42:10	24.6859368704918	106.09943029508197	105.999939	1	0	0	0	0
2024-06-24 00:42:20	24.6395583247191	106.4380953258427	105.999939	1	0	0	0	0
2024-06-24 00:42:30	24.625422956	106.3227936	105.999939	1	0	0	0	0
2024-06-24 00:42:40	24.678524057142855	106.0844601142857	105.999939	1	0	0	0	0
2024-06-24 00:42:50	24.66289589387755	106.14212130612245	105.999939	1	0	0	0	0
2024-06-24 00:43:00	24.643274792499998	106.14403709999999	105.999939	1	0	0	0	0
2024-06-24 00:43:10	24.63730192580645	106.319976	105.999939	1	0	0	0	0
2024-06-24 00:43:20	24.545987761111114	106.76238701111112	105.999939	1	0	0	0	0
2024-06-24 00:43:30	24.638651319047618	106.08941502380952	105.999939	1	0	0	0	0
2024-06-24 00:43:40	24.597062382	106.39565154	105.999939	1	0	0	0	0
2024-06-24 00:43:50	24.550635792682925	106.24150536585366	105.999939	1	0	0	0	0
2024-06-24 00:44:00	24.609258263636363	106.10166369090909	105.999939	1	0	0	0	0
2024-06-24 00:44:10	24.627575633898307	105.83014337288135	105.999939	1	0	0	0	0
2024-06-24 00:44:20	24.574743321978023	106.26320314285715	105.999939	1	0	0	0	0
2024-06-24 00:44:30	24.600209801694913	106.3027158983051	105.999939	1	0	0	0	0
2024-06-24 00:44:40	24.602959904	105.98393152000001	105.999939	1	0	0	0	0
2024-06-24 00:44:50	24.534255714285713	106.4251758367347	105.999939	1	0	0	0	0
2024-06-24 00:45:00	24.520086070422536	106.38710492957746	105.999939	1	0	0	0	0
2024-06-24 00:45:10	24.510186879452057	106.41694249315069	105.999939	1	0	0	0	0
2024-06-24 00:45:20	24.550749303703704	106.34690375308642	105.999939	1	0	0	0	0
2024-06-24 00:45:30	24.57385725714286	105.95330148571429	105.999939	1	0	0	0	0
2024-06-24 00:45:40	24.54899192653061	106.10083734693877	105.999939	1	0	0	0	0
2024-06-24 00:45:50	24.540509846938775	106.2200662244898	105.999939	1	0	0	0	0
2024-06-24 00:46:00	24.5597778	106.22249224	105.999939	1	0	0	0	0
2024-06-24 00:46:10	24.582742791428572	106.04792368571428	105.999939	1	0	0	0	0
2024-06-24 00:46:20	24.573927568571428	105.8668136	105.999939	1	0	0	0	0
2024-06-24 00:46:30	24.4829175	106.40533205063292	105.999939	1	0	0	0	0
2024-06-24 00:46:40	24.526949681250002	106.0812254125	105.999939	1	0	0	0	0
2024-06-24 00:46:50	24.518113718	106.16197506	105.999939	1	0	0	0	0
2024-06-24 00:47:00	24.507348305882353	106.13903982352942	105.999939	1	0	0	0	0
2024-06-24 00:47:10	24.48535771	106.22888656666666	105.999939	1	0	0	0	0
2024-06-24 00:47:20	24.467471062025314	105.88822113924051	105.999939	1	0	0	0	0
2024-06-24 00:47:30	24.503020022857143	106.07919865714285	105.999939	1	0	0	0	0
2024-06-24 00:47:40	24.490705673913045	106.30980834782609	105.999939	1	0	0	0	0
2024-06-24 00:47:50	24.48494823809524	106.11498314285714	105.999939	1	0	0	0	0
2024-06-24 00:48:00	24.53347890666667	105.7768624	105.999939	1	0	0	0	0
2024-06-24 00:48:10	24.4511149559322	106.18581027118644	105.999939	1	0	0	0	0
2024-06-24 00:48:20	24.52121962	105.83206673333333	105.999939	1	0	0	0	0
2024-06-24 00:48:30	24.53470507457627	105.7444159322034	105.999939	1	0	0	0	0
2024-06-24 00:48:40	24.487201277464788	106.10076061971832	105.999939	1	0	0	0	0
2024-06-24 00:48:50	24.498757403921566	106.03729435294117	105.999939	1	0	0	0	0
2024-06-24 00:49:00	24.444028874285713	106.14612594285714	105.999939	1	0	0	0	0
2024-06-24 00:49:10	24.478698498305086	105.83416338983051	105.999939	1	0	0	0	0
2024-06-24 00:49:20	24.46527221758242	106.01100408791208	105.999939	1	0	0	0	0
2024-06-24 00:49:30	24.46885513333333	106.08769726666667	105.999939	1	0	0	0	0
2024-06-24 00:49:40	24.41679816197183	106.3391172112676	105.999939	1	0	0	0	0
2024-06-24 00:49:50	24.455395708333334	105.94314133333333	105.999939	1	0	0	0	0
2024-06-24 00:50:00	24.478027559322033	105.99483818644067	105.999939	1	0	0	0	0
2024-06-24 00:50:10	24.386081576000002	106.52060308	105.999939	1	0	0	0	0
2024-06-24 00:50:20	24.44490250375	106.099113675	105.999939	1	0	0	0	0
2024-06-24 00:50:30	24.449220363934426	106.16552821311475	105.999939	1	0	0	0	0
2024-06-24 00:50:40	24.44137577142857	106.0591876	105.999939	1	0	0	0	0
2024-06-24 00:50:50	24.446737873469385	106.02116832653061	105.999939	1	0	0	0	0
2024-06-24 00:51:00	24.44374154	106.08887634285715	105.999939	1	0	0	0	0
2024-06-24 00:51:10	24.463064123529414	105.87826423529411	105.999939	1	0	0	0	0
2024-06-24 00:51:20	24.45201176521739	105.96474213043477	105.999939	1	0	0	0	0
2024-06-24 00:51:30	24.463851556164382	105.8850318219178	105.999939	1	0	0	0	0
2024-06-24 00:51:40	24.506324523333333	105.72926716666667	105.999939	1	0	0	0	0
2024-06-24 00:51:50	24.414904768	106.18075148	105.999939	1	0	0	0	0
2024-06-24 00:52:00	24.47637150886076	105.81622391139241	105.999939	1	0	0	0	0
2024-06-24 00:52:10	24.479408962	105.79008207999999	105.999939	1	0	0	0	0
2024-06-24 00:52:20	24.483100808163265	105.82744124489797	105.999939	1	0	0	0	0
2024-06-24 00:52:30	24.431809348571427	106.1488706	105.999939	1	0	0	0	0
2024-06-24 00:52:40	24.440063483544304	106.12109760759493	105.999939	1	0	0	0	0
2024-06-24 00:52:50	24.494098650819673	105.77499867213115	105.999939	1	0	0	0	0
2024-06-24 00:53:00	24.395144072881358	106.1591823559322	105.999939	1	0	0	0	0
2024-06-24 00:53:10	24.4167753	106.22628442857143	105.999939	1	0	0	0	0
2024-06-24 00:53:20	24.54210916	105.43284677142857	105.999939	1	0	0	0	0
2024-06-24 00:53:30	24.51295031	105.68753050000001	105.999939	1	0	0	0	0
2024-06-24 00:53:40	24.45522154782609	106.069188	105.999939	1	0	0	0	0
2024-06-24 00:53:50	24.452631919607843	105.86619864705882	105.999939	1	0	0	0	0
2024-06-24 00:54:00	24.443587133898305	106.02315188135593	105.999939	1	0	0	0	0
2024-06-24 00:54:10	24.431390735294116	106.16998652941176	105.999939	1	0	0	0	0
2024-06-24 00:54:20	24.47427963142857	105.90114617142856	105.999939	1	0	0	0	0
2024-06-24 00:54:30	24.43349166	106.17572973333334	105.999939	1	0	0	0	0
2024-06-24 00:54:40	24.465809901265825	105.90126279746836	105.999939	1	0	0	0	0
2024-06-24 00:54:50	24.410217072463766	106.05644613043478	105.999939	1	0	0	0	0
2024-06-24 00:55:00	24.488574327868854	105.74562793442622	105.999939	1	0	0	0	0
2024-06-24 00:55:10	24.4340472	106.10567456	105.999939	1	0	0	0	0
2024-06-24 00:55:20	24.46191826	106.06123714285714	105.999939	1	0	0	0	0
2024-06-24 00:55:30	24.424411796	106.17324404	105.999939	1	0	0	0	0
2024-06-24 00:55:40	24.402111464705882	106.01829764705882	103.699944	1	0	0	0	0
2024-06-24 00:55:50	24.369870615	105.98066876249999	103.699944	1	0	0	0	0
2024-06-24 00:56:00	24.285976670422535	105.92623073239437	103.699944	1	0	0	0	0
2024-06-24 00:56:10	24.183826465	106.12759415000001	103.699944	1	0	0	0	0
2024-06-24 00:56:20	24.204399856	105.55390182000001	103.699944	1	0	0	0	0
2024-06-24 00:56:30	24.151469114285714	105.5298749	103.699944	1	0	0	0	0
2024-06-24 00:56:40	24.086192247252747	105.49827956043956	103.699944	1	0	0	0	0
2024-06-24 00:56:50	24.09375042173913	105.28077495652174	103.699944	1	0	0	0	0
2024-06-24 00:57:00	23.981997574074075	105.34665937037038	103.699944	1	0	0	0	0
2024-06-24 00:57:10	24.095019127118643	104.49325483050848	103.699944	1	0	0	0	0
2024-06-24 00:57:20	24.058800592156864	104.64745572549019	103.699944	1	0	0	0	0
2024-06-24 00:57:30	24.113004041666667	104.25692456666667	103.699944	1	0	0	0	0
2024-06-24 00:57:40	24.09171483380282	104.2055580140845	103.699944	1	0	0	0	0
2024-06-24 00:57:50	24.046220647058824	104.16871364705882	103.699944	1	0	0	0	0
2024-06-24 00:58:00	24.051549350704224	104.19969071830985	103.699944	1	0	0	0	0
2024-06-24 00:58:10	24.018596594915255	104.29784344067797	103.699944	1	0	0	0	0
2024-06-24 00:58:20	24.023759785	104.03141255	103.699944	1	0	0	0	0
2024-06-24 00:58:30	23.988969382857142	104.13163382857142	103.699944	1	0	0	0	0
2024-06-24 00:58:40	23.96842654	104.3584214	103.699944	1	0	0	0	0
2024-06-24 00:58:50	24.01163820886076	103.95873830379747	103.699944	1	0	0	0	0
2024-06-24 00:59:00	24.066385959259257	103.57492903703704	103.699944	1	0	0	0	0
2024-06-24 00:59:10	24.042262598305086	103.57433172881356	103.699944	1	0	0	0	0
2024-06-24 00:59:20	24.06083781960784	103.47274105882353	103.699944	1	0	0	0	0
2024-06-24 00:59:30	24.122749140677968	103.37043488135593	103.699944	1	0	0	0	0
2024-06-24 00:59:40	24.132092401234566	103.37163951851852	103.699944	1	0	0	0	0
2024-06-24 00:59:50	24.104919272	103.31021512	103.699944	1	0	0	0	0
2024-06-24 01:00:00	24.15768681772152	103.29309507594937	103.699944	1	0	0	0	0
2024-06-24 01:00:10	24.15768681772152	103.29309507594937	103.699944	1	0	0	0	0
2024-06-24 01:00:20	24.139343972881356	103.43161177966101	103.699944	1	0	0	0	0
2024-06-24 01:00:30	24.156659565573772	103.51649470491803	103.699944	1	0	0	0	0
2024-06-24 01:00:40	24.18050082	103.4082262	103.699944	1	0	0	0	0
2024-06-24 01:00:50	24.17387677	103.51173460000001	103.699944	1	0	0	0	0
2024-06-24 01:01:00	24.23685107037037	103.17901280246913	103.699944	1	0	0	0	0
2024-06-24 01:01:10	24.208499516	103.41698692	103.699944	1	0	0	0	0
2024-06-24 01:01:20	24.205185682222222	103.54550506666666	103.699944	1	0	0	0	0
2024-06-24 01:01:30	24.205185682222222	103.54550506666666	103.699944	1	0	0	0	0
2024-06-24 01:01:40	24.28643459142857	103.06508468571428	103.699944	1	0	0	0	0
2024-06-24 01:01:50	24.281532172	103.33884904	103.699944	1	0	0	0	0
2024-06-24 01:02:00	24.27885703661972	103.28566938028169	103.699944	1	0	0	0	0
2024-06-24 01:02:10	24.27885703661972	103.28566938028169	103.699944	1	0	0	0	0
2024-06-24 01:02:20	24.34767857142857	103.062503	103.699944	1	0	0	0	0
2024-06-24 01:02:30	24.324908792000002	103.23400084	103.699944	1	0	0	0	0
2024-06-24 01:02:40	24.321943805714284	103.38717754285715	103.699944	1	0	0	0	0
2024-06-24 01:02:50	24.31947494492754	103.46442720289855	103.699944	1	0	0	0	0
2024-06-24 01:03:00	24.347367093333332	103.38389746666667	103.699944	1	0	0	0	0
2024-06-24 01:03:10	24.312304	103.57134570000001	103.699944	1	0	0	0	0
2024-06-24 01:03:20	24.369424722033898	103.25281166101695	103.699944	1	0	0	0	0
2024-06-24 01:03:30	24.404153605999998	103.23747026	103.699944	1	0	0	0	0
2024-06-24 01:03:40	24.3768618	103.4468151111111	103.699944	1	0	0	0	0
2024-06-24 01:03:50	24.392063829411764	103.37710817647059	103.699944	1	0	0	0	0
2024-06-24 01:04:00	24.417312367415732	103.36037246067416	103.699944	1	0	0	0	0
2024-06-24 01:04:10	24.394836529411766	103.46818747058823	103.699944	1	0	0	0	0
2024-06-24 01:04:20	24.393281848	103.613825	103.699944	1	0	0	0	0
2024-06-24 01:04:30	24.467223163934428	103.21022914754099	103.699944	1	0	0	0	0
2024-06-24 01:04:40	24.501820260000002	103.1140934	103.699944	1	0	0	0	0
2024-06-24 01:04:50	24.51026624117647	103.15861747058823	103.699944	1	0	0	0	0
2024-06-24 01:05:00	24.538878329213485	103.21031174157304	103.699944	1	0	0	0	0
2024-06-24 01:05:10	24.578747544	102.91577986	103.699944	1	0	0	0	0
2024-06-24 01:05:20	24.45268682	103.5154866	103.699944	1	0	0	0	0
2024-06-24 01:05:30	24.526533932	103.35365932	103.699944	1	0	0	0	0
2024-06-24 01:05:40	24.559507095714288	103.23455561428571	103.699944	1	0	0	0	0
2024-06-24 01:05:50	24.49878963137255	103.53586107843138	103.699944	1	0	0	0	0
2024-06-24 01:06:00	24.53616080666667	103.49902446666667	103.699944	1	0	0	0	0
2024-06-24 01:06:10	24.562076314285715	103.32308714285713	103.699944	1	0	0	0	0
2024-06-24 01:06:20	24.555551762857142	103.50360549999999	103.699944	1	0	0	0	0
2024-06-24 01:06:30	24.60509297804878	103.28335319512195	103.699944	1	0	0	0	0
2024-06-24 01:06:40	24.61811820786517	103.30497751685392	103.699944	1	0	0	0	0
2024-06-24 01:06:50	24.643733831147543	103.28475654098361	103.699944	1	0	0	0	0
2024-06-24 01:07:00	24.670036215384616	103.11022113186813	103.699944	1	0	0	0	0
2024-06-24 01:07:10	24.659839993749998	103.3278839375	103.699944	1	0	0	0	0
2024-06-24 01:07:20	24.697930405	103.1166956	103.699944	1	0	0	0	0
2024-06-24 01:07:30	24.6925399125	103.219037125	103.699944	1	0	0	0	0
2024-06-24 01:07:40	24.682157754098363	103.27908636065574	103.699944	1	0	0	0	0
2024-06-24 01:07:50	24.730251345	103.1456423	103.699944	1	0	0	0	0
2024-06-24 01:08:00	24.717879529113926	103.33770703797468	103.699944	1	0	0	0	0
2024-06-24 01:08:10	24.677627391803277	103.64794770491804	103.699944	1	0	0	0	0
2024-06-24 01:08:20	24.706199348571428	103.50697528571429	103.699944	1	0	0	0	0
2024-06-24 01:08:30	24.718380949152543	103.59339144067796	103.699944	1	0	0	0	0
2024-06-24 01:08:40	24.7691616	103.21707063999999	103.699944	1	0	0	0	0
2024-06-24 01:08:50	24.747885999999998	103.38852115	103.699944	1	0	0	0	0
2024-06-24 01:09:00	24.76841688888889	103.31626326666667	103.699944	1	0	0	0	0
2024-06-24 01:09:10	24.793191567741935	103.22988935483872	103.699944	1	0	0	0	0
2024-06-24 01:09:20	24.771880760000002	103.4812451	103.699944	1	0	0	0	0
2024-06-24 01:09:30	24.864579146938777	102.94603251020408	103.699944	1	0	0	0	0
2024-06-24 01:09:40	24.828949169491526	103.16833442372882	103.699944	1	0	0	0	0
2024-06-24 01:09:50	24.858310331147543	103.17079791803279	103.699944	1	0	0	0	0
2024-06-24 01:10:00	24.86330890434783	103.23109047826087	103.699944	1	0	0	0	0
2024-06-24 01:10:10	24.869507345000002	103.37551995	103.699944	1	0	0	0	0
2024-06-24 01:10:20	24.855492152941178	103.44014150980392	103.699944	1	0	0	0	0
2024-06-24 01:10:30	24.896888954237287	103.19619023728814	103.699944	1	0	0	0	0
2024-06-24 01:10:40	24.92093970140845	103.16151974647887	103.699944	1	0	0	0	0
2024-06-24 01:10:50	24.9210306	103.23559874074074	103.699944	1	0	0	0	0
2024-06-24 01:11:00	24.99488864057971	102.87144344927536	103.699944	1	0	0	0	0
2024-06-24 01:11:10	24.991550694202896	103.14505017391303	103.699944	1	0	0	0	0
2024-06-24 01:11:20	24.935350662295082	103.46562498360656	103.699944	1	0	0	0	0
2024-06-24 01:11:30	25.014857213793103	103.06768365517242	103.699944	1	0	0	0	0
2024-06-24 01:11:40	24.986266148000002	103.33248942	103.699944	1	0	0	0	0
2024-06-24 01:11:50	25.01725678979592	103.24471232653062	103.699944	1	0	0	0	0
2024-06-24 01:12:00	25.021253577142858	103.27451305714285	103.699944	1	0	0	0	0
2024-06-24 01:12:10	25.083541460869565	103.33953117391304	103.699944	1	0	0	0	0
2024-06-24 01:12:20	25.041993277142858	103.30882564285714	103.699944	1	0	0	0	0
2024-06-24 01:12:30	25.04893942	103.31428312	103.699944	1	0	0	0	0
2024-06-24 01:12:40	25.066478432394366	103.30027764788733	103.699944	1	0	0	0	0
2024-06-24 01:12:50	25.103049234693877	103.09609802040816	103.699944	1	0	0	0	0
2024-06-24 01:13:00	25.03996430617284	103.66207601234568	103.699944	1	0	0	0	0
2024-06-24 01:13:10	25.108357226666666	103.2849874	103.699944	1	0	0	0	0
2024-06-24 01:13:20	25.09693988	103.02785499999999	103.699944	1	0	0	0	0
2024-06-24 01:13:30	25.092528184	103.50830948	103.699944	1	0	0	0	0
2024-06-24 01:13:40	25.169827116	103.06996692	103.699944	1	0	0	0	0
2024-06-24 01:13:50	25.18143080681818	103.15372936363636	103.699944	1	0	0	0	0
2024-06-24 01:14:00	25.18112198	103.16854471111111	103.699944	1	0	0	0	0
2024-06-24 01:14:10	25.16256412	103.36310300000001	103.699944	1	0	0	0	0
2024-06-24 01:14:20	25.19925984050633	103.30911358227848	103.699944	1	0	0	0	0
2024-06-24 01:14:30	25.19402041	103.35721568	103.699944	1	0	0	0	0
2024-06-24 01:14:40	25.216655682857144	103.34393457142856	103.699944	1	0	0	0	0
2024-06-24 01:14:50	25.239152455932203	103.5202353559322	103.699944	1	0	0	0	0
2024-06-24 01:15:00	25.23786017375	103.407179525	103.699944	1	0	0	0	0
2024-06-24 01:15:10	25.247082742253518	103.36675585915494	103.699944	1	0	0	0	0
2024-06-24 01:15:20	25.261470103370787	103.35959575280899	103.699944	1	0	0	0	0
2024-06-24 01:15:30	25.29030482156863	103.26611025490196	103.699944	1	0	0	0	0
2024-06-24 01:15:40	25.313836333333334	103.44078361904761	103.699944	1	0	0	0	0
2024-06-24 01:15:50	25.376783514285716	102.88036542857142	103.699944	1	0	0	0	0
2024-06-24 01:16:00	25.36043812666667	103.0808708	103.699944	1	0	0	0	0
2024-06-24 01:16:10	25.348020696666666	103.12626733333333	103.699944	1	0	0	0	0
2024-06-24 01:16:20	25.36328117142857	103.25408945714285	103.699944	1	0	0	0	0
2024-06-24 01:16:30	25.353109092	103.46021672	103.699944	1	0	0	0	0
2024-06-24 01:16:40	25.354210174285715	103.20504468571428	103.699944	1	0	0	0	0
2024-06-24 01:16:50	25.450109275510204	102.91239906122449	103.699944	1	0	0	0	0
2024-06-24 01:17:00	25.475777483333335	103.21235763333334	103.699944	1	0	0	0	0
2024-06-24 01:17:10	25.419659172131148	103.3069663114754	103.699944	1	0	0	0	0
2024-06-24 01:17:20	25.464149441772154	103.06368006329114	103.699944	1	0	0	0	0
2024-06-24 01:17:30	25.47957652222222	103.09200288888889	103.699944	1	0	0	0	0
2024-06-24 01:17:40	25.47741813114754	103.23240740983607	103.699944	1	0	0	0	0
2024-06-24 01:17:50	25.51465340625	103.091602	103.699944	1	0	0	0	0
2024-06-24 01:18:00	25.499173442372882	103.35082081355932	103.699944	1	0	0	0	0
2024-06-24 01:18:10	25.477616613043477	103.53890786956522	103.699944	1	0	0	0	0
2024-06-24 01:18:20	25.476932445714287	103.56689525714286	103.699944	1	0	0	0	0
2024-06-24 01:18:30	25.56926788115942	103.05433039130435	103.699944	1	0	0	0	0
2024-06-24 01:18:40	25.53341251304348	103.38904569565217	103.699944	1	0	0	0	0
2024-06-24 01:18:50	25.550364834	103.17160586	103.699944	1	0	0	0	0
2024-06-24 01:19:00	25.537629485714287	103.53180785714285	103.699944	1	0	0	0	0
2024-06-24 01:19:10	25.563081333333333	103.23180133333334	103.699944	1	0	0	0	0
2024-06-24 01:19:20	25.59879652747253	103.30124621978023	103.699944	1	0	0	0	0
2024-06-24 01:19:30	25.595571	103.4123216	103.699944	1	0	0	0	0
2024-06-24 01:19:40	25.591067320338983	103.4725223220339	103.699944	1	0	0	0	0
2024-06-24 01:19:50	25.589844538775512	103.47195691836735	103.699944	1	0	0	0	0
2024-06-24 01:20:00	25.61868313559322	103.4615187118644	103.699944	1	0	0	0	0
2024-06-24 01:20:10	25.612401119999998	103.53535542	103.699944	1	0	0	0	0
2024-06-24 01:20:20	25.648070891666666	103.35795466666667	103.699944	1	0	0	0	0
2024-06-24 01:20:30	25.60736816	103.1742204	103.699944	1	0	0	0	0
2024-06-24 01:20:40	25.709723054999998	103.14959875	103.699944	1	0	0	0	0
2024-06-24 01:20:50	25.723328775510204	103.15174293877551	103.699944	1	0	0	0	0
2024-06-24 01:21:00	25.740650354285716	103.36461899999999	103.699944	1	0	0	0	0
2024-06-24 01:21:10	25.77246574901961	103.07175394117647	103.699944	1	0	0	0	0
2024-06-24 01:21:20	25.744631426086958	103.38460785507246	103.699944	1	0	0	0	0
2024-06-24 01:21:30	25.768437995774647	103.24967539436621	103.699944	1	0	0	0	0
2024-06-24 01:21:40	25.748440702898552	103.34150042028985	103.699944	1	0	0	0	0
2024-06-24 01:21:50	25.7682512244898	103.46776553061224	103.699944	1	0	0	0	0
2024-06-24 01:22:00	25.788243224050632	103.32613701265822	103.699944	1	0	0	0	0
2024-06-24 01:22:10	25.8154064	103.24228528	103.699944	1	0	0	0	0
2024-06-24 01:22:20	25.850944320408164	103.09199614285714	103.699944	1	0	0	0	0
2024-06-24 01:22:30	25.844847754285716	103.1692053142857	103.699944	1	0	0	0	0
2024-06-24 01:22:40	25.86727856	103.1799758	103.699944	1	0	0	0	0
2024-06-24 01:22:50	25.803611130882352	103.66407522058824	103.699944	1	0	0	0	0
2024-06-24 01:23:00	25.869680001612902	103.31272122580646	103.699944	1	0	0	0	0
2024-06-24 01:23:10	25.838641374509805	103.61127839215686	103.699944	1	0	0	0	0
2024-06-24 01:23:20	25.93316858857143	102.99368748571429	103.699944	1	0	0	0	0
2024-06-24 01:23:30	25.88224523478261	103.41488056521739	103.699944	1	0	0	0	0
2024-06-24 01:23:40	25.944274914999998	103.45348518750001	103.699944	1	0	0	0	0
2024-06-24 01:23:50	25.92742132622951	103.55622126229508	103.699944	1	0	0	0	0
2024-06-24 01:24:00	25.930146071830986	103.35996036619719	103.699944	1	0	0	0	0
2024-06-24 01:24:10	25.92719288	103.43615885	103.699944	1	0	0	0	0
2024-06-24 01:24:20	25.93278955098039	103.4746098235294	103.699944	1	0	0	0	0
2024-06-24 01:24:30	25.90708846	103.4443352	103.699944	1	0	0	0	0
2024-06-24 01:24:40	25.909284409999998	103.68134785	103.699944	1	0	0	0	0
2024-06-24 01:24:50	26.012143253333335	103.05572223333333	103.699944	1	0	0	0	0
2024-06-24 01:25:00	25.953859904	103.49024808	103.699944	1	0	0	0	0
2024-06-24 01:25:10	25.931549492000002	103.68592402	103.699944	1	0	0	0	0
2024-06-24 01:25:20	25.967453283098592	103.41626145070423	103.699944	1	0	0	0	0
2024-06-24 01:25:30	25.99055157	103.3884176	103.699944	1	0	0	0	0
2024-06-24 01:25:40	25.9403199	103.7276358695652	103.699944	1	0	0	0	0
2024-06-24 01:25:50	25.95829607843137	103.71816084313726	103.699944	1	0	0	0	0
2024-06-24 01:26:00	25.972143715254237	103.56228769491526	103.699944	1	0	0	0	0
2024-06-24 01:26:10	25.96828334117647	103.61301205882353	103.699944	1	0	0	0	0
2024-06-24 01:26:20	25.94281947142857	103.81261291428571	103.699944	1	0	0	0	0
2024-06-24 01:26:30	25.96513862	103.7418632	103.699944	1	0	0	0	0
2024-06-24 01:26:40	25.921403120253164	103.94073684810127	103.699944	1	0	0	0	0
2024-06-24 01:26:50	25.96893547826087	103.81630327536232	103.699944	1	0	0	0	0
2024-06-24 01:27:00	25.9397096575	103.7984491	103.699944	1	0	0	0	0
2024-06-24 01:27:10	25.87783418571429	104.17835314285713	103.699944	1	0	0	0	0
2024-06-24 01:27:20	25.899423468571428	104.16110591428571	103.699944	1	0	0	0	0
2024-06-24 01:27:30	25.92944796	103.7797288	103.699944	1	0	0	0	0
2024-06-24 01:27:40	25.919110685714287	103.85480388571428	103.699944	1	0	0	0	0
2024-06-24 01:27:50	25.947144141176473	103.55158800000001	103.699944	1	0	0	0	0
2024-06-24 01:28:00	25.937313411428573	103.83025854285715	103.699944	1	0	0	0	0
2024-06-24 01:28:10	25.947032691803276	103.5804300327869	103.699944	1	0	0	0	0
2024-06-24 01:28:20	25.899067354	104.00867428	103.699944	1	0	0	0	0
2024-06-24 01:28:30	25.931413995	103.79187726666666	103.699944	1	0	0	0	0
2024-06-24 01:28:40	25.899079549295774	104.00429069014085	103.699944	1	0	0	0	0
2024-06-24 01:28:50	25.909421051898732	103.90371844303797	103.699944	1	0	0	0	0
2024-06-24 01:29:00	25.922663793749997	103.77686668749999	103.699944	1	0	0	0	0
2024-06-24 01:29:10	25.892092689795916	103.99264230612245	103.699944	1	0	0	0	0
2024-06-24 01:29:20	25.96197213142857	103.57680517142857	103.699944	1	0	0	0	0
2024-06-24 01:29:30	25.919846752	103.89424564	103.699944	1	0	0	0	0
2024-06-24 01:29:40	25.900310034285717	103.9228768	103.699944	1	0	0	0	0
2024-06-24 01:29:50	25.918670650000003	103.7956736	103.699944	1	0	0	0	0
2024-06-24 01:30:00	25.88079857142857	104.00534891428572	103.699944	1	0	0	0	0
2024-06-24 01:30:10	25.90794251333333	103.74750273333333	103.699944	1	0	0	0	0
2024-06-24 01:30:20	25.91065477647059	103.73095545098039	103.699944	1	0	0	0	0
2024-06-24 01:30:30	25.90023641355932	103.77845815254237	103.699944	1	0	0	0	0
2024-06-24 01:30:40	25.848523540000002	104.0792132	103.699944	1	0	0	0	0
2024-06-24 01:30:50	25.903986813043478	104.07689257971015	103.699944	1	0	0	0	0
2024-06-24 01:31:00	25.894825901639344	103.70418972131148	103.699944	1	0	0	0	0
2024-06-24 01:31:10	25.885621604	103.73837415999999	103.699944	1	0	0	0	0
2024-06-24 01:31:20	25.868150875	103.4033163	103.699944	1	0	0	0	0
2024-06-24 01:31:30	25.8886674	103.69520254000001	103.699944	1	0	0	0	0
2024-06-24 01:31:40	25.935791679999998	103.41869343333335	103.699944	1	0	0	0	0
2024-06-24 01:31:50	25.836328852	103.99234688	103.699944	1	0	0	0	0
2024-06-24 01:32:00	25.834990895652172	104.21852276086956	103.699944	1	0	0	0	0
2024-06-24 01:32:10	25.81277027	104.08256145	103.699944	1	0	0	0	0
2024-06-24 01:32:20	25.841820628	103.83748174	103.699944	1	0	0	0	0
2024-06-24 01:32:30	25.817497388	103.8653391	103.699944	1	0	0	0	0
2024-06-24 01:32:40	25.809502481012657	103.90489878481013	103.699944	1	0	0	0	0
2024-06-24 01:32:50	25.787369781707316	103.93337076829269	103.699944	1	0	0	0	0
2024-06-24 01:33:00	25.790648307954545	104.04460395454545	103.699944	1	0	0	0	0
2024-06-24 01:33:10	25.840257613725488	103.7460257254902	103.699944	1	0	0	0	0
2024-06-24 01:33:20	25.844027892307693	103.75109646153845	103.699944	1	0	0	0	0
2024-06-24 01:33:30	25.870464818000002	103.72523392	103.699944	1	0	0	0	0
2024-06-24 01:33:40	25.819305	103.8225258	103.699944	1	0	0	0	0
2024-06-24 01:33:50	25.80808964666667	103.94557246666666	103.699944	1	0	0	0	0
2024-06-24 01:34:00	25.846771020289854	103.6726008405797	103.699944	1	0	0	0	0
2024-06-24 01:34:10	25.81247202	103.822344	103.699944	1	0	0	0	0
2024-06-24 01:34:20	25.78066975	104.12869570000001	103.699944	1	0	0	0	0
2024-06-24 01:34:30	25.825773297959184	103.90716902040816	103.699944	1	0	0	0	0
2024-06-24 01:34:40	25.835875326086956	103.68901930434784	103.699944	1	0	0	0	0
2024-06-24 01:34:50	25.86514318888889	103.49637777777778	103.699944	1	0	0	0	0
2024-06-24 01:35:00	25.788803132911394	103.91617698734177	103.699944	1	0	0	0	0
2024-06-24 01:35:10	25.786704490140846	103.89165750704225	103.699944	1	0	0	0	0
2024-06-24 01:35:20	25.801955694285716	103.85557055714285	103.699944	1	0	0	0	0
2024-06-24 01:35:30	25.82857958032787	103.61897990163935	103.699944	1	0	0	0	0
2024-06-24 01:35:40	25.833902711764708	103.65928511764706	103.699944	1	0	0	0	0
2024-06-24 01:35:50	25.8329347	103.79264916666666	103.699944	1	0	0	0	0
2024-06-24 01:36:00	25.774125367499998	104.0439219	103.699944	1	0	0	0	0
2024-06-24 01:36:10	25.84016228	103.6504988	103.699944	1	0	0	0	0
2024-06-24 01:36:20	25.77925621690141	103.970499	103.699944	1	0	0	0	0
2024-06-24 01:36:30	25.788980977586206	103.86374620689655	103.699944	1	0	0	0	0
2024-06-24 01:36:40	25.8077276	103.74163188235295	103.699944	1	0	0	0	0
2024-06-24 01:36:50	25.80833224	103.7337172	103.699944	1	0	0	0	0
2024-06-24 01:37:00	25.807596607594935	103.71182356962025	103.699944	1	0	0	0	0
2024-06-24 01:37:10	25.881531803333335	103.2458455	103.699944	1	0	0	0	0
2024-06-24 01:37:20	25.8447342	103.41052160000001	103.699944	1	0	0	0	0
2024-06-24 01:37:30	25.763764712244896	103.98395963265307	103.699944	1	0	0	0	0
2024-06-24 01:37:40	25.770773469491527	103.74186328813559	103.699944	1	0	0	0	0
2024-06-24 01:37:50	25.757402916666667	103.68073545833333	103.699944	1	0	0	0	0
2024-06-24 01:38:00	25.82727557752809	103.44936843820224	103.699944	1	0	0	0	0
2024-06-24 01:38:10	25.78276507826087	104.00047186956522	103.699944	1	0	0	0	0
2024-06-24 01:38:20	25.795848315714288	103.6533791	103.699944	1	0	0	0	0
2024-06-24 01:38:30	25.77907291	103.75912404	103.699944	1	0	0	0	0
2024-06-24 01:38:40	25.836583342857143	103.50848351428571	103.699944	1	0	0	0	0
2024-06-24 01:38:50	25.80787195510204	103.52381324489795	103.699944	1	0	0	0	0
2024-06-24 01:39:00	25.719313497530866	104.11386612345679	103.699944	1	0	0	0	0
2024-06-24 01:39:10	25.70370042	104.16642	103.699944	1	0	0	0	0
2024-06-24 01:39:20	25.66977454494382	104.06383098876405	103.699944	1	0	0	0	0
2024-06-24 01:39:30	25.692258676	104.02922884	103.699944	1	0	0	0	0
2024-06-24 01:39:40	25.789978379591837	103.47978191836735	103.699944	1	0	0	0	0
2024-06-24 01:39:50	25.682617064	104.00260772	103.699944	1	0	0	0	0
2024-06-24 01:40:00	25.67400968666667	104.08049226666667	103.699944	1	0	0	0	0
2024-06-24 01:40:10	25.6731966779661	103.87051452542373	103.699944	1	0	0	0	0
2024-06-24 01:40:20	25.742050980000002	103.6333934	103.699944	1	0	0	0	0
2024-06-24 01:40:30	25.713682024	103.53852816	103.699944	1	0	0	0	0
2024-06-24 01:40:40	25.6618885	103.74308460869565	103.699944	1	0	0	0	0
2024-06-24 01:40:50	25.676149158	103.94854204	103.699944	1	0	0	0	0
2024-06-24 01:41:00	25.628153525925924	104.29521681481481	103.699944	1	0	0	0	0
2024-06-24 01:41:10	25.637370912676055	104.25804994366197	103.699944	1	0	0	0	0
2024-06-24 01:41:20	25.6671844556962	104.14863870886076	103.699944	1	0	0	0	0
2024-06-24 01:41:30	25.70683142857143	103.64229055102041	103.699944	1	0	0	0	0
2024-06-24 01:41:40	25.676079389830505	103.56612289830508	103.699944	1	0	0	0	0
2024-06-24 01:41:50	25.706706125	103.69797533333333	103.699944	1	0	0	0	0
2024-06-24 01:42:00	25.689030015	103.73932880000001	103.699944	1	0	0	0	0
2024-06-24 01:42:10	25.66931128309859	103.89383363380283	103.699944	1	0	0	0	0
2024-06-24 01:42:20	25.741396807352942	103.44632489705882	103.699944	1	0	0	0	0
2024-06-24 01:42:30	25.69041506885246	103.76821954098361	103.699944	1	0	0	0	0
2024-06-24 01:42:40	25.690193846153846	103.6339896923077	103.51148515384615	1	0	0	0	0
2024-06-24 01:42:50	25.625754183999998	103.78980920000001	102.999954	1	0	0	0	0
2024-06-24 01:43:00	25.67589271285714	103.57341754285714	102.999954	1	0	0	0	0
2024-06-24 01:43:10	25.575455095081967	104.10127637704917	102.999954	1	0	0	0	0
2024-06-24 01:43:20	25.58449720506329	103.87527831645569	102.999954	1	0	0	0	0
2024-06-24 01:43:30	25.54259355	104.0276846	102.999954	1	0	0	0	0
2024-06-24 01:43:40	25.53051249344262	103.85618468852459	102.999954	1	0	0	0	0
2024-06-24 01:43:50	25.474013414634147	104.11964390243902	102.999954	1	0	0	0	0
2024-06-24 01:44:00	25.51299748	103.6524886	102.999954	1	0	0	0	0
2024-06-24 01:44:10	25.474435062857143	103.75765267142857	102.999954	1	0	0	0	0
2024-06-24 01:44:20	25.44590803	103.7882076	102.999954	1	0	0	0	0
2024-06-24 01:44:30	25.4297882	103.7469912	102.999954	1	0	0	0	0
2024-06-24 01:44:40	25.445032342857143	103.59870754285714	102.999954	1	0	0	0	0
2024-06-24 01:44:50	25.378586192	103.75204336	102.999954	1	0	0	0	0
2024-06-24 01:45:00	25.3903685	103.69139340000001	102.999954	1	0	0	0	0
2024-06-24 01:45:10	25.341292808571428	103.77852545714286	102.999954	1	0	0	0	0
2024-06-24 01:45:20	25.2933297721519	103.89949387341773	102.999954	1	0	0	0	0
2024-06-24 01:45:30	25.27946288474576	103.84665169491525	102.999954	1	0	0	0	0
2024-06-24 01:45:40	25.27138857	103.7505338	102.999954	1	0	0	0	0
2024-06-24 01:45:50	25.25661001219512	103.87769819512195	102.999954	1	0	0	0	0
2024-06-24 01:46:00	25.259008578	103.51792616	102.999954	1	0	0	0	0
2024-06-24 01:46:10	25.221007355999998	103.4836629	102.999954	1	0	0	0	0
2024-06-24 01:46:20	25.20124711	103.6615712	102.999954	1	0	0	0	0
2024-06-24 01:46:30	25.18176348405797	103.72556191304348	102.999954	1	0	0	0	0
2024-06-24 01:46:40	25.10340744084507	103.9590183943662	102.999954	1	0	0	0	0
2024-06-24 01:46:50	25.060380598000002	103.98595394	102.999954	1	0	0	0	0
2024-06-24 01:47:00	25.082294275	103.70317206666667	102.999954	1	0	0	0	0
2024-06-24 01:47:10	25.07362532542373	103.62691671186441	102.999954	1	0	0	0	0
2024-06-24 01:47:20	25.04238734945055	103.70789037362637	102.999954	1	0	0	0	0
2024-06-24 01:47:30	24.990468473333333	103.84426906666667	102.999954	1	0	0	0	0
2024-06-24 01:47:40	24.959748985294116	103.8331135735294	102.999954	1	0	0	0	0
2024-06-24 01:47:50	24.979669184	103.69426444	102.999954	1	0	0	0	0
2024-06-24 01:48:00	24.909157457627117	103.84703449152542	102.999954	1	0	0	0	0
2024-06-24 01:48:10	24.852212952000002	104.15300472	102.999954	1	0	0	0	0
2024-06-24 01:48:20	24.9032228725	103.66735608750001	102.999954	1	0	0	0	0
2024-06-24 01:48:30	24.875710795774648	103.76316085915492	102.999954	1	0	0	0	0
2024-06-24 01:48:40	24.76392663043478	104.02576926086957	102.999954	1	0	0	0	0
2024-06-24 01:48:50	24.783068368	103.90343012000001	102.999954	1	0	0	0	0
2024-06-24 01:49:00	24.75630933768116	103.94720407246376	102.999954	1	0	0	0	0
2024-06-24 01:49:10	24.783845598	103.69329274	102.999954	1	0	0	0	0
2024-06-24 01:49:20	24.7319347	103.86380485	102.999954	1	0	0	0	0
2024-06-24 01:49:30	24.700980976271186	103.86134752542374	102.999954	1	0	0	0	0
2024-06-24 01:49:40	24.654532800000002	103.9119444	102.999954	1	0	0	0	0
2024-06-24 01:49:50	24.6748795220339	103.71939579661017	102.999954	1	0	0	0	0
2024-06-24 01:50:00	24.64405516056338	103.7358686197183	102.999954	1	0	0	0	0
2024-06-24 01:50:10	24.583215236	103.83460728	102.999954	1	0	0	0	0
2024-06-24 01:50:20	24.595952605263157	103.75259852631578	102.999954	1	0	0	0	0
2024-06-24 01:50:30	24.565729528571428	103.9268852	102.999954	1	0	0	0	0
2024-06-24 01:50:40	24.51696776	103.93007469999999	102.999954	1	0	0	0	0
2024-06-24 01:50:50	24.512592881355932	103.79233464406781	102.999954	1	0	0	0	0
2024-06-24 01:51:00	24.464741035000003	104.02132143333333	102.999954	1	0	0	0	0
2024-06-24 01:51:10	24.46279228235294	103.78840345098038	102.999954	1	0	0	0	0
2024-06-24 01:51:20	24.454216658333333	103.79171501388889	102.999954	1	0	0	0	0
2024-06-24 01:51:30	24.398964872881354	103.89186003389831	102.999954	1	0	0	0	0
2024-06-24 01:51:40	24.39850150967742	103.7930805483871	102.999954	1	0	0	0	0
2024-06-24 01:51:50	24.301128945	104.20378115	102.999954	1	0	0	0	0
2024-06-24 01:52:00	24.32605996	103.86105897142858	102.999954	1	0	0	0	0
2024-06-24 01:52:10	24.311644136734696	103.74717151020408	102.999954	1	0	0	0	0
2024-06-24 01:52:20	24.24063806296296	104.13585456790123	102.999954	1	0	0	0	0
2024-06-24 01:52:30	24.285044108	103.71023824	102.999954	1	0	0	0	0
2024-06-24 01:52:40	24.310123367901234	103.4056117654321	102.999954	1	0	0	0	0
2024-06-24 01:52:50	24.2379988	103.69014116000001	102.999954	1	0	0	0	0
2024-06-24 01:53:00	24.235795680246916	103.63459655555556	102.999954	1	0	0	0	0
2024-06-24 01:53:10	24.195393550980395	103.77478233333333	102.999954	1	0	0	0	0
2024-06-24 01:53:20	24.212299984999998	103.53854275	102.999954	1	0	0	0	0
2024-06-24 01:53:30	24.167042746	103.57538856	102.999954	1	0	0	0	0
2024-06-24 01:53:40	24.14997651	103.6146135	102.999954	1	0	0	0	0
2024-06-24 01:53:50	24.12376564705882	103.63299796078431	102.999954	1	0	0	0	0
2024-06-24 01:54:00	24.083982774683545	103.87980160759494	102.999954	1	0	0	0	0
2024-06-24 01:54:10	24.083495774193548	103.79402767741935	102.999954	1	0	0	0	0
2024-06-24 01:54:20	24.078415454285715	103.58798808571429	102.999954	1	0	0	0	0
2024-06-24 01:54:30	24.085407226	103.42933218	102.999954	1	0	0	0	0
2024-06-24 01:54:40	24.07098673580247	103.40966109876543	102.999954	1	0	0	0	0
2024-06-24 01:54:50	24.032181756666667	103.57066946666666	102.999954	1	0	0	0	0
2024-06-24 01:55:00	24.029828418987343	103.43292492405062	102.999954	1	0	0	0	0
2024-06-24 01:55:10	24.032785035714287	103.40628635714286	102.999954	1	0	0	0	0
2024-06-24 01:55:20	24.025535191428574	103.36144874285715	102.999954	1	0	0	0	0
2024-06-24 01:55:30	23.970474484	103.63089120000001	102.999954	1	0	0	0	0
2024-06-24 01:55:40	23.976422438333334	103.4923893	102.999954	1	0	0	0	0
2024-06-24 01:55:50	23.969490169491525	103.57253506779661	102.999954	1	0	0	0	0
2024-06-24 01:56:00	23.957853670886074	103.3855296329114	102.999954	1	0	0	0	0
2024-06-24 01:56:10	23.96761925	103.26781136000001	102.999954	1	0	0	0	0
2024-06-24 01:56:20	23.86788373478261	103.8366878405797	102.999954	1	0	0	0	0
2024-06-24 01:56:30	23.924164438000002	103.34034593999999	102.999954	1	0	0	0	0
2024-06-24 01:56:40	23.892140315	103.48030315	102.999954	1	0	0	0	0
2024-06-24 01:56:50	23.895289983950615	103.41552444444444	102.999954	1	0	0	0	0
2024-06-24 01:57:00	23.92941890888889	103.13727504444445	102.999954	1	0	0	0	0
2024-06-24 01:57:10	23.925705426229506	103.10916483606557	102.999954	1	0	0	0	0
2024-06-24 01:57:20	23.899054455696202	103.27439373417721	102.999954	1	0	0	0	0
2024-06-24 01:57:30	23.855715875510203	103.4495426122449	102.999954	1	0	0	0	0
2024-06-24 01:57:40	23.902224483050848	102.9309092881356	102.999954	1	0	0	0	0
2024-06-24 01:57:50	23.771524698039215	103.90266276470588	102.999954	1	0	0	0	0
2024-06-24 01:58:00	23.873179994366197	103.15411081690141	102.999954	1	0	0	0	0
2024-06-24 01:58:10	23.805658985507247	103.52548307246377	102.999954	1	0	0	0	0
2024-06-24 01:58:20	23.818254251851855	103.2225962962963	102.999954	1	0	0	0	0
2024-06-24 01:58:30	23.814825016949154	103.41879077966101	102.999954	1	0	0	0	0
2024-06-24 01:58:40	23.914665388	102.80359276	102.999954	1	0	0	0	0
2024-06-24 01:58:50	23.8407851	103.09184741666667	102.999954	1	0	0	0	0
2024-06-24 01:59:00	23.869425868115943	102.9861671884058	102.999954	1	0	0	0	0
2024-06-24 01:59:10	23.856700036666666	103.0766284	102.999954	1	0	0	0	0
2024-06-24 01:59:20	23.93334424	102.55187409999999	102.999954	1	0	0	0	0
2024-06-24 01:59:30	23.912893204	102.71342896	102.999954	1	0	0	0	0
2024-06-24 01:59:40	23.893250086956524	103.05065915942029	102.999954	1	0	0	0	0
2024-06-24 01:59:50	23.919091104444444	102.87936564444443	102.999954	1	0	0	0	0
2024-06-24 02:00:00	23.905740005797103	102.93490346376812	102.999954	1	0	0	0	0
2024-06-24 02:00:10	23.893650478260867	102.9762915652174	102.999954	1	0	0	0	0
2024-06-24 02:00:20	23.913565478571428	102.89224554285714	102.999954	1	0	0	0	0
2024-06-24 02:00:30	23.88183953877551	103.05642036734694	102.999954	1	0	0	0	0
2024-06-24 02:00:40	23.89829619142857	102.87222451428572	102.999954	1	0	0	0	0
2024-06-24 02:00:50	23.92790158	102.91255408	102.999954	1	0	0	0	0
2024-06-24 02:01:00	23.914868696296296	102.95550688888889	102.999954	1	0	0	0	0
2024-06-24 02:01:10	23.888972033898305	103.12726905084746	102.999954	1	0	0	0	0
2024-06-24 02:01:20	23.894730825	103.08571984	102.999954	1	0	0	0	0
2024-06-24 02:01:30	23.84321680169492	103.40038754237288	102.999954	1	0	0	0	0
2024-06-24 02:01:40	23.90973818125	102.738394546875	102.999954	1	0	0	0	0
2024-06-24 02:01:50	23.914144415909092	102.97121190909091	102.999954	1	0	0	0	0
2024-06-24 02:02:00	23.926578897468353	102.91932415189873	102.999954	1	0	0	0	0
2024-06-24 02:02:10	23.919938513333335	102.68155259999999	102.999954	1	0	0	0	0
2024-06-24 02:02:20	23.94347610769231	102.77026823076923	102.999954	1	0	0	0	0
2024-06-24 02:02:30	23.966452557627118	102.69567155932202	102.999954	1	0	0	0	0
2024-06-24 02:02:40	23.960557083999998	102.8448862	102.999954	1	0	0	0	0
2024-06-24 02:02:50	23.942233944	102.83714442	102.999954	1	0	0	0	0
2024-06-24 02:03:00	23.96663934567901	103.01534655555555	102.999954	1	0	0	0	0
2024-06-24 02:03:10	23.946941799999998	103.1162476	102.999954	1	0	0	0	0
2024-06-24 02:03:20	23.931256264044944	103.1132553258427	102.999954	1	0	0	0	0
2024-06-24 02:03:30	23.942191290196078	103.02128309803922	102.999954	1	0	0	0	0
2024-06-24 02:03:40	23.99431958627451	102.68474958823529	102.999954	1	0	0	0	0
2024-06-24 02:03:50	23.96493836829268	102.97183407317073	102.999954	1	0	0	0	0
2024-06-24 02:04:00	23.973444329411763	102.95447805882353	102.999954	1	0	0	0	0
2024-06-24 02:04:10	23.991685973913043	102.66353526086957	102.999954	1	0	0	0	0
2024-06-24 02:04:20	23.938277142253522	103.16204870422536	102.999954	1	0	0	0	0
2024-06-24 02:04:30	23.97904169	102.9181667	102.999954	1	0	0	0	0
2024-06-24 02:04:40	23.963355544262296	102.95023555737704	102.999954	1	0	0	0	0
2024-06-24 02:04:50	23.987154141176468	102.92975482352942	102.999954	1	0	0	0	0
2024-06-24 02:05:00	24.039994017391304	102.50802421739131	102.999954	1	0	0	0	0
2024-06-24 02:05:10	24.003888145679014	102.79213861728395	102.999954	1	0	0	0	0
2024-06-24 02:05:20	24.009195057142858	102.87787502857144	102.999954	1	0	0	0	0
2024-06-24 02:05:30	23.992052088732397	103.00407566197184	102.999954	1	0	0	0	0
2024-06-24 02:05:40	24.007518960000002	102.92318039999999	102.999954	1	0	0	0	0
2024-06-24 02:05:50	23.99806907857143	103.00499185714285	102.999954	1	0	0	0	0
2024-06-24 02:06:00	24.0163932	102.8778992	102.999954	1	0	0	0	0
2024-06-24 02:06:10	23.98397166101695	103.1070373559322	102.999954	1	0	0	0	0
2024-06-24 02:06:20	24.012330755555556	102.932216	102.999954	1	0	0	0	0
2024-06-24 02:06:30	23.96470830666667	103.22528366666667	102.999954	1	0	0	0	0
2024-06-24 02:06:40	24.0466965425	102.6737047	102.999954	1	0	0	0	0
2024-06-24 02:06:50	24.00743318	102.81702976	102.999954	1	0	0	0	0
2024-06-24 02:07:00	24.02097853818182	102.85981512727273	102.999954	1	0	0	0	0
2024-06-24 02:07:10	24.049845281632653	102.7619659387755	102.999954	1	0	0	0	0
2024-06-24 02:07:20	23.999751459340658	102.98451561538461	102.999954	1	0	0	0	0
2024-06-24 02:07:30	24.050126669565216	102.89470369565218	102.999954	1	0	0	0	0
2024-06-24 02:07:40	24.025134597530865	103.17721402469137	102.999954	1	0	0	0	0
2024-06-24 02:07:50	24.018742319148934	103.04918353191489	102.999954	1	0	0	0	0
2024-06-24 02:08:00	24.04445156779661	102.7994609322034	102.999954	1	0	0	0	0
2024-06-24 02:08:10	23.99053208809524	103.10301807142856	102.999954	1	0	0	0	0
2024-06-24 02:08:20	24.028612482954543	102.97963675	102.999954	1	0	0	0	0
2024-06-24 02:08:30	24.034298027142857	102.91396145714286	102.999954	1	0	0	0	0
2024-06-24 02:08:40	24.02694682	103.0444019	102.999954	1	0	0	0	0
2024-06-24 02:08:50	24.115387286	102.78557552	102.999954	1	0	0	0	0
2024-06-24 02:09:00	24.063190248571427	102.8474066	102.999954	1	0	0	0	0
2024-06-24 02:09:10	24.07087214	102.87370606666667	102.999954	1	0	0	0	0
2024-06-24 02:09:20	24.124638672	102.57927068000001	102.999954	1	0	0	0	0
2024-06-24 02:09:30	24.13697454647887	102.47970043661971	102.999954	1	0	0	0	0
2024-06-24 02:09:40	24.09850732	102.6361236	102.999954	1	0	0	0	0
2024-06-24 02:09:50	24.08381048780488	103.06796875609756	102.999954	1	0	0	0	0
2024-06-24 02:10:00	24.078122568571427	102.8795996857143	102.999954	1	0	0	0	0
2024-06-24 02:10:10	24.08219708235294	102.99373035294117	102.999954	1	0	0	0	0
2024-06-24 02:10:20	24.06961677966102	103.09019410169492	102.999954	1	0	0	0	0
2024-06-24 02:10:30	24.157631225714287	102.71214354285715	102.999954	1	0	0	0	0
2024-06-24 02:10:40	24.08925704	103.0197126	102.999954	1	0	0	0	0
2024-06-24 02:10:50	24.11013264	102.887444	102.999954	1	0	0	0	0
2024-06-24 02:11:00	24.108004175	102.99029743333334	102.999954	1	0	0	0	0
2024-06-24 02:11:10	24.151359356	102.66316784	102.999954	1	0	0	0	0
2024-06-24 02:11:20	24.146037752173914	102.86928704347827	102.999954	1	0	0	0	0
2024-06-24 02:11:30	24.102591615	103.1096071125	102.999954	1	0	0	0	0
2024-06-24 02:11:40	24.147311408750003	102.75396565	102.999954	1	0	0	0	0
2024-06-24 02:11:50	24.166510186885247	102.71732347540984	102.999954	1	0	0	0	0
2024-06-24 02:12:00	24.10733378333333	103.04716965384615	102.999954	1	0	0	0	0
2024-06-24 02:12:10	24.08522075409836	103.39072242622952	102.999954	1	0	0	0	0
2024-06-24 02:12:20	24.112300115789473	103.07150485964912	102.999954	1	0	0	0	0
2024-06-24 02:12:30	24.12931085714286	103.07866402857142	102.999954	1	0	0	0	0
2024-06-24 02:12:40	24.12430766	102.9890108	102.999954	1	0	0	0	0
2024-06-24 02:12:50	24.1487591	102.73478647887325	102.999954	1	0	0	0	0
2024-06-24 02:13:00	24.094588224050632	103.14177296202531	102.999954	1	0	0	0	0
2024-06-24 02:13:10	24.099450165306123	103.16061324489796	102.999954	1	0	0	0	0
2024-06-24 02:13:20	24.122270618032786	102.98157949180327	102.999954	1	0	0	0	0
2024-06-24 02:13:30	24.13945510869565	102.8239022173913	102.999954	1	0	0	0	0
2024-06-24 02:13:40	24.11110842962963	103.06802539506172	102.999954	1	0	0	0	0
2024-06-24 02:13:50	24.182122481967212	102.73205909836065	102.999954	1	0	0	0	0
2024-06-24 02:14:00	24.185132468571428	102.80166561428571	102.999954	1	0	0	0	0
2024-06-24 02:14:10	24.177156919672132	102.91629878688525	102.999954	1	0	0	0	0
2024-06-24 02:14:20	24.14624075490196	103.0036865882353	102.999954	1	0	0	0	0
2024-06-24 02:14:30	24.17149084	102.7938066	102.999954	1	0	0	0	0
2024-06-24 02:14:40	24.186251643037973	102.7990912278481	102.999954	1	0	0	0	0
2024-06-24 02:14:50	24.23038221594203	102.54109711594202	102.999954	1	0	0	0	0
2024-06-24 02:15:00	24.160184065000003	103.04550425000001	102.999954	1	0	0	0	0
2024-06-24 02:15:10	24.22226955714286	102.66361865306123	102.999954	1	0	0	0	0
2024-06-24 02:15:20	24.22245358857143	102.58558705714286	102.999954	1	0	0	0	0
2024-06-24 02:15:30	24.19068135	102.71829509999999	102.999954	1	0	0	0	0
2024-06-24 02:15:40	24.220137834426232	102.74552208196722	102.999954	1	0	0	0	0
2024-06-24 02:15:50	24.18587978	103.03801612	102.999954	1	0	0	0	0
2024-06-24 02:16:00	24.186845016901408	102.95820654929578	102.999954	1	0	0	0	0
2024-06-24 02:16:10	24.204171766	102.93128039999999	102.999954	1	0	0	0	0
2024-06-24 02:16:20	24.149946008695654	103.30165291304348	102.999954	1	0	0	0	0
2024-06-24 02:16:30	24.13896099	103.29432956000001	102.999954	1	0	0	0	0
2024-06-24 02:16:40	24.13963449876543	103.37093880246914	102.999954	1	0	0	0	0
2024-06-24 02:16:50	24.17901624	103.22137686666666	102.999954	1	0	0	0	0
2024-06-24 02:17:00	24.21841342	102.7878172	102.999954	1	0	0	0	0
2024-06-24 02:17:10	24.191177013999997	103.0577292	102.999954	1	0	0	0	0
2024-06-24 02:17:20	24.207120635714286	102.94972294285714	102.999954	1	0	0	0	0
2024-06-24 02:17:30	24.23728309	102.8293654	102.999954	1	0	0	0	0
2024-06-24 02:17:40	24.26847416329114	102.52172410126582	102.999954	1	0	0	0	0
2024-06-24 02:17:50	24.16961796625	103.018728275	102.999954	1	0	0	0	0
2024-06-24 02:18:00	24.18859734366197	103.10706076056339	102.999954	1	0	0	0	0
2024-06-24 02:18:10	24.22400988135593	103.00788247457628	102.999954	1	0	0	0	0
2024-06-24 02:18:20	24.25732801012658	102.67432111392405	102.999954	1	0	0	0	0
2024-06-24 02:18:30	24.208803480392156	103.00999503921568	102.999954	1	0	0	0	0
2024-06-24 02:18:40	24.114408809999997	103.35609522499999	102.999954	1	0	0	0	0
2024-06-24 02:18:50	24.234239817142857	102.93017351428571	102.999954	1	0	0	0	0
2024-06-24 02:19:00	24.193103146666665	103.15947026666667	102.999954	1	0	0	0	0
2024-06-24 02:19:10	24.240972881355933	102.86907520338983	102.999954	1	0	0	0	0
2024-06-24 02:19:20	24.259011429577463	102.77732278873239	102.999954	1	0	0	0	0
2024-06-24 02:19:30	24.25988656779661	102.82044318644067	102.999954	1	0	0	0	0
2024-06-24 02:19:40	24.27360908142857	103.0336051857143	102.999954	1	0	0	0	0
2024-06-24 02:19:50	24.2109499175	103.14266277499999	102.999954	1	0	0	0	0
2024-06-24 02:20:00	24.272506774647887	102.74990223943662	102.999954	1	0	0	0	0
2024-06-24 02:20:10	24.312334527868853	102.53722336065573	102.999954	1	0	0	0	0
2024-06-24 02:20:20	24.22246857142857	103.14921757142857	102.999954	1	0	0	0	0
2024-06-24 02:20:30	24.285734356000003	102.78592624	102.999954	1	0	0	0	0
2024-06-24 02:20:40	24.27330413142857	102.86039942857143	102.999954	1	0	0	0	0
2024-06-24 02:20:50	24.331506091525426	102.54646305084745	102.999954	1	0	0	0	0
2024-06-24 02:21:00	24.282438232222223	102.85248751111111	102.999954	1	0	0	0	0
2024-06-24 02:21:10	24.267632044067796	102.95266347457627	102.999954	1	0	0	0	0
2024-06-24 02:21:20	24.29962378	103.03405585714286	102.999954	1	0	0	0	0
2024-06-24 02:21:30	24.253428204	103.103725	102.999954	1	0	0	0	0
2024-06-24 02:21:40	24.28241907352941	103.05181538235294	102.999954	1	0	0	0	0
2024-06-24 02:21:50	24.287683140000002	103.02819623333333	102.999954	1	0	0	0	0
2024-06-24 02:22:00	24.277668817977528	103.28252556179775	102.999954	1	0	0	0	0
2024-06-24 02:22:10	24.290434897959184	102.88818491836734	102.999954	1	0	0	0	0
2024-06-24 02:22:20	24.267257221666664	103.02300556666667	102.999954	1	0	0	0	0
2024-06-24 02:22:30	24.242721428	103.0114823	102.999954	1	0	0	0	0
2024-06-24 02:22:40	24.281811972839506	102.9496360617284	102.999954	1	0	0	0	0
2024-06-24 02:22:50	24.273035666666665	102.98607086666667	102.999954	1	0	0	0	0
2024-06-24 02:23:00	24.30312	102.6983	102.999954	1	0	0	0	0
2024-06-24 02:23:10	24.305737775510202	103.02922581632653	102.999954	1	0	0	0	0
2024-06-24 02:23:20	24.280106166666666	102.99729325	102.999954	1	0	0	0	0
2024-06-24 02:23:30	24.297782811864405	102.95384022033899	102.999954	1	0	0	0	0
2024-06-24 02:23:40	24.264739604918034	103.08761921311476	102.999954	1	0	0	0	0
2024-06-24 02:23:50	24.274092666666665	103.03352073333333	102.999954	1	0	0	0	0
2024-06-24 02:24:00	24.252035933333335	103.1806472	102.999954	1	0	0	0	0
2024-06-24 02:24:10	24.286336679999998	102.98350084	102.999954	1	0	0	0	0
2024-06-24 02:24:20	24.278885642857144	103.05931434285715	102.999954	1	0	0	0	0
2024-06-24 02:24:30	24.344003666101695	102.44113983050848	102.999954	1	0	0	0	0
2024-06-24 02:24:40	24.295896901724138	102.95921198275862	102.999954	1	0	0	0	0
2024-06-24 02:24:50	24.33760357377049	102.7939614262295	102.999954	1	0	0	0	0
2024-06-24 02:25:00	24.357031989873416	102.6377905443038	102.999954	1	0	0	0	0
2024-06-24 02:25:10	24.342460875609756	102.84660263414634	102.999954	1	0	0	0	0
2024-06-24 02:25:20	24.31756705862069	103.1870315862069	102.999954	1	0	0	0	0
2024-06-24 02:25:30	24.290285447058825	103.00010376470588	102.999954	1	0	0	0	0
2024-06-24 02:25:40	24.320996387755102	103.08214481632653	102.999954	1	0	0	0	0
2024-06-24 02:25:50	24.364435429411763	102.78986264705883	102.999954	1	0	0	0	0
2024-06-24 02:26:00	24.325897374157304	102.97330693258426	102.999954	1	0	0	0	0
2024-06-24 02:26:10	24.39129269859155	102.79748463380281	102.999954	1	0	0	0	0
2024-06-24 02:26:20	24.34806194509804	102.94122598039216	102.999954	1	0	0	0	0
2024-06-24 02:26:30	24.374127765	102.80801796666667	102.999954	1	0	0	0	0
2024-06-24 02:26:40	24.35226741392405	102.96713879746835	102.999954	1	0	0	0	0
2024-06-24 02:26:50	24.352531	102.97964958536585	102.999954	1	0	0	0	0
2024-06-24 02:27:00	24.3312088942029	103.11475566666667	102.999954	1	0	0	0	0
2024-06-24 02:27:10	24.390338645714284	102.65680551428571	102.999954	1	0	0	0	0
2024-06-24 02:27:20	24.390853546666666	102.74939346666666	102.999954	1	0	0	0	0
2024-06-24 02:27:30	24.3397073220339	103.07435044067796	102.999954	1	0	0	0	0
2024-06-24 02:27:40	24.426602141463416	102.55347365853657	102.999954	1	0	0	0	0
2024-06-24 02:27:50	24.406374556000003	102.94889988	102.999954	1	0	0	0	0
2024-06-24 02:28:00	24.371433939130437	102.95658650724637	102.999954	1	0	0	0	0
2024-06-24 02:28:10	24.373855469620253	102.82714834177214	102.999954	1	0	0	0	0
2024-06-24 02:28:20	24.351442908	103.12832949999999	102.999954	1	0	0	0	0
2024-06-24 02:28:30	24.376010570000002	103.0370461	103.88161913333333	1	0	0	0	0
2024-06-24 02:28:40	24.442454107594937	102.99566451898734	105.29995	1	0	0	0	0
2024-06-24 02:28:50	24.558191588333333	102.81621723333333	105.29995	1	0	0	0	0
2024-06-24 02:29:00	24.667219609876543	102.55474211111111	105.29995	1	0	0	0	0
2024-06-24 02:29:10	24.715640994285714	102.72718665714287	105.29995	1	0	0	0	0
2024-06-24 02:29:20	24.751596667088606	102.92669941772152	105.29995	1	0	0	0	0
2024-06-24 02:29:30	24.85969866	102.75190674000001	105.29995	1	0	0	0	0
2024-06-24 02:29:40	24.902715985714284	102.90514114285715	105.29995	1	0	0	0	0
2024-06-24 02:29:50	24.97886623265306	102.71325934693878	105.29995	1	0	0	0	0
2024-06-24 02:30:00	25.081824662857144	102.72937934285714	105.29995	1	0	0	0	0
2024-06-24 02:30:10	25.082105652499997	103.24666875	105.29995	1	0	0	0	0
2024-06-24 02:30:20	25.18645956857143	102.88667871428571	105.29995	1	0	0	0	0
2024-06-24 02:30:30	25.30221370819672	102.67112580327868	105.29995	1	0	0	0	0
2024-06-24 02:30:40	25.3651364	102.77527914285714	105.29995	1	0	0	0	0
2024-06-24 02:30:50	25.399282487096773	102.98007933870969	105.29995	1	0	0	0	0
2024-06-24 02:31:00	25.499536988405797	102.8419881594203	105.29995	1	0	0	0	0
2024-06-24 02:31:10	25.57538286666667	102.94486028985507	105.29995	1	0	0	0	0
2024-06-24 02:31:20	25.670154594059404	102.69345560396039	105.29995	1	0	0	0	0
2024-06-24 02:31:30	25.7365733	102.95868586666667	105.29995	1	0	0	0	0
2024-06-24 02:31:40	25.7993303220339	102.8127975762712	105.29995	1	0	0	0	0
2024-06-24 02:31:50	25.874342782926828	102.7765218292683	105.29995	1	0	0	0	0
2024-06-24 02:32:00	25.90065545263158	103.09206289473684	105.29995	1	0	0	0	0
2024-06-24 02:32:10	25.97487376	103.36598090000001	105.29995	1	0	0	0	0
2024-06-24 02:32:20	26.02018584	103.1427566	105.29995	1	0	0	0	0
2024-06-24 02:32:30	26.04943734262295	103.34479191803278	105.29995	1	0	0	0	0
2024-06-24 02:32:40	26.035896814285714	103.81820928571429	105.29995	1	0	0	0	0
2024-06-24 02:32:50	26.09778428	103.54946356	105.29995	1	0	0	0	0
2024-06-24 02:33:00	26.15473644875	103.6252553625	105.29995	1	0	0	0	0
2024-06-24 02:33:10	26.22356530740741	103.47840927160493	105.29995	1	0	0	0	0
2024-06-24 02:33:20	26.19996653707865	103.94644478651686	105.29995	1	0	0	0	0
2024-06-24 02:33:30	26.322446056	103.48239952	105.29995	1	0	0	0	0
2024-06-24 02:33:40	26.28949	103.988884	105.29995	1	0	0	0	0
2024-06-24 02:33:50	26.304489465306123	104.07256824489797	105.29995	1	0	0	0	0
2024-06-24 02:34:00	26.363305999999998	104.0112916	105.29995	1	0	0	0	0
2024-06-24 02:34:10	26.39201923478261	104.04187011594203	105.29995	1	0	0	0	0
2024-06-24 02:34:20	26.401116802857143	104.19187194285715	105.29995	1	0	0	0	0
2024-06-24 02:34:30	26.39676620724638	104.30038426086956	105.29995	1	0	0	0	0
2024-06-24 02:34:40	26.371505204285715	104.7617595	105.29995	1	0	0	0	0
2024-06-24 02:34:50	26.397940237999997	104.7083964	105.29995	1	0	0	0	0
2024-06-24 02:35:00	26.410048714285715	104.76387677142857	105.29995	1	0	0	0	0
2024-06-24 02:35:10	26.388701936708863	105.00932543037975	105.29995	1	0	0	0	0
2024-06-24 02:35:20	26.37384804375	105.1941278875	105.29995	1	0	0	0	0
2024-06-24 02:35:30	26.44594614	104.78697960000001	105.29995	1	0	0	0	0
2024-06-24 02:35:40	26.41481041	105.07144770000001	105.29995	1	0	0	0	0
2024-06-24 02:35:50	26.398564780487803	105.19115392682927	105.29995	1	0	0	0	0
2024-06-24 02:36:00	26.4181557	105.132881	105.29995	1	0	0	0	0
2024-06-24 02:36:10	26.3922996	105.50084632	105.29995	1	0	0	0	0
2024-06-24 02:36:20	26.353499996296296	105.54848354320987	105.29995	1	0	0	0	0
2024-06-24 02:36:30	26.379560686666668	105.42265313333333	105.29995	1	0	0	0	0
2024-06-24 02:36:40	26.35301604050633	105.4465556835443	105.29995	1	0	0	0	0
2024-06-24 02:36:50	26.35498262	105.45699378	105.29995	1	0	0	0	0
2024-06-24 02:37:00	26.355019023333334	105.28808788333333	105.29995	1	0	0	0	0
2024-06-24 02:37:10	26.336117169565217	105.4617116231884	105.29995	1	0	0	0	0
2024-06-24 02:37:20	26.3397202	105.52768549450549	105.29995	1	0	0	0	0
2024-06-24 02:37:30	26.35086092	105.4648664	105.29995	1	0	0	0	0
2024-06-24 02:37:40	26.302100380000002	105.5489337	105.29995	1	0	0	0	0
2024-06-24 02:37:50	26.30052249787234	105.40015378723403	105.29995	1	0	0	0	0
2024-06-24 02:38:00	26.318403384	105.45101659999999	105.29995	1	0	0	0	0
2024-06-24 02:38:10	26.31624982	105.2620768	105.29995	1	0	0	0	0
2024-06-24 02:38:20	26.29999272173913	105.50632933333333	105.29995	1	0	0	0	0
2024-06-24 02:38:30	26.31196104	105.4008704	105.29995	1	0	0	0	0
2024-06-24 02:38:40	26.260447	105.66819475	105.29995	1	0	0	0	0
2024-06-24 02:38:50	26.284243447058824	105.45562494117647	105.29995	1	0	0	0	0
2024-06-24 02:39:00	26.27512142857143	105.7277082	105.29995	1	0	0	0	0
2024-06-24 02:39:10	26.278502787096773	105.34238293548387	105.29995	1	0	0	0	0
2024-06-24 02:39:20	26.322491507142857	105.26377792857143	105.29995	1	0	0	0	0
2024-06-24 02:39:30	26.31686629	105.4076449	105.29995	1	0	0	0	0
2024-06-24 02:39:40	26.298029752112676	105.29649863380281	105.29995	1	0	0	0	0
2024-06-24 02:39:50	26.2343028	105.731705	105.29995	1	0	0	0	0
2024-06-24 02:40:00	26.279632537142856	105.31015988571428	105.29995	1	0	0	0	0
