PROCESSDATA	2411FIC20102 Data	yyyy-MM-dd HH:mm:ss
8	10	2024-10-21 04:10:00	751
tagname	2411FIC20102.MV	2411FIC20102.PV	2411FIC20102.SV	2411FIC20102.MODE	bOpOFL	bPvOFL	bSpOFL	bAutOFL
desc	回炼油返塔_OP	回炼油返塔_PV	回炼油返塔_SP	Aut	bOpOFL	bPvOFL	bSpOFL	bAutOFL
fsMax=1.4360048823214289	fsMin=0	fsGridNum=10	fdMax=1.4360048823214289tfdMin=0	fdGridNum=10	v0GridNum=10	L=24
2024-10-21 04:10:00	24.57306014888889	103.25950355555555	103.500008	1	0	0	0	0
2024-10-21 04:10:10	24.486613495918366	103.74873334693878	103.500008	1	0	0	0	0
2024-10-21 04:10:20	24.572582702469134	103.17034427160493	103.500008	1	0	0	0	0
2024-10-21 04:10:30	24.57543365	103.24596625	103.500008	1	0	0	0	0
2024-10-21 04:10:40	24.5952892	103.1837342	103.500008	1	0	0	0	0
2024-10-21 04:10:50	24.579994098765432	103.31925762962963	103.500008	1	0	0	0	0
2024-10-21 04:11:00	24.571409031460675	103.40009959550562	103.500008	1	0	0	0	0
2024-10-21 04:11:10	24.580078166666667	103.40941666666666	103.500008	1	0	0	0	0
2024-10-21 04:11:20	24.596383188333334	103.25177910000001	103.500008	1	0	0	0	0
2024-10-21 04:11:30	24.59847196849315	103.30158402739727	103.500008	1	0	0	0	0
2024-10-21 04:11:40	24.57502421904762	103.44105064285715	103.500008	1	0	0	0	0
2024-10-21 04:11:50	24.617613884	103.25217444	103.500008	1	0	0	0	0
2024-10-21 04:12:00	24.577739525000002	103.5139788	103.500008	1	0	0	0	0
2024-10-21 04:12:10	24.604450516	103.31419847999999	103.500008	1	0	0	0	0
2024-10-21 04:12:20	24.647406582857144	103.21715197142856	103.500008	1	0	0	0	0
2024-10-21 04:12:30	24.660954456	103.12262228	103.500008	1	0	0	0	0
2024-10-21 04:12:40	24.603903634285714	103.80988854285714	103.500008	1	0	0	0	0
2024-10-21 04:12:50	24.592016299999997	103.60501191549295	103.500008	1	0	0	0	0
2024-10-21 04:13:00	24.65264147721519	103.25948853164557	103.500008	1	0	0	0	0
2024-10-21 04:13:10	24.592551586956525	103.66515773913044	103.500008	1	0	0	0	0
2024-10-21 04:13:20	24.565852797530862	103.80595345679012	103.500008	1	0	0	0	0
2024-10-21 04:13:30	24.64071106	103.33906259999999	103.500008	1	0	0	0	0
2024-10-21 04:13:40	24.6337016	103.38655288	103.500008	1	0	0	0	0
2024-10-21 04:13:50	24.60768776	103.61640446666668	103.500008	1	0	0	0	0
2024-10-21 04:14:00	24.633026571428573	103.4136282	103.500008	1	0	0	0	0
2024-10-21 04:14:10	24.62375392	103.5039939	103.500008	1	0	0	0	0
2024-10-21 04:14:20	24.640496	103.480903	103.500008	1	0	0	0	0
2024-10-21 04:14:30	24.669750252	103.21935239999999	103.500008	1	0	0	0	0
2024-10-21 04:14:40	24.647994299999997	103.29885169014084	103.500008	1	0	0	0	0
2024-10-21 04:14:50	24.67840776	103.19403963333333	103.500008	1	0	0	0	0
2024-10-21 04:15:00	24.664594440000002	103.106629325	103.500008	1	0	0	0	0
2024-10-21 04:15:10	24.665620212658226	103.39911626582278	103.500008	1	0	0	0	0
2024-10-21 04:15:20	24.634590567142855	103.62187164285714	103.500008	1	0	0	0	0
2024-10-21 04:15:30	24.6493196	103.54495700000001	103.500008	1	0	0	0	0
2024-10-21 04:15:40	24.6382803	103.63361916	103.500008	1	0	0	0	0
2024-10-21 04:15:50	24.640315968	103.60735928	103.500008	1	0	0	0	0
2024-10-21 04:16:00	24.673006014814813	103.50527498765432	103.500008	1	0	0	0	0
2024-10-21 04:16:10	24.704746935	103.1846413	103.500008	1	0	0	0	0
2024-10-21 04:16:20	24.661923851428572	103.48412348571428	103.500008	1	0	0	0	0
2024-10-21 04:16:30	24.681704501960784	103.38307225490196	103.500008	1	0	0	0	0
2024-10-21 04:16:40	24.621420737142856	103.66500508571428	103.500008	1	0	0	0	0
2024-10-21 04:16:50	24.636113476000002	103.62033063999999	103.500008	1	0	0	0	0
2024-10-21 04:17:00	24.707106839999998	103.19631137142856	103.500008	1	0	0	0	0
2024-10-21 04:17:10	24.650458626666666	103.57578480000001	103.500008	1	0	0	0	0
2024-10-21 04:17:20	24.66348194	103.485771	103.500008	1	0	0	0	0
2024-10-21 04:17:30	24.69061315774648	103.330503	103.500008	1	0	0	0	0
2024-10-21 04:17:40	24.693829512195123	103.33030075609756	103.500008	1	0	0	0	0
2024-10-21 04:17:50	24.705620565853657	103.30462429268292	103.500008	1	0	0	0	0
2024-10-21 04:18:00	24.680104666666665	103.4215898	103.500008	1	0	0	0	0
2024-10-21 04:18:10	24.6882385	103.37393194285714	103.500008	1	0	0	0	0
2024-10-21 04:18:20	24.686047740000003	103.46907800000001	103.500008	1	0	0	0	0
2024-10-21 04:18:30	24.6571388	103.511055	103.500008	1	0	0	0	0
2024-10-21 04:18:40	24.67769468	103.5846174	103.500008	1	0	0	0	0
2024-10-21 04:18:50	24.721158382926827	103.29263104878049	103.500008	1	0	0	0	0
2024-10-21 04:19:00	24.666786979999998	103.6631704	103.500008	1	0	0	0	0
2024-10-21 04:19:10	24.693730325714284	103.3851776	103.500008	1	0	0	0	0
2024-10-21 04:19:20	24.74578743	103.37662164999999	103.500008	1	0	0	0	0
2024-10-21 04:19:30	24.708303723333334	103.4595203	103.500008	1	0	0	0	0
2024-10-21 04:19:40	24.697255714285713	103.57631042857143	103.500008	1	0	0	0	0
2024-10-21 04:19:50	24.70041654878049	103.63247624390243	103.500008	1	0	0	0	0
2024-10-21 04:20:00	24.69311696	103.6663944	103.500008	1	0	0	0	0
2024-10-21 04:20:10	24.773187571428572	103.1794553142857	103.500008	1	0	0	0	0
2024-10-21 04:20:20	24.7738872	103.1449628	103.500008	1	0	0	0	0
2024-10-21 04:20:30	24.74462385915493	103.36518256338027	103.500008	1	0	0	0	0
2024-10-21 04:20:40	24.79628254	103.11175499999999	103.500008	1	0	0	0	0
2024-10-21 04:20:50	24.759855674418606	103.38342827906978	103.500008	1	0	0	0	0
2024-10-21 04:21:00	24.73133117647059	103.5394014117647	103.500008	1	0	0	0	0
2024-10-21 04:21:10	24.744410125714285	103.46300494285714	103.500008	1	0	0	0	0
2024-10-21 04:21:20	24.76463439268293	103.34081770731707	103.500008	1	0	0	0	0
2024-10-21 04:21:30	24.743101326086958	103.48863953623189	103.500008	1	0	0	0	0
2024-10-21 04:21:40	24.730678647619047	103.30985523809524	103.500008	1	0	0	0	0
2024-10-21 04:21:50	24.741749057142858	103.559117	103.500008	1	0	0	0	0
2024-10-21 04:22:00	24.74791734057971	103.37505905797101	103.500008	1	0	0	0	0
2024-10-21 04:22:10	24.794684531999998	103.28497924	103.500008	1	0	0	0	0
2024-10-21 04:22:20	24.748100455555555	103.57749722222222	103.500008	1	0	0	0	0
2024-10-21 04:22:30	24.771955753333334	103.43397086666667	103.500008	1	0	0	0	0
2024-10-21 04:22:40	24.79326894	103.25402700000001	103.500008	1	0	0	0	0
2024-10-21 04:22:50	24.740029014634146	103.64118019512195	103.500008	1	0	0	0	0
2024-10-21 04:23:00	24.759108197468354	103.56588879746835	103.500008	1	0	0	0	0
2024-10-21 04:23:10	24.759373824	103.51605404	103.500008	1	0	0	0	0
2024-10-21 04:23:20	24.706971045714283	103.66979311428571	103.500008	1	0	0	0	0
2024-10-21 04:23:30	24.777068590277775	103.33528095833334	103.500008	1	0	0	0	0
2024-10-21 04:23:40	24.75994996440678	103.4825166101695	103.500008	1	0	0	0	0
2024-10-21 04:23:50	24.733527716	103.61668292	103.500008	1	0	0	0	0
2024-10-21 04:24:00	24.76666666231884	103.48872878260869	103.500008	1	0	0	0	0
2024-10-21 04:24:10	24.78009594117647	103.40613482352941	103.500008	1	0	0	0	0
2024-10-21 04:24:20	24.74832751014493	103.61265221739131	103.500008	1	0	0	0	0
2024-10-21 04:24:30	24.76148198857143	103.51672574285715	103.500008	1	0	0	0	0
2024-10-21 04:24:40	24.746510587499998	103.600971725	103.500008	1	0	0	0	0
2024-10-21 04:24:50	24.73449147142857	103.66693125714286	103.500008	1	0	0	0	0
2024-10-21 04:25:00	24.71156723142857	103.644774	103.500008	1	0	0	0	0
2024-10-21 04:25:10	24.78157324878049	103.34724395121951	103.500008	1	0	0	0	0
2024-10-21 04:25:20	24.73703534	103.6854344	103.500008	1	0	0	0	0
2024-10-21 04:25:30	24.721664333333333	103.73895786666667	103.500008	1	0	0	0	0
2024-10-21 04:25:40	24.709179184	103.70868524	103.500008	1	0	0	0	0
2024-10-21 04:25:50	24.72858046	103.729187	103.500008	1	0	0	0	0
2024-10-21 04:26:00	24.753259625	103.44255229999999	103.500008	1	0	0	0	0
2024-10-21 04:26:10	24.698707784	103.75553298	103.500008	1	0	0	0	0
2024-10-21 04:26:20	24.704597406666668	103.8856761	103.500008	1	0	0	0	0
2024-10-21 04:26:30	24.71473025185185	103.64426875308642	103.500008	1	0	0	0	0
2024-10-21 04:26:40	24.72422671	103.51730075	103.500008	1	0	0	0	0
2024-10-21 04:26:50	24.75471592857143	103.39522262857143	103.500008	1	0	0	0	0
2024-10-21 04:27:00	24.725383745000002	103.555602225	103.500008	1	0	0	0	0
2024-10-21 04:27:10	24.75108056	103.48930088	103.500008	1	0	0	0	0
2024-10-21 04:27:20	24.721055987323943	103.57353777464789	103.500008	1	0	0	0	0
2024-10-21 04:27:30	24.759906591304347	103.31716269565217	103.500008	1	0	0	0	0
2024-10-21 04:27:40	24.73269982	103.49769620000001	103.500008	1	0	0	0	0
2024-10-21 04:27:50	24.782853036507937	103.51811046031746	103.500008	1	0	0	0	0
2024-10-21 04:28:00	24.758057958208955	103.40313347761193	103.500008	1	0	0	0	0
2024-10-21 04:28:10	24.764516232	103.2687854	103.500008	1	0	0	0	0
2024-10-21 04:28:20	24.755497300000002	103.59238653521126	103.500008	1	0	0	0	0
2024-10-21 04:28:30	24.725284225352112	103.64157087323943	103.500008	1	0	0	0	0
2024-10-21 04:28:40	24.72140104	103.6795408	103.500008	1	0	0	0	0
2024-10-21 04:28:50	24.719327708571427	103.66041731428571	103.500008	1	0	0	0	0
2024-10-21 04:29:00	24.77421513	103.3591756	103.500008	1	0	0	0	0
2024-10-21 04:29:10	24.768207082	103.31564288	103.500008	1	0	0	0	0
2024-10-21 04:29:20	24.790393596774194	103.07634680645161	103.500008	1	0	0	0	0
2024-10-21 04:29:30	24.814077327586208	103.56050996551724	103.500008	1	0	0	0	0
2024-10-21 04:29:40	24.742989284	103.64003224	103.500008	1	0	0	0	0
2024-10-21 04:29:50	24.799988640000002	103.24256902857142	103.500008	1	0	0	0	0
2024-10-21 04:30:00	24.758042502857144	103.53698788571428	103.500008	1	0	0	0	0
2024-10-21 04:30:10	24.764881156	103.760255	103.500008	1	0	0	0	0
2024-10-21 04:30:20	24.754550183333333	103.7616079	103.500008	1	0	0	0	0
2024-10-21 04:30:30	24.79118573934426	103.28942763934427	103.500008	1	0	0	0	0
2024-10-21 04:30:40	24.7626821440678	103.49503559322034	103.500008	1	0	0	0	0
2024-10-21 04:30:50	24.759306333333335	103.55307906666667	103.500008	1	0	0	0	0
2024-10-21 04:31:00	24.787869933333333	103.28962276470588	103.500008	1	0	0	0	0
2024-10-21 04:31:10	24.812728401694915	103.31905371186441	103.500008	1	0	0	0	0
2024-10-21 04:31:20	24.78894364	103.38171559999999	103.500008	1	0	0	0	0
2024-10-21 04:31:30	24.767651196666666	103.54648213333333	103.500008	1	0	0	0	0
2024-10-21 04:31:40	24.732442202857143	103.53629305714286	103.500008	1	0	0	0	0
2024-10-21 04:31:50	24.78640804	103.385735	103.500008	1	0	0	0	0
2024-10-21 04:32:00	24.76024631111111	103.66414037777778	103.500008	1	0	0	0	0
2024-10-21 04:32:10	24.766896432	103.86560688	103.500008	1	0	0	0	0
2024-10-21 04:32:20	24.831003408571426	103.17163305714286	103.500008	1	0	0	0	0
2024-10-21 04:32:30	24.787875808	103.44268764	103.500008	1	0	0	0	0
2024-10-21 04:32:40	24.783494642222223	103.60849666666667	103.500008	1	0	0	0	0
2024-10-21 04:32:50	24.78256	103.5033722	103.500008	1	0	0	0	0
2024-10-21 04:33:00	24.789467177777777	103.45997268888888	103.500008	1	0	0	0	0
2024-10-21 04:33:10	24.79469276	103.2944809	103.500008	1	0	0	0	0
2024-10-21 04:33:20	24.764560296774196	103.28827658064516	103.500008	1	0	0	0	0
2024-10-21 04:33:30	24.790725182456143	103.64299628070175	103.500008	1	0	0	0	0
2024-10-21 04:33:40	24.7880759	103.59205148	103.500008	1	0	0	0	0
2024-10-21 04:33:50	24.797773328169015	103.58440446478873	103.500008	1	0	0	0	0
2024-10-21 04:34:00	24.786643021348315	103.55847285393259	103.500008	1	0	0	0	0
2024-10-21 04:34:10	24.799104896000003	103.46393144	103.500008	1	0	0	0	0
2024-10-21 04:34:20	24.823566438554217	103.26674922891566	103.500008	1	0	0	0	0
2024-10-21 04:34:30	24.813313191304346	103.41729869565218	103.500008	1	0	0	0	0
2024-10-21 04:34:40	24.8228546	103.378	103.500008	1	0	0	0	0
2024-10-21 04:34:50	24.854969959259257	103.1873561234568	103.500008	1	0	0	0	0
2024-10-21 04:35:00	24.81774253258427	103.43871847191012	103.500008	1	0	0	0	0
2024-10-21 04:35:10	24.767642333333335	103.84324416666666	103.500008	1	0	0	0	0
2024-10-21 04:35:20	24.75927836	103.7928096	103.500008	1	0	0	0	0
2024-10-21 04:35:30	24.767841757142858	103.61588522857141	103.500008	1	0	0	0	0
2024-10-21 04:35:40	24.783314397560975	103.47236251219512	103.500008	1	0	0	0	0
2024-10-21 04:35:50	24.812233080392158	103.45160772549019	103.500008	1	0	0	0	0
2024-10-21 04:36:00	24.8020745	103.51472460000001	103.500008	1	0	0	0	0
2024-10-21 04:36:10	24.801159240816325	103.50523975510204	103.500008	1	0	0	0	0
2024-10-21 04:36:20	24.80731249142857	103.40913451428571	103.500008	1	0	0	0	0
2024-10-21 04:36:30	24.77531737647059	103.73440076470588	103.500008	1	0	0	0	0
2024-10-21 04:36:40	24.817976402739724	103.21531206849316	103.500008	1	0	0	0	0
2024-10-21 04:36:50	24.852171814492753	103.27786269565217	103.500008	1	0	0	0	0
2024-10-21 04:37:00	24.787913644444444	103.69190960493827	103.500008	1	0	0	0	0
2024-10-21 04:37:10	24.820077782608696	103.47926756521738	103.500008	1	0	0	0	0
2024-10-21 04:37:20	24.80924416	103.5446134	103.500008	1	0	0	0	0
2024-10-21 04:37:30	24.883924952542372	103.06877750847458	103.500008	1	0	0	0	0
2024-10-21 04:37:40	24.778473552	103.761692	103.500008	1	0	0	0	0
2024-10-21 04:37:50	24.759520995555555	103.58747402222222	103.500008	1	0	0	0	0
2024-10-21 04:38:00	24.862431085714285	103.21714225714285	103.500008	1	0	0	0	0
2024-10-21 04:38:10	24.86939238	103.1949817	103.500008	1	0	0	0	0
2024-10-21 04:38:20	24.842252339999998	103.4087416	103.500008	1	0	0	0	0
2024-10-21 04:38:30	24.850511186	103.38514012	103.500008	1	0	0	0	0
2024-10-21 04:38:40	24.861666319444442	103.38594752777777	103.500008	1	0	0	0	0
2024-10-21 04:38:50	24.86815453442623	103.29601349180328	103.500008	1	0	0	0	0
2024-10-21 04:39:00	24.856842692500003	103.47847515000001	103.500008	1	0	0	0	0
2024-10-21 04:39:10	24.82820475	103.61029805000001	103.500008	1	0	0	0	0
2024-10-21 04:39:20	24.859581394285712	103.4206534	103.500008	1	0	0	0	0
2024-10-21 04:39:30	24.830623590163935	103.54005467213115	103.500008	1	0	0	0	0
2024-10-21 04:39:40	24.845256997959186	103.55255312244898	103.500008	1	0	0	0	0
2024-10-21 04:39:50	24.8098344	103.77812796	103.500008	1	0	0	0	0
2024-10-21 04:40:00	24.891580830000002	103.19511895	103.500008	1	0	0	0	0
2024-10-21 04:40:10	24.91845124074074	103.13719481481482	103.500008	1	0	0	0	0
2024-10-21 04:40:20	24.933366231884058	103.07553791304348	103.500008	1	0	0	0	0
2024-10-21 04:40:30	24.927184528	103.31630104	103.500008	1	0	0	0	0
2024-10-21 04:40:40	24.91267932285714	103.30224982857142	103.500008	1	0	0	0	0
2024-10-21 04:40:50	24.899650728	103.41333272	103.500008	1	0	0	0	0
2024-10-21 04:41:00	24.885402114285714	103.68405565714286	103.500008	1	0	0	0	0
2024-10-21 04:41:10	24.88762556	103.50223513846154	103.500008	1	0	0	0	0
2024-10-21 04:41:20	24.93635479761905	103.20524971428571	103.500008	1	0	0	0	0
2024-10-21 04:41:30	24.94947087096774	103.18086022580646	103.500008	1	0	0	0	0
2024-10-21 04:41:40	24.908945719512193	103.48154929268293	103.500008	1	0	0	0	0
2024-10-21 04:41:50	24.95280589047619	103.24344614285714	103.500008	1	0	0	0	0
2024-10-21 04:42:00	24.918003475555558	103.41703677777777	103.500008	1	0	0	0	0
2024-10-21 04:42:10	24.93762135714286	103.4888388	103.500008	1	0	0	0	0
2024-10-21 04:42:20	24.91994206	103.7438432	103.500008	1	0	0	0	0
2024-10-21 04:42:30	24.979665543333333	103.09423773333334	103.500008	1	0	0	0	0
2024-10-21 04:42:40	24.997472039999998	103.425633	103.500008	1	0	0	0	0
2024-10-21 04:42:50	24.947915385365853	103.38008334146342	103.500008	1	0	0	0	0
2024-10-21 04:43:00	24.95205346	103.3486208	103.500008	1	0	0	0	0
2024-10-21 04:43:10	24.962975111428573	103.06989751428571	103.500008	1	0	0	0	0
2024-10-21 04:43:20	24.9914479075	103.32475977499999	103.500008	1	0	0	0	0
2024-10-21 04:43:30	24.968661552542372	103.34755871186441	103.500008	1	0	0	0	0
2024-10-21 04:43:40	24.953936397959183	103.46078810204082	103.500008	1	0	0	0	0
2024-10-21 04:43:50	24.8871572	103.87461648	103.500008	1	0	0	0	0
2024-10-21 04:44:00	24.952340386666666	103.002991	103.500008	1	0	0	0	0
2024-10-21 04:44:10	24.965004500000003	103.2277146875	103.500008	1	0	0	0	0
2024-10-21 04:44:20	24.912831942253522	103.7128275915493	103.500008	1	0	0	0	0
2024-10-21 04:44:30	24.938790866666665	103.4366244	103.500008	1	0	0	0	0
2024-10-21 04:44:40	24.93135543	103.5888241	103.500008	1	0	0	0	0
2024-10-21 04:44:50	24.946638615999998	103.36917708	103.500008	1	0	0	0	0
2024-10-21 04:45:00	24.915236360869564	103.63865230434783	103.500008	1	0	0	0	0
2024-10-21 04:45:10	24.90313858	103.62302065	103.500008	1	0	0	0	0
2024-10-21 04:45:20	24.928941299999998	103.5650891111111	103.500008	1	0	0	0	0
2024-10-21 04:45:30	24.9777176	103.2850492	103.500008	1	0	0	0	0
2024-10-21 04:45:40	24.925807533333334	103.46505513333332	103.500008	1	0	0	0	0
2024-10-21 04:45:50	24.935869032	103.55522336	103.500008	1	0	0	0	0
2024-10-21 04:46:00	24.897031293333335	103.5884048	103.500008	1	0	0	0	0
2024-10-21 04:46:10	24.9724689	103.34604255932203	103.500008	1	0	0	0	0
2024-10-21 04:46:20	25.014642654347828	103.20149464130435	103.500008	1	0	0	0	0
2024-10-21 04:46:30	24.94557558309859	103.56107526760563	103.500008	1	0	0	0	0
2024-10-21 04:46:40	24.950773924050633	103.50914197468354	103.500008	1	0	0	0	0
2024-10-21 04:46:50	24.957687592682927	103.46583590243903	103.500008	1	0	0	0	0
2024-10-21 04:47:00	24.921843754285714	103.66816645714286	103.500008	1	0	0	0	0
2024-10-21 04:47:10	25.0067363625	103.148950375	103.500008	1	0	0	0	0
2024-10-21 04:47:20	24.96409765633803	103.21202801408451	103.500008	1	0	0	0	0
2024-10-21 04:47:30	24.97283707826087	103.19763586956522	103.500008	1	0	0	0	0
2024-10-21 04:47:40	24.967910495238097	103.49167280952382	103.500008	1	0	0	0	0
2024-10-21 04:47:50	25.023683168292685	103.22903387804878	103.500008	1	0	0	0	0
2024-10-21 04:48:00	25.03342448	103.0997128	103.500008	1	0	0	0	0
2024-10-21 04:48:10	25.04131918627451	103.31173882352941	103.500008	1	0	0	0	0
2024-10-21 04:48:20	25.028555613636364	103.19463886363636	103.500008	1	0	0	0	0
2024-10-21 04:48:30	25.006076331428574	103.47274142857142	103.500008	1	0	0	0	0
2024-10-21 04:48:40	24.99439672	103.73836080000001	103.500008	1	0	0	0	0
2024-10-21 04:48:50	24.988534626829267	103.58641509756097	103.500008	1	0	0	0	0
2024-10-21 04:49:00	25.024612012857144	103.52823048571429	103.500008	1	0	0	0	0
2024-10-21 04:49:10	25.057256679591838	103.17473536734694	103.500008	1	0	0	0	0
2024-10-21 04:49:20	24.983032037037038	103.67412597530864	103.500008	1	0	0	0	0
2024-10-21 04:49:30	25.069106254285714	103.10239644285714	103.500008	1	0	0	0	0
2024-10-21 04:49:40	25.069030742	103.48128654	103.500008	1	0	0	0	0
2024-10-21 04:49:50	25.053555336585365	103.40580853658537	103.500008	1	0	0	0	0
2024-10-21 04:50:00	25.035246924590165	103.48373785245902	103.500008	1	0	0	0	0
2024-10-21 04:50:10	25.002605680000002	103.41380323333333	103.500008	1	0	0	0	0
2024-10-21 04:50:20	25.04997724	103.560472	103.500008	1	0	0	0	0
2024-10-21 04:50:30	25.06264219577465	103.33472480281691	103.500008	1	0	0	0	0
2024-10-21 04:50:40	25.052221273913045	103.34200404347825	103.500008	1	0	0	0	0
2024-10-21 04:50:50	25.04122238732394	103.55987353521127	103.500008	1	0	0	0	0
2024-10-21 04:51:00	25.0498921028169	103.33310174647887	103.500008	1	0	0	0	0
2024-10-21 04:51:10	25.050844614634144	103.45800858536585	103.500008	1	0	0	0	0
2024-10-21 04:51:20	25.075775873684208	103.31178447368421	103.500008	1	0	0	0	0
2024-10-21 04:51:30	25.08299328481013	103.31162210126583	103.500008	1	0	0	0	0
2024-10-21 04:51:40	25.111469672000002	103.15704584	103.500008	1	0	0	0	0
2024-10-21 04:51:50	25.104145842622952	103.31821434426229	103.500008	1	0	0	0	0
2024-10-21 04:52:00	25.08332063857143	103.4135009	103.500008	1	0	0	0	0
2024-10-21 04:52:10	25.08993003265306	103.41209646938775	103.500008	1	0	0	0	0
2024-10-21 04:52:20	25.073335619999998	103.5440124	103.500008	1	0	0	0	0
2024-10-21 04:52:30	25.08063402786885	103.53444936065573	103.500008	1	0	0	0	0
2024-10-21 04:52:40	25.097939394202896	103.52767613043478	103.500008	1	0	0	0	0
2024-10-21 04:52:50	25.10956222	103.52283	103.500008	1	0	0	0	0
2024-10-21 04:53:00	25.136483073333334	103.08184526666668	103.500008	1	0	0	0	0
2024-10-21 04:53:10	25.173764379999998	103.16489264	103.500008	1	0	0	0	0
2024-10-21 04:53:20	25.104138985	103.301214475	103.500008	1	0	0	0	0
2024-10-21 04:53:30	25.088820875	103.63801500000001	103.500008	1	0	0	0	0
2024-10-21 04:53:40	25.155108692	103.27120492	103.500008	1	0	0	0	0
2024-10-21 04:53:50	25.17576605362319	103.06614131884058	103.500008	1	0	0	0	0
2024-10-21 04:54:00	25.168526354929575	103.23390374647887	103.500008	1	0	0	0	0
2024-10-21 04:54:10	25.168905014285716	103.51249185714285	103.500008	1	0	0	0	0
2024-10-21 04:54:20	25.157487735	103.3752069	103.500008	1	0	0	0	0
2024-10-21 04:54:30	25.13795744857143	103.502577	103.500008	1	0	0	0	0
2024-10-21 04:54:40	25.200661494285715	103.06010317142857	103.500008	1	0	0	0	0
2024-10-21 04:54:50	25.1431389	103.546021	103.500008	1	0	0	0	0
2024-10-21 04:55:00	25.17176584	103.363719	103.500008	1	0	0	0	0
2024-10-21 04:55:10	25.213186468	103.14119047999999	103.500008	1	0	0	0	0
2024-10-21 04:55:20	25.166542265	103.31736325	103.500008	1	0	0	0	0
2024-10-21 04:55:30	25.19527061333333	103.2151098	103.500008	1	0	0	0	0
2024-10-21 04:55:40	25.228884212500002	103.075146325	103.500008	1	0	0	0	0
2024-10-21 04:55:50	25.20843170857143	103.38970514285714	103.500008	1	0	0	0	0
2024-10-21 04:56:00	25.22652042	103.22208154285714	103.500008	1	0	0	0	0
2024-10-21 04:56:10	25.19820636122449	103.49410106122448	103.500008	1	0	0	0	0
2024-10-21 04:56:20	25.201563244262296	103.397132	103.500008	1	0	0	0	0
2024-10-21 04:56:30	25.15999932571429	103.68945777142856	103.500008	1	0	0	0	0
2024-10-21 04:56:40	25.177760600000003	103.58200400000001	103.500008	1	0	0	0	0
2024-10-21 04:56:50	25.217008206666666	103.35241760000001	103.500008	1	0	0	0	0
2024-10-21 04:57:00	25.23331109275362	103.28541771014493	103.500008	1	0	0	0	0
2024-10-21 04:57:10	25.2152169	103.33866472	103.500008	1	0	0	0	0
2024-10-21 04:57:20	25.186750787142856	103.49701291428572	103.500008	1	0	0	0	0
2024-10-21 04:57:30	25.18794180869565	103.63847465217391	103.500008	1	0	0	0	0
2024-10-21 04:57:40	25.2128403	103.5988836	103.500008	1	0	0	0	0
2024-10-21 04:57:50	25.198775175999998	103.54026168	103.500008	1	0	0	0	0
2024-10-21 04:58:00	25.17603912	103.67893939999999	103.500008	1	0	0	0	0
2024-10-21 04:58:10	25.214998164	103.44027844	103.500008	1	0	0	0	0
2024-10-21 04:58:20	25.22352549	103.6783362	103.500008	1	0	0	0	0
2024-10-21 04:58:30	25.211691824390243	103.51768180487805	103.500008	1	0	0	0	0
2024-10-21 04:58:40	25.20087054	103.5701531	103.500008	1	0	0	0	0
2024-10-21 04:58:50	25.197505511267607	103.56447190140844	103.500008	1	0	0	0	0
2024-10-21 04:59:00	25.17122462658228	103.75354489873418	103.500008	1	0	0	0	0
2024-10-21 04:59:10	25.174717285365855	103.81560197560975	103.500008	1	0	0	0	0
2024-10-21 04:59:20	25.191559268292682	103.56016446341462	103.500008	1	0	0	0	0
2024-10-21 04:59:30	25.22288	103.248393	103.500008	1	0	0	0	0
2024-10-21 04:59:40	25.251310028	103.29839016	103.500008	1	0	0	0	0
2024-10-21 04:59:50	25.21818287142857	103.44755945714286	103.500008	1	0	0	0	0
2024-10-21 05:00:00	25.213356088732397	103.52304712676056	103.500008	1	0	0	0	0
2024-10-21 05:00:10	25.190751348	103.60222364	103.500008	1	0	0	0	0
2024-10-21 05:00:20	25.24066048	103.3166858	103.500008	1	0	0	0	0
2024-10-21 05:00:30	25.2670924	103.20334316	103.500008	1	0	0	0	0
2024-10-21 05:00:40	25.25636076	103.28922385	103.500008	1	0	0	0	0
2024-10-21 05:00:50	25.27994408	103.1853104	103.500008	1	0	0	0	0
2024-10-21 05:01:00	25.201327515	103.67494595000001	103.500008	1	0	0	0	0
2024-10-21 05:01:10	25.248520396	103.35643712	103.500008	1	0	0	0	0
2024-10-21 05:01:20	25.243681805	103.40619835	103.500008	1	0	0	0	0
2024-10-21 05:01:30	25.243754076271188	103.44136710169492	103.500008	1	0	0	0	0
2024-10-21 05:01:40	25.23369215121951	103.48677378048781	103.500008	1	0	0	0	0
2024-10-21 05:01:50	25.26929947777778	103.36764135555555	103.500008	1	0	0	0	0
2024-10-21 05:02:00	25.26073843142857	103.45136368571428	103.500008	1	0	0	0	0
2024-10-21 05:02:10	25.254790122857145	103.57634934285714	103.500008	1	0	0	0	0
2024-10-21 05:02:20	25.249536799999998	103.615706875	103.500008	1	0	0	0	0
2024-10-21 05:02:30	25.275414387755102	103.26755534693878	103.500008	1	0	0	0	0
2024-10-21 05:02:40	25.24752307142857	103.70033325714286	103.500008	1	0	0	0	0
2024-10-21 05:02:50	25.237287774285715	103.58505331428572	103.500008	1	0	0	0	0
2024-10-21 05:03:00	25.24917185	103.12261572499999	103.500008	1	0	0	0	0
2024-10-21 05:03:10	25.256792060000002	103.4535982	103.500008	1	0	0	0	0
2024-10-21 05:03:20	25.284473335	103.3389585	103.500008	1	0	0	0	0
2024-10-21 05:03:30	25.243394083606557	103.57075652459017	103.500008	1	0	0	0	0
2024-10-21 05:03:40	25.264702685714287	103.59654657142856	103.500008	1	0	0	0	0
2024-10-21 05:03:50	25.266139908510638	103.4528660425532	103.500008	1	0	0	0	0
2024-10-21 05:04:00	25.23596449340659	103.60510514285714	103.500008	1	0	0	0	0
2024-10-21 05:04:10	25.29549545774648	103.35175288732394	103.500008	1	0	0	0	0
2024-10-21 05:04:20	25.286823814285714	103.31407385714286	103.500008	1	0	0	0	0
2024-10-21 05:04:30	25.292402594117647	103.2876772745098	103.500008	1	0	0	0	0
2024-10-21 05:04:40	25.2612176057971	103.53833566666667	103.500008	1	0	0	0	0
2024-10-21 05:04:50	25.259169107407406	103.54037851851852	103.500008	1	0	0	0	0
2024-10-21 05:05:00	25.298060257971013	103.37906391304348	103.500008	1	0	0	0	0
2024-10-21 05:05:10	25.2370626	103.69759192957747	103.500008	1	0	0	0	0
2024-10-21 05:05:20	25.25773618695652	103.54191486956522	103.500008	1	0	0	0	0
2024-10-21 05:05:30	25.266121416666667	103.21098206666667	103.500008	1	0	0	0	0
2024-10-21 05:05:40	25.324550475510204	103.13520097959183	103.500008	1	0	0	0	0
2024-10-21 05:05:50	25.215361316	103.82700364	103.500008	1	0	0	0	0
2024-10-21 05:06:00	25.285064015	103.47692895	103.500008	1	0	0	0	0
2024-10-21 05:06:10	25.330154240983607	103.09380870491803	103.500008	1	0	0	0	0
2024-10-21 05:06:20	25.273408848101266	103.44374707594936	103.500008	1	0	0	0	0
2024-10-21 05:06:30	25.293708912	103.35049208	103.500008	1	0	0	0	0
2024-10-21 05:06:40	25.30297488	103.3164768	103.500008	1	0	0	0	0
2024-10-21 05:06:50	25.302918373333334	103.35676099999999	103.500008	1	0	0	0	0
2024-10-21 05:07:00	25.255295191304345	103.65037771014492	103.500008	1	0	0	0	0
2024-10-21 05:07:10	25.34728428	103.0787646	103.500008	1	0	0	0	0
2024-10-21 05:07:20	25.340064785000003	103.17007895	103.500008	1	0	0	0	0
2024-10-21 05:07:30	25.30191971	103.4272323	103.500008	1	0	0	0	0
2024-10-21 05:07:40	25.300487668292682	103.54036851219513	103.500008	1	0	0	0	0
2024-10-21 05:07:50	25.286545296	103.51641128	103.500008	1	0	0	0	0
2024-10-21 05:08:00	25.255699124	103.55180632	103.500008	1	0	0	0	0
2024-10-21 05:08:10	25.27813120857143	103.51875525714286	103.500008	1	0	0	0	0
2024-10-21 05:08:20	25.244129415189875	103.75193289873418	103.500008	1	0	0	0	0
2024-10-21 05:08:30	25.294094577142857	103.41975962857143	103.500008	1	0	0	0	0
2024-10-21 05:08:40	25.29685534567901	103.3883077654321	103.500008	1	0	0	0	0
2024-10-21 05:08:50	25.302283436	103.34145164	103.500008	1	0	0	0	0
2024-10-21 05:09:00	25.330254754929577	103.23936132394365	103.500008	1	0	0	0	0
2024-10-21 05:09:10	25.328402653623186	103.29224613043479	103.500008	1	0	0	0	0
2024-10-21 05:09:20	25.315525314084507	103.50882316901408	103.500008	1	0	0	0	0
2024-10-21 05:09:30	25.324722297142856	103.47928391428572	103.500008	1	0	0	0	0
2024-10-21 05:09:40	25.359992356862744	103.1233064117647	103.500008	1	0	0	0	0
2024-10-21 05:09:50	25.31520375	103.4239935	103.500008	1	0	0	0	0
2024-10-21 05:10:00	25.294527198387097	103.47896470967741	103.500008	1	0	0	0	0
2024-10-21 05:10:10	25.320381272	103.41824016	103.500008	1	0	0	0	0
2024-10-21 05:10:20	25.32076121	103.47973895	103.500008	1	0	0	0	0
2024-10-21 05:10:30	25.324279402857144	103.45259817142858	103.500008	1	0	0	0	0
2024-10-21 05:10:40	25.3453453875	103.0633071	103.500008	1	0	0	0	0
2024-10-21 05:10:50	25.316346992307693	103.49196592307692	103.500008	1	0	0	0	0
2024-10-21 05:11:00	25.344642443037973	103.31798007594936	103.500008	1	0	0	0	0
2024-10-21 05:11:10	25.315676656	103.58514543999999	103.500008	1	0	0	0	0
2024-10-21 05:11:20	25.321911417142857	103.68290685714285	103.500008	1	0	0	0	0
2024-10-21 05:11:30	25.290042073239437	103.16235087323945	103.500008	1	0	0	0	0
2024-10-21 05:11:40	25.367100346666668	103.0510584	103.500008	1	0	0	0	0
2024-10-21 05:11:50	25.34469263095238	103.46853138095238	103.500008	1	0	0	0	0
2024-10-21 05:12:00	25.38086760142857	103.22362241428571	103.500008	1	0	0	0	0
2024-10-21 05:12:10	25.372619800000002	103.31841688235295	103.500008	1	0	0	0	0
2024-10-21 05:12:20	25.40763716857143	103.12670568571428	103.500008	1	0	0	0	0
2024-10-21 05:12:30	25.398692745901638	103.20271808196722	103.500008	1	0	0	0	0
2024-10-21 05:12:40	25.45618652222222	103.2604574691358	103.500008	1	0	0	0	0
2024-10-21 05:12:50	25.386288195918365	103.39489112244898	103.500008	1	0	0	0	0
2024-10-21 05:13:00	25.377165599999998	103.41199745714286	103.500008	1	0	0	0	0
2024-10-21 05:13:10	25.36238683170732	103.53197751219513	103.500008	1	0	0	0	0
2024-10-21 05:13:20	25.328927411764706	103.59562758823529	103.500008	1	0	0	0	0
2024-10-21 05:13:30	25.37909972	103.29110037142857	103.500008	1	0	0	0	0
2024-10-21 05:13:40	25.387922619999998	103.36955432	103.500008	1	0	0	0	0
2024-10-21 05:13:50	25.400714616000002	103.29212416	103.500008	1	0	0	0	0
2024-10-21 05:14:00	25.393700650632912	103.28553498734176	103.500008	1	0	0	0	0
2024-10-21 05:14:10	25.383473604	103.5557	103.500008	1	0	0	0	0
2024-10-21 05:14:20	25.420658047540986	103.22871426229509	103.500008	1	0	0	0	0
2024-10-21 05:14:30	25.42780254507042	103.23306149295775	103.500008	1	0	0	0	0
2024-10-21 05:14:40	25.401020654285713	103.48000331428571	103.500008	1	0	0	0	0
2024-10-21 05:14:50	25.411116800000002	103.371445	103.500008	1	0	0	0	0
2024-10-21 05:15:00	25.370828590000002	103.6428006	103.500008	1	0	0	0	0
2024-10-21 05:15:10	25.37381767142857	103.60772797959183	103.500008	1	0	0	0	0
2024-10-21 05:15:20	25.40469636	103.34493565	103.500008	1	0	0	0	0
2024-10-21 05:15:30	25.43008591142857	103.2835744857143	103.500008	1	0	0	0	0
2024-10-21 05:15:40	25.465797962857142	103.1145834	103.500008	1	0	0	0	0
2024-10-21 05:15:50	25.42866271304348	103.24389820289855	103.500008	1	0	0	0	0
2024-10-21 05:16:00	25.430363565714284	103.4046242	103.500008	1	0	0	0	0
2024-10-21 05:16:10	25.42880975609756	103.2194508292683	103.500008	1	0	0	0	0
2024-10-21 05:16:20	25.38880234	103.865712	103.500008	1	0	0	0	0
2024-10-21 05:16:30	25.415901296666668	103.50874623333334	103.500008	1	0	0	0	0
2024-10-21 05:16:40	25.4224171525	103.58180425	103.500008	1	0	0	0	0
2024-10-21 05:16:50	25.43798657826087	103.47264110144928	103.500008	1	0	0	0	0
2024-10-21 05:17:00	25.44977012345679	103.35430497530865	103.500008	1	0	0	0	0
2024-10-21 05:17:10	25.460572438983053	103.28113403389831	103.500008	1	0	0	0	0
2024-10-21 05:17:20	25.43694137627119	103.31404708474575	103.500008	1	0	0	0	0
2024-10-21 05:17:30	25.497389574509803	103.12444721568627	103.500008	1	0	0	0	0
2024-10-21 05:17:40	25.430581414285715	103.58507777142857	103.500008	1	0	0	0	0
2024-10-21 05:17:50	25.461313620000002	103.5619198	103.500008	1	0	0	0	0
2024-10-21 05:18:00	25.463981175	103.40519330000001	103.500008	1	0	0	0	0
2024-10-21 05:18:10	25.4541231	103.31202435294118	103.500008	1	0	0	0	0
2024-10-21 05:18:20	25.486223731428574	103.12658858571429	103.500008	1	0	0	0	0
2024-10-21 05:18:30	25.42930786	103.40864852	103.500008	1	0	0	0	0
2024-10-21 05:18:40	25.41933862	103.7070616	103.500008	1	0	0	0	0
2024-10-21 05:18:50	25.433251437142857	103.60127645714286	103.500008	1	0	0	0	0
2024-10-21 05:19:00	25.46146438169014	103.42881977464789	103.500008	1	0	0	0	0
2024-10-21 05:19:10	25.442639428	103.20641144	103.500008	1	0	0	0	0
2024-10-21 05:19:20	25.4445801	103.54894730985916	103.500008	1	0	0	0	0
2024-10-21 05:19:30	25.4256532028169	103.64450518309859	103.500008	1	0	0	0	0
2024-10-21 05:19:40	25.507193020000003	103.19576888	103.500008	1	0	0	0	0
2024-10-21 05:19:50	25.514219286666666	103.2266092	103.500008	1	0	0	0	0
2024-10-21 05:20:00	25.487286319178082	103.36404378082192	103.500008	1	0	0	0	0
2024-10-21 05:20:10	25.484954563157896	103.4167734736842	103.500008	1	0	0	0	0
2024-10-21 05:20:20	25.530785608695652	103.14783586956521	103.500008	1	0	0	0	0
2024-10-21 05:20:30	25.542856664000002	102.98598392000001	103.500008	1	0	0	0	0
2024-10-21 05:20:40	25.574145820000002	103.09519174285714	103.500008	1	0	0	0	0
2024-10-21 05:20:50	25.498291283333334	103.56830243333333	103.500008	1	0	0	0	0
2024-10-21 05:21:00	25.543194	103.653488325	103.500008	1	0	0	0	0
2024-10-21 05:21:10	25.55747104375	103.2218651875	103.500008	1	0	0	0	0
2024-10-21 05:21:20	25.501986925	103.63820005	103.500008	1	0	0	0	0
2024-10-21 05:21:30	25.52003413142857	103.49160425714287	103.500008	1	0	0	0	0
2024-10-21 05:21:40	25.58810896585366	103.08472992682927	103.500008	1	0	0	0	0
2024-10-21 05:21:50	25.55701984	103.5590426	103.500008	1	0	0	0	0
2024-10-21 05:22:00	25.593585417721517	103.18991755696203	103.500008	1	0	0	0	0
2024-10-21 05:22:10	25.525874932911393	103.46784670886076	103.500008	1	0	0	0	0
2024-10-21 05:22:20	25.54507355	103.5513891	103.500008	1	0	0	0	0
2024-10-21 05:22:30	25.562836	103.46129288	103.500008	1	0	0	0	0
2024-10-21 05:22:40	25.59987792	103.21701148	103.500008	1	0	0	0	0
2024-10-21 05:22:50	25.553359651428572	103.6106788857143	103.500008	1	0	0	0	0
2024-10-21 05:23:00	25.620994949382716	103.50860672839505	103.500008	1	0	0	0	0
2024-10-21 05:23:10	25.5831262779661	103.40014976271186	103.500008	1	0	0	0	0
2024-10-21 05:23:20	25.60444543	103.30854070000001	103.500008	1	0	0	0	0
2024-10-21 05:23:30	25.633446853333332	103.18215733333334	103.500008	1	0	0	0	0
2024-10-21 05:23:40	25.63738467317073	103.19489556097561	103.500008	1	0	0	0	0
2024-10-21 05:23:50	25.608382030434782	103.40488504347826	103.500008	1	0	0	0	0
2024-10-21 05:24:00	25.59857042535211	103.49100418309858	103.500008	1	0	0	0	0
2024-10-21 05:24:10	25.621362	103.1548454	103.500008	1	0	0	0	0
2024-10-21 05:24:20	25.665268435164833	103.02046071428572	103.500008	1	0	0	0	0
2024-10-21 05:24:30	25.605640054901958	103.51683743137255	103.500008	1	0	0	0	0
2024-10-21 05:24:40	25.631350061764707	103.4229809117647	103.500008	1	0	0	0	0
2024-10-21 05:24:50	25.623430234	103.31073959999999	103.500008	1	0	0	0	0
2024-10-21 05:25:00	25.635448255555556	103.34817322222223	103.500008	1	0	0	0	0
2024-10-21 05:25:10	25.69761884	103.1005004	103.500008	1	0	0	0	0
2024-10-21 05:25:20	25.68694855111111	103.2234683111111	103.500008	1	0	0	0	0
2024-10-21 05:25:30	25.64830672	103.4718612	103.500008	1	0	0	0	0
2024-10-21 05:25:40	25.703438966666667	103.18728695238096	103.500008	1	0	0	0	0
2024-10-21 05:25:50	25.6480741787234	103.5703170212766	103.500008	1	0	0	0	0
2024-10-21 05:26:00	25.678916762857142	103.306386	103.500008	1	0	0	0	0
2024-10-21 05:26:10	25.669777854285716	103.40673628571429	103.500008	1	0	0	0	0
2024-10-21 05:26:20	25.720865674683544	103.17075136708861	103.500008	1	0	0	0	0
2024-10-21 05:26:30	25.733238350847458	103.1602513559322	103.500008	1	0	0	0	0
2024-10-21 05:26:40	25.68124668	103.556618	103.500008	1	0	0	0	0
2024-10-21 05:26:50	25.743929591836736	103.18205548979591	103.500008	1	0	0	0	0
2024-10-21 05:27:00	25.684469686956522	103.29454647826087	103.500008	1	0	0	0	0
2024-10-21 05:27:10	25.74560657142857	103.23799228571428	103.500008	1	0	0	0	0
2024-10-21 05:27:20	25.735321428571428	103.28577028571429	103.500008	1	0	0	0	0
2024-10-21 05:27:30	25.77963268857143	102.91087934285714	103.500008	1	0	0	0	0
2024-10-21 05:27:40	25.74468825238095	103.28606547619047	103.500008	1	0	0	0	0
2024-10-21 05:27:50	25.713679248	103.57981892	103.500008	1	0	0	0	0
2024-10-21 05:28:00	25.6985959	103.5890948	103.500008	1	0	0	0	0
2024-10-21 05:28:10	25.71341192	103.5521424	103.500008	1	0	0	0	0
2024-10-21 05:28:20	25.76237462222222	103.255286	103.500008	1	0	0	0	0
2024-10-21 05:28:30	25.73982532	103.41928957142856	103.500008	1	0	0	0	0
2024-10-21 05:28:40	25.719448104999998	103.579340475	103.500008	1	0	0	0	0
2024-10-21 05:28:50	25.822936885365852	102.95725529268293	103.500008	1	0	0	0	0
2024-10-21 05:29:00	25.781477857142857	103.30113562857143	103.500008	1	0	0	0	0
2024-10-21 05:29:10	25.7211876	103.338135	103.500008	1	0	0	0	0
2024-10-21 05:29:20	25.721007364788733	103.55404642253522	103.500008	1	0	0	0	0
2024-10-21 05:29:30	25.734035934285714	103.66892891428571	104.16856902857143	1	0	0	0	0
2024-10-21 05:29:40	25.744534680952384	103.70907485714285	104.399994	1	0	0	0	0
2024-10-21 05:29:50	25.85194764285714	103.13592845238095	104.399994	1	0	0	0	0
2024-10-21 05:30:00	25.857863829508197	103.40257062295082	104.399994	1	0	0	0	0
2024-10-21 05:30:10	25.914244302	103.35031014	104.399994	1	0	0	0	0
2024-10-21 05:30:20	25.963447658426965	103.02824751685394	104.399994	1	0	0	0	0
2024-10-21 05:30:30	25.990444482857143	103.19199954285715	104.399994	1	0	0	0	0
2024-10-21 05:30:40	26.02000006	103.1311324	104.399994	1	0	0	0	0
2024-10-21 05:30:50	26.043037119047618	103.28167047619047	104.399994	1	0	0	0	0
2024-10-21 05:31:00	26.086070970588235	103.30270588235294	104.399994	1	0	0	0	0
2024-10-21 05:31:10	26.159525767999998	103.00090284	104.399994	1	0	0	0	0
2024-10-21 05:31:20	26.1151577	103.5099744	104.399994	1	0	0	0	0
2024-10-21 05:31:30	26.21178721714286	103.07355328571428	104.399994	1	0	0	0	0
2024-10-21 05:31:40	26.13976896	103.7929108	104.399994	1	0	0	0	0
2024-10-21 05:31:50	26.175416791666667	103.61197079166666	104.399994	1	0	0	0	0
2024-10-21 05:32:00	26.209643999999997	103.11201874285713	104.399994	1	0	0	0	0
2024-10-21 05:32:10	26.268991707692308	103.4004286923077	104.399994	1	0	0	0	0
2024-10-21 05:32:20	26.224340511111112	103.81204822222222	104.399994	1	0	0	0	0
2024-10-21 05:32:30	26.306125574647886	103.47727771830985	104.399994	1	0	0	0	0
2024-10-21 05:32:40	26.288356172151897	103.80039870886075	104.399994	1	0	0	0	0
2024-10-21 05:32:50	26.352245184	103.52161144	104.399994	1	0	0	0	0
2024-10-21 05:33:00	26.31901358	103.8983478	104.399994	1	0	0	0	0
2024-10-21 05:33:10	26.393975714285713	103.5573789047619	104.399994	1	0	0	0	0
2024-10-21 05:33:20	26.438397692307692	103.54607238461539	104.399994	1	0	0	0	0
2024-10-21 05:33:30	26.432547862499998	103.64694135	104.399994	1	0	0	0	0
2024-10-21 05:33:40	26.404072148	103.85227051999999	104.399994	1	0	0	0	0
2024-10-21 05:33:50	26.435838742857143	103.94866714285715	104.399994	1	0	0	0	0
2024-10-21 05:34:00	26.441774266666666	103.78349576923077	104.399994	1	0	0	0	0
2024-10-21 05:34:10	26.441147790243903	104.08241380487804	104.399994	1	0	0	0	0
2024-10-21 05:34:20	26.43882044	104.1706728	104.399994	1	0	0	0	0
2024-10-21 05:34:30	26.397605776056338	104.42403736619718	104.399994	1	0	0	0	0
2024-10-21 05:34:40	26.347162173913045	104.7127584347826	104.399994	1	0	0	0	0
2024-10-21 05:34:50	26.346749747887326	104.65743277464789	104.399994	1	0	0	0	0
2024-10-21 05:35:00	26.33344924177215	104.55070940506329	104.399994	1	0	0	0	0
2024-10-21 05:35:10	26.370414764	104.37174292	104.399994	1	0	0	0	0
2024-10-21 05:35:20	26.368327999999998	104.3260643	104.399994	1	0	0	0	0
2024-10-21 05:35:30	26.321459485185187	104.70858701234567	104.399994	1	0	0	0	0
2024-10-21 05:35:40	26.34607481147541	104.65759029508197	104.399994	1	0	0	0	0
2024-10-21 05:35:50	26.359688152	104.2093876	104.399994	1	0	0	0	0
2024-10-21 05:36:00	26.37048408	104.46328962857143	104.399994	1	0	0	0	0
2024-10-21 05:36:10	26.305887768	104.75054324	104.399994	1	0	0	0	0
2024-10-21 05:36:20	26.33318092	104.4617568	104.399994	1	0	0	0	0
2024-10-21 05:36:30	26.31187598	104.58117266666666	104.399994	1	0	0	0	0
2024-10-21 05:36:40	26.370601405714286	104.2003897142857	104.399994	1	0	0	0	0
2024-10-21 05:36:50	26.3357445	104.50684199999999	104.399994	1	0	0	0	0
2024-10-21 05:37:00	26.304281068852458	104.5797548852459	104.399994	1	0	0	0	0
2024-10-21 05:37:10	26.322800259999998	104.41405848	104.399994	1	0	0	0	0
2024-10-21 05:37:20	26.270761974285712	104.68131011428571	104.399994	1	0	0	0	0
2024-10-21 05:37:30	26.2556418275	104.49073615	104.399994	1	0	0	0	0
2024-10-21 05:37:40	26.31448932	104.3816362	104.399994	1	0	0	0	0
2024-10-21 05:37:50	26.30153504	104.62325614285714	104.399994	1	0	0	0	0
2024-10-21 05:38:00	26.257602902857144	104.44380288571428	104.399994	1	0	0	0	0
2024-10-21 05:38:10	26.260817328	104.42092536	104.399994	1	0	0	0	0
2024-10-21 05:38:20	26.282046797260275	104.45043580821918	104.399994	1	0	0	0	0
2024-10-21 05:38:30	26.271353231707316	104.4852751707317	104.399994	1	0	0	0	0
2024-10-21 05:38:40	26.250589807692307	104.61959507692308	104.399994	1	0	0	0	0
2024-10-21 05:38:50	26.237345117142855	104.67573457142856	104.399994	1	0	0	0	0
2024-10-21 05:39:00	26.20968362	104.77968	104.399994	1	0	0	0	0
2024-10-21 05:39:10	26.157501216	105.07841187999999	104.399994	1	0	0	0	0
2024-10-21 05:39:20	26.218312497142858	104.4173778	104.399994	1	0	0	0	0
2024-10-21 05:39:30	26.262937142857144	104.32904888571429	104.399994	1	0	0	0	0
2024-10-21 05:39:40	26.252981714285713	104.40151065714285	104.399994	1	0	0	0	0
2024-10-21 05:39:50	26.226321376811594	104.6147703478261	104.399994	1	0	0	0	0
2024-10-21 05:40:00	26.204597014285714	104.7430914	105.285695	1	0	0	0	0
2024-10-21 05:40:10	26.278613635714287	104.55032485714287	105.399979	1	0	0	0	0
2024-10-21 05:40:20	26.2559851075	104.68938437499999	105.399979	1	0	0	0	0
2024-10-21 05:40:30	26.296561969014085	104.59570647887324	105.399979	1	0	0	0	0
2024-10-21 05:40:40	26.316469626249997	104.534990225	105.399979	1	0	0	0	0
2024-10-21 05:40:50	26.36586	104.459892	105.399979	1	0	0	0	0
2024-10-21 05:41:00	26.354562925714287	104.75642902857143	105.399979	1	0	0	0	0
2024-10-21 05:41:10	26.432030068	104.39553804	105.399979	1	0	0	0	0
2024-10-21 05:41:20	26.484249277142858	104.6529166	105.399979	1	0	0	0	0
2024-10-21 05:41:30	26.474872486666666	104.4689457	105.399979	1	0	0	0	0
2024-10-21 05:41:40	26.421011422857145	104.91937942857143	105.399979	1	0	0	0	0
2024-10-21 05:41:50	26.4139093425	105.075776	105.399979	1	0	0	0	0
2024-10-21 05:42:00	26.427317817142857	105.08241891428571	105.399979	1	0	0	0	0
2024-10-21 05:42:10	26.42326400408163	105.13899969387755	105.399979	1	0	0	0	0
2024-10-21 05:42:20	26.41600216707317	105.2548706097561	105.399979	1	0	0	0	0
2024-10-21 05:42:30	26.387404637142858	105.49695585714285	105.399979	1	0	0	0	0
2024-10-21 05:42:40	26.476873819999998	104.9719822	105.399979	1	0	0	0	0
2024-10-21 05:42:50	26.514219313333335	104.81715273333333	105.399979	1	0	0	0	0
2024-10-21 05:43:00	26.45768	105.152534	105.399979	1	0	0	0	0
2024-10-21 05:43:10	26.431282528813558	105.31371552542373	105.399979	1	0	0	0	0
2024-10-21 05:43:20	26.44042702535211	105.4872444084507	105.399979	1	0	0	0	0
2024-10-21 05:43:30	26.379422673333334	105.76184456666667	105.399979	1	0	0	0	0
2024-10-21 05:43:40	26.382805214285714	105.50775734285713	105.399979	1	0	0	0	0
2024-10-21 05:43:50	26.40250816	105.4836736	105.399979	1	0	0	0	0
2024-10-21 05:44:00	26.33761024	105.81406220000001	105.399979	1	0	0	0	0
2024-10-21 05:44:10	26.340560336	105.73953048	105.399979	1	0	0	0	0
2024-10-21 05:44:20	26.31523656	105.85845925000001	105.399979	1	0	0	0	0
2024-10-21 05:44:30	26.3048976902439	105.80007036585366	105.399979	1	0	0	0	0
2024-10-21 05:44:40	26.298671589999998	105.74193155	105.399979	1	0	0	0	0
2024-10-21 05:44:50	26.305423257142856	105.6150276	105.399979	1	0	0	0	0
2024-10-21 05:45:00	26.2932867775	105.63624655	105.399979	1	0	0	0	0
2024-10-21 05:45:10	26.268807539534883	105.99581162790699	105.399979	1	0	0	0	0
2024-10-21 05:45:20	26.22803103043478	105.85701286956521	105.399979	1	0	0	0	0
2024-10-21 05:45:30	26.241929017142855	105.81829922857142	105.399979	1	0	0	0	0
2024-10-21 05:45:40	26.22806112	105.75987876	105.399979	1	0	0	0	0
2024-10-21 05:45:50	26.24984142	105.57443446666667	105.399979	1	0	0	0	0
2024-10-21 05:46:00	26.228787190000002	105.6423992	105.399979	1	0	0	0	0
2024-10-21 05:46:10	26.218788272	105.47711984	105.399979	1	0	0	0	0
2024-10-21 05:46:20	26.21409836	105.642482	105.399979	1	0	0	0	0
2024-10-21 05:46:30	26.144939205882352	106.04459258823529	105.399979	1	0	0	0	0
2024-10-21 05:46:40	26.196227852173912	105.55582913043479	105.399979	1	0	0	0	0
2024-10-21 05:46:50	26.17965512	105.7145388	105.399979	1	0	0	0	0
2024-10-21 05:47:00	26.17885466	105.650975	105.399979	1	0	0	0	0
2024-10-21 05:47:10	26.143582260000002	105.8147214	105.399979	1	0	0	0	0
2024-10-21 05:47:20	26.129330094366196	105.8532008028169	105.399979	1	0	0	0	0
2024-10-21 05:47:30	26.122984411864408	105.83100074576271	105.399979	1	0	0	0	0
2024-10-21 05:47:40	26.111695414634145	105.70968297560975	105.399979	1	0	0	0	0
2024-10-21 05:47:50	26.112514193442625	105.66264422950819	105.399979	1	0	0	0	0
2024-10-21 05:48:00	26.12087005777778	105.58943017777777	105.399979	1	0	0	0	0
2024-10-21 05:48:10	26.124255020408164	105.51246167346939	105.399979	1	0	0	0	0
2024-10-21 05:48:20	26.037067702469137	105.9089148148148	105.399979	1	0	0	0	0
2024-10-21 05:48:30	26.0705066	105.7408478	105.399979	1	0	0	0	0
2024-10-21 05:48:40	26.028024	105.91691	105.399979	1	0	0	0	0
2024-10-21 05:48:50	26.081037537142855	105.51377274285714	105.399979	1	0	0	0	0
2024-10-21 05:49:00	26.052980896666664	105.6902238	105.399979	1	0	0	0	0
2024-10-21 05:49:10	26.0307813	105.668802	105.399979	1	0	0	0	0
2024-10-21 05:49:20	26.008373419999998	105.8422496	105.399979	1	0	0	0	0
2024-10-21 05:49:30	26.005037283333333	105.79734833333333	105.399979	1	0	0	0	0
2024-10-21 05:49:40	26.0610028877551	105.43210265306124	105.399979	1	0	0	0	0
2024-10-21 05:49:50	26.054987795833334	105.84632214583334	105.399979	1	0	0	0	0
2024-10-21 05:50:00	25.98322004878049	105.8502412195122	105.399979	1	0	0	0	0
2024-10-21 05:50:10	25.982491714285715	105.75983571428571	105.399979	1	0	0	0	0
2024-10-21 05:50:20	25.90460608695652	106.1790543478261	105.399979	1	0	0	0	0
2024-10-21 05:50:30	25.960338884615386	105.60936584615385	105.399979	1	0	0	0	0
2024-10-21 05:50:40	25.964631311428573	105.68223342857142	105.399979	1	0	0	0	0
2024-10-21 05:50:50	25.935337925000002	105.8187488	105.399979	1	0	0	0	0
2024-10-21 05:51:00	25.931183822857143	105.77165477142857	105.399979	1	0	0	0	0
2024-10-21 05:51:10	25.93046116	105.70591705714286	105.399979	1	0	0	0	0
2024-10-21 05:51:20	25.91304801777778	105.75055797777777	105.399979	1	0	0	0	0
2024-10-21 05:51:30	25.926763458333333	105.59685791666666	105.399979	1	0	0	0	0
2024-10-21 05:51:40	25.968478885714283	105.45934828571428	105.399979	1	0	0	0	0
2024-10-21 05:51:50	25.88434689787234	105.85595529787234	105.399979	1	0	0	0	0
2024-10-21 05:52:00	25.870904575555556	105.81043331111111	105.399979	1	0	0	0	0
2024-10-21 05:52:10	25.87796602	105.7602406	105.399979	1	0	0	0	0
2024-10-21 05:52:20	25.85044595	105.81423705882352	105.399979	1	0	0	0	0
2024-10-21 05:52:30	25.840032451612903	105.8185276451613	105.399979	1	0	0	0	0
2024-10-21 05:52:40	25.858389944927538	105.64334675362319	105.399979	1	0	0	0	0
2024-10-21 05:52:50	25.849078428	105.52529038	105.399979	1	0	0	0	0
2024-10-21 05:53:00	25.864912445070424	105.55428581690141	105.399979	1	0	0	0	0
2024-10-21 05:53:10	25.807147735294116	105.7921724117647	105.399979	1	0	0	0	0
2024-10-21 05:53:20	25.806546236585366	105.73892929268293	105.399979	1	0	0	0	0
2024-10-21 05:53:30	25.780486213333333	105.86355533333334	105.399979	1	0	0	0	0
2024-10-21 05:53:40	25.759275296	105.95025128	105.399979	1	0	0	0	0
2024-10-21 05:53:50	25.742263456	105.98473528000001	105.399979	1	0	0	0	0
2024-10-21 05:54:00	25.778337022857144	105.88763365714286	105.399979	1	0	0	0	0
2024-10-21 05:54:10	25.7427151943662	105.86875633802816	105.399979	1	0	0	0	0
2024-10-21 05:54:20	25.710728477142858	105.88993365714285	105.399979	1	0	0	0	0
2024-10-21 05:54:30	25.670009333333336	106.23285626666667	105.399979	1	0	0	0	0
2024-10-21 05:54:40	25.691112124050633	105.79440577215189	105.399979	1	0	0	0	0
2024-10-21 05:54:50	25.714013176470587	105.55245929411765	105.399979	1	0	0	0	0
2024-10-21 05:55:00	25.65684584857143	105.88679177142856	105.399979	1	0	0	0	0
2024-10-21 05:55:10	25.67983508405797	105.63758363768116	105.399979	1	0	0	0	0
2024-10-21 05:55:20	25.686078142857145	105.85386711428572	105.399979	1	0	0	0	0
2024-10-21 05:55:30	25.617674400000002	105.89513997142856	105.399979	1	0	0	0	0
2024-10-21 05:55:40	25.610468228571428	105.86560814285714	105.399979	1	0	0	0	0
2024-10-21 05:55:50	25.591534331914893	105.93852270212766	105.399979	1	0	0	0	0
2024-10-21 05:56:00	25.642385816393443	105.52601324590164	105.399979	1	0	0	0	0
2024-10-21 05:56:10	25.5712274	105.91995734285715	105.399979	1	0	0	0	0
2024-10-21 05:56:20	25.5669045675	105.80154625	105.399979	1	0	0	0	0
2024-10-21 05:56:30	25.538434731428573	105.86002497142857	105.399979	1	0	0	0	0
2024-10-21 05:56:40	25.599086457142857	105.53494574285715	105.399979	1	0	0	0	0
2024-10-21 05:56:50	25.518071488	105.85703568	105.399979	1	0	0	0	0
2024-10-21 05:57:00	25.465738056666666	105.84995810000001	105.399979	1	0	0	0	0
2024-10-21 05:57:10	25.58375	105.57015412	105.399979	1	0	0	0	0
2024-10-21 05:57:20	25.528183095121953	105.79086385365854	105.399979	1	0	0	0	0
2024-10-21 05:57:30	25.542147279310345	105.66844420689655	105.399979	1	0	0	0	0
2024-10-21 05:57:40	25.518105253658536	105.74531665853658	105.399979	1	0	0	0	0
2024-10-21 05:57:50	25.503916463829785	105.52040382978724	105.399979	1	0	0	0	0
2024-10-21 05:58:00	25.519830570491806	105.63579673770492	105.399979	1	0	0	0	0
2024-10-21 05:58:10	25.532926495918367	105.51123051020409	105.399979	1	0	0	0	0
2024-10-21 05:58:20	25.499658403296703	105.61697936263735	105.399979	1	0	0	0	0
2024-10-21 05:58:30	25.49251431142857	105.62181174285715	105.399979	1	0	0	0	0
2024-10-21 05:58:40	25.495229162857143	105.57116171428571	105.399979	1	0	0	0	0
2024-10-21 05:58:50	25.475055836	105.75434815999999	104.22399664	1	0	0	0	0
2024-10-21 05:59:00	25.37575220140845	105.77652695774648	104	1	0	0	0	0
2024-10-21 05:59:10	25.34644158	105.88483495999999	104	1	0	0	0	0
2024-10-21 05:59:20	25.31235586	105.692058375	104	1	0	0	0	0
2024-10-21 05:59:30	25.271406362857142	105.50433097142857	104	1	0	0	0	0
2024-10-21 05:59:40	25.173808080327866	105.69006	104	1	0	0	0	0
2024-10-21 05:59:50	25.160021156	105.59559304000001	104	1	0	0	0	0
2024-10-21 06:00:00	25.06914143974359	105.83862001282051	104	1	0	0	0	0
2024-10-21 06:00:10	25.03892854489796	105.71850751020409	104	1	0	0	0	0
2024-10-21 06:00:20	25.032948185000002	105.39454090000001	104	1	0	0	0	0
2024-10-21 06:00:30	24.94620308169014	105.62783642253521	104	1	0	0	0	0
2024-10-21 06:00:40	24.898958515	105.83782165	104	1	0	0	0	0
2024-10-21 06:00:50	24.83760616122449	105.72796851020408	104	1	0	0	0	0
2024-10-21 06:01:00	24.7431563	105.97792905633803	104	1	0	0	0	0
2024-10-21 06:01:10	24.706493232	105.83563716	104	1	0	0	0	0
2024-10-21 06:01:20	24.675883502941176	105.70326129411764	104	1	0	0	0	0
2024-10-21 06:01:30	24.64804183142857	105.55590854285714	104	1	0	0	0	0
2024-10-21 06:01:40	24.572078634693877	105.74050457142857	104	1	0	0	0	0
2024-10-21 06:01:50	24.532391152000002	105.68685232	104	1	0	0	0	0
2024-10-21 06:02:00	24.48171258227848	105.82042911392405	104	1	0	0	0	0
2024-10-21 06:02:10	24.41856588235294	105.71798301960784	104	1	0	0	0	0
2024-10-21 06:02:20	24.40319373770492	105.55539627868852	104	1	0	0	0	0
2024-10-21 06:02:30	24.337276451428572	105.699509	104	1	0	0	0	0
2024-10-21 06:02:40	24.34118774	105.32348968571428	104	1	0	0	0	0
2024-10-21 06:02:50	24.324184652173916	105.3431077826087	104	1	0	0	0	0
2024-10-21 06:03:00	24.214888253333335	105.52517803333333	104	1	0	0	0	0
2024-10-21 06:03:10	24.187030252	105.48530388	104	1	0	0	0	0
2024-10-21 06:03:20	24.1743958225	105.40944065	104	1	0	0	0	0
2024-10-21 06:03:30	24.114375250000002	105.44281125	104	1	0	0	0	0
2024-10-21 06:03:40	24.139317744	105.05250836	104	1	0	0	0	0
2024-10-21 06:03:50	24.07809745333333	105.20794836666667	104	1	0	0	0	0
2024-10-21 06:04:00	24.02718972285714	105.25664125714286	104	1	0	0	0	0
2024-10-21 06:04:10	24.032364041463413	105.06550434146342	104	1	0	0	0	0
2024-10-21 06:04:20	23.98854037	105.0574744	104	1	0	0	0	0
2024-10-21 06:04:30	23.991588568571427	104.9029426	104	1	0	0	0	0
2024-10-21 06:04:40	24.03378128857143	104.465325	104	1	0	0	0	0
2024-10-21 06:04:50	23.938546444117645	104.92518192647059	104	1	0	0	0	0
2024-10-21 06:05:00	23.962121084285712	104.63006148571428	104	1	0	0	0	0
2024-10-21 06:05:10	24.01788881020408	104.18568614285715	104	1	0	0	0	0
2024-10-21 06:05:20	23.932640673913042	104.63428239130435	104	1	0	0	0	0
2024-10-21 06:05:30	23.951724481967215	104.43546367213115	104	1	0	0	0	0
2024-10-21 06:05:40	23.886108288000003	104.76474768	104	1	0	0	0	0
2024-10-21 06:05:50	23.98258486557377	104.06323855737705	104	1	0	0	0	0
2024-10-21 06:06:00	23.89471344	104.5221984	104	1	0	0	0	0
2024-10-21 06:06:10	23.957123976	104.05715876000001	104	1	0	0	0	0
2024-10-21 06:06:20	23.899670399999998	104.25588175	104	1	0	0	0	0
2024-10-21 06:06:30	23.883330644	104.38441824	104	1	0	0	0	0
2024-10-21 06:06:40	23.8616505	104.4551024	104	1	0	0	0	0
2024-10-21 06:06:50	23.882690204	104.23291028	104	1	0	0	0	0
2024-10-21 06:07:00	23.837047172	104.41032524	104	1	0	0	0	0
2024-10-21 06:07:10	23.837047172	104.41032524	104	1	0	0	0	0
2024-10-21 06:07:20	23.911944428985507	103.74035127536231	104	1	0	0	0	0
2024-10-21 06:07:30	23.87958938115942	103.84111420289855	104	1	0	0	0	0
2024-10-21 06:07:40	23.94173669180328	103.75548570491803	104	1	0	0	0	0
2024-10-21 06:07:50	23.938707843333333	103.83305596666666	104	1	0	0	0	0
2024-10-21 06:08:00	23.938707843333333	103.83305596666666	104	1	0	0	0	0
2024-10-21 06:08:10	24.000030024719102	103.41295658426965	104	1	0	0	0	0
2024-10-21 06:08:20	23.973573042857144	103.62095071428573	104	1	0	0	0	0
2024-10-21 06:08:30	23.93450235142857	104.03095414285714	104	1	0	0	0	0
2024-10-21 06:08:40	23.957954157142858	103.98090457142857	104	1	0	0	0	0
2024-10-21 06:08:50	23.957954157142858	103.98090457142857	104	1	0	0	0	0
2024-10-21 06:09:00	23.983111066666666	103.75911660493827	104	1	0	0	0	0
2024-10-21 06:09:10	23.996872234999998	103.6638166	104	1	0	0	0	0
2024-10-21 06:09:20	23.953541855999998	103.84033188000001	104	1	0	0	0	0
2024-10-21 06:09:30	23.98395124857143	103.82789051428571	104	1	0	0	0	0
2024-10-21 06:09:40	24.017147714285713	103.65423054285715	104	1	0	0	0	0
2024-10-21 06:09:50	24.017147714285713	103.65423054285715	104	1	0	0	0	0
2024-10-21 06:10:00	24.037387404	103.60425479999999	104	1	0	0	0	0
2024-10-21 06:10:10	23.99731688888889	103.92030388888888	104	1	0	0	0	0
2024-10-21 06:10:20	24.006567310416667	103.91413902083333	104	1	0	0	0	0
2024-10-21 06:10:30	24.006567310416667	103.91413902083333	104	1	0	0	0	0
2024-10-21 06:10:40	24.000944880487804	103.9313603902439	104	1	0	0	0	0
2024-10-21 06:10:50	24.025166944871795	104.14226073076922	104	1	0	0	0	0
2024-10-21 06:11:00	24.025166944871795	104.14226073076922	104	1	0	0	0	0
2024-10-21 06:11:10	24.047695826250003	103.69658767499999	104	1	0	0	0	0
2024-10-21 06:11:20	24.078583398	103.52299144	104	1	0	0	0	0
2024-10-21 06:11:30	24.06792088734177	103.6320763164557	104	1	0	0	0	0
2024-10-21 06:11:40	24.086460326666668	103.56172406666667	104	1	0	0	0	0
2024-10-21 06:11:50	24.06576564634146	103.86383336585365	104	1	0	0	0	0
2024-10-21 06:12:00	24.066267855555555	103.82682053333333	104	1	0	0	0	0
2024-10-21 06:12:10	24.08872994	103.83325	104	1	0	0	0	0
2024-10-21 06:12:20	24.080174305714284	103.70085825714285	104	1	0	0	0	0
2024-10-21 06:12:30	24.036298083098593	103.97372918309858	104	1	0	0	0	0
2024-10-21 06:12:40	24.09381043265306	103.92862748979591	104	1	0	0	0	0
2024-10-21 06:12:50	24.063263085915494	103.92003670422535	104	1	0	0	0	0
2024-10-21 06:13:00	24.069092722857143	103.84407205714287	104	1	0	0	0	0
2024-10-21 06:13:10	24.0552598025	103.81457115	104	1	0	0	0	0
2024-10-21 06:13:20	24.12794655483871	103.65239035483872	104	1	0	0	0	0
2024-10-21 06:13:30	24.1140483	103.79245050632912	104	1	0	0	0	0
2024-10-21 06:13:40	24.109397503333334	103.73656473333332	104	1	0	0	0	0
2024-10-21 06:13:50	24.041708095238096	104.27417390476191	104	1	0	0	0	0
2024-10-21 06:14:00	24.05294114	104.0709896	104	1	0	0	0	0
2024-10-21 06:14:10	24.09715144074074	103.9754124074074	104	1	0	0	0	0
2024-10-21 06:14:20	24.084552894999998	104.03140010000001	104	1	0	0	0	0
2024-10-21 06:14:30	24.090180037142858	104.00692922857142	104	1	0	0	0	0
2024-10-21 06:14:40	24.108018391836733	103.89225273469387	104	1	0	0	0	0
2024-10-21 06:14:50	24.097222925	103.981060775	104	1	0	0	0	0
2024-10-21 06:15:00	24.12891011142857	103.8869396	104	1	0	0	0	0
