PROCESSDATA	2411FIC20102 Data	yyyy-MM-dd HH:mm:ss
8	10	2024-11-12 21:55:00	751
tagname	2411FIC20102.MV	2411FIC20102.PV	2411FIC20102.SV	2411FIC20102.MODE	bOpOFL	bPvOFL	bSpOFL	bAutOFL
desc	回炼油返塔_OP	回炼油返塔_PV	回炼油返塔_SP	Aut	bOpOFL	bPvOFL	bSpOFL	bAutOFL
fsMax=1.4772927839436623	fsMin=0	fsGridNum=10	fdMax=1.4772927839436623tfdMin=0	fdGridNum=10	v0GridNum=10	L=24
2024-11-12 21:55:00	25.66190899	101.27167107999999	101.000015	1	0	0	0	0
2024-11-12 21:55:10	25.68772816923077	101.11886563461539	101.000015	1	0	0	0	0
2024-11-12 21:55:20	25.6698498	101.12898833333334	101.000015	1	0	0	0	0
2024-11-12 21:55:30	25.667437675949365	101.12519368354431	101.000015	1	0	0	0	0
2024-11-12 21:55:40	25.699839337837837	100.85069702702702	101.000015	1	0	0	0	0
2024-11-12 21:55:50	25.677190731111114	101.01674871111112	101.000015	1	0	0	0	0
2024-11-12 21:56:00	25.63720529104478	101.55112529850746	101.000015	1	0	0	0	0
2024-11-12 21:56:10	25.649871855555556	101.22370174074075	101.000015	1	0	0	0	0
2024-11-12 21:56:20	25.615027818604652	101.37706027906977	101.000015	1	0	0	0	0
2024-11-12 21:56:30	25.65143336724138	101.00218839655173	101.000015	1	0	0	0	0
2024-11-12 21:56:40	25.63638	101.10092595652175	101.000015	1	0	0	0	0
2024-11-12 21:56:50	25.69757316923077	100.89599292307692	101.000015	1	0	0	0	0
2024-11-12 21:57:00	25.690025985	100.8434067	101.000015	1	0	0	0	0
2024-11-12 21:57:10	25.707917235849056	100.73664426415094	101.000015	1	0	0	0	0
2024-11-12 21:57:20	25.662137742424243	101.04267251515151	101.000015	1	0	0	0	0
2024-11-12 21:57:30	25.650607150724635	101.12114407246376	101.000015	1	0	0	0	0
2024-11-12 21:57:40	25.707223550000002	100.7687165	101.000015	1	0	0	0	0
2024-11-12 21:57:50	25.650506553333333	101.07548560000001	101.000015	1	0	0	0	0
2024-11-12 21:58:00	25.600706629411764	101.1832730882353	101.000015	1	0	0	0	0
2024-11-12 21:58:10	25.647857572972974	101.01253254054053	101.000015	1	0	0	0	0
2024-11-12 21:58:20	25.66337419047619	100.97388738095239	101.000015	1	0	0	0	0
2024-11-12 21:58:30	25.642668139393937	101.11230969696969	101.000015	1	0	0	0	0
2024-11-12 21:58:40	25.664742768	100.96991	101.000015	1	0	0	0	0
2024-11-12 21:58:50	25.620004752222222	101.28066107777778	101.000015	1	0	0	0	0
2024-11-12 21:59:00	25.61809808870968	101.1988270483871	101.000015	1	0	0	0	0
2024-11-12 21:59:10	25.62785476119403	100.97467935820895	101.000015	1	0	0	0	0
2024-11-12 21:59:20	25.620355262903225	100.99623359677419	101.000015	1	0	0	0	0
2024-11-12 21:59:30	25.647303785507248	100.96448565217392	101.000015	1	0	0	0	0
2024-11-12 21:59:40	25.509534799999997	101.79995894117647	101.000015	1	0	0	0	0
2024-11-12 21:59:50	25.61844864375	101.06167484999999	101.000015	1	0	0	0	0
2024-11-12 22:00:00	25.624868929577463	101.0082447887324	101.000015	1	0	0	0	0
2024-11-12 22:00:10	25.639951739130435	100.93246286956521	101.000015	1	0	0	0	0
2024-11-12 22:00:20	25.622250981632654	101.039693	101.000015	1	0	0	0	0
2024-11-12 22:00:30	25.62569473220339	101.08616020338982	101.000015	1	0	0	0	0
2024-11-12 22:00:40	25.642361524	101.01023971999999	101.000015	1	0	0	0	0
2024-11-12 22:00:50	25.62857565	100.985482775	101.000015	1	0	0	0	0
2024-11-12 22:01:00	25.63215976142857	101.08982710000001	101.000015	1	0	0	0	0
2024-11-12 22:01:10	25.574009288607595	101.28269656962026	101.000015	1	0	0	0	0
2024-11-12 22:01:20	25.648959701960784	100.99943692156863	102	1	0	0	0	0
2024-11-12 22:01:30	25.583542922033896	101.58734703389831	102	1	0	0	0	0
2024-11-12 22:01:40	25.680231136	101.18941224	102	1	0	0	0	0
2024-11-12 22:01:50	25.670918686666667	101.29207966666667	102	1	0	0	0	0
2024-11-12 22:02:00	25.784540149382714	100.81933374074075	102	1	0	0	0	0
2024-11-12 22:02:10	25.76586504590164	101.1226191967213	102	1	0	0	0	0
2024-11-12 22:02:20	25.845641448979592	100.7913697755102	102	1	0	0	0	0
2024-11-12 22:02:30	25.852131982857145	101.08663874285715	102	1	0	0	0	0
2024-11-12 22:02:40	25.84537951219512	101.21126956097561	102	1	0	0	0	0
2024-11-12 22:02:50	25.95348692394366	100.74173952112676	102	1	0	0	0	0
2024-11-12 22:03:00	25.94341421142857	101.18712477142857	102	1	0	0	0	0
2024-11-12 22:03:10	25.988851672499997	100.90774395000001	102	1	0	0	0	0
2024-11-12 22:03:20	25.99139237361111	101.03089845833333	102	1	0	0	0	0
2024-11-12 22:03:30	26.05571353291139	100.90557070886076	102	1	0	0	0	0
2024-11-12 22:03:40	26.052287466666666	101.09357718518518	102	1	0	0	0	0
2024-11-12 22:03:50	26.054106108474578	101.26691906779661	102	1	0	0	0	0
2024-11-12 22:04:00	26.075572238235296	101.38071161764705	102	1	0	0	0	0
2024-11-12 22:04:10	26.092074762857145	101.31873328571427	102	1	0	0	0	0
2024-11-12 22:04:20	26.048394122413793	101.56053884482759	102	1	0	0	0	0
2024-11-12 22:04:30	26.019701515254237	101.80664133898304	102	1	0	0	0	0
2024-11-12 22:04:40	25.98137533018868	102.07319830188679	102	1	0	0	0	0
2024-11-12 22:04:50	25.93362554324324	102.36495643243244	102	1	0	0	0	0
2024-11-12 22:05:00	25.93272818	102.3007908	102	1	0	0	0	0
2024-11-12 22:05:10	25.92877004	102.2633974	102	1	0	0	0	0
2024-11-12 22:05:20	25.991087246153846	101.96879684615385	102	1	0	0	0	0
2024-11-12 22:05:30	25.99547734	102.06422153333334	102	1	0	0	0	0
2024-11-12 22:05:40	25.953851876	102.09956664	102	1	0	0	0	0
2024-11-12 22:05:50	25.92972396708861	102.20844551898735	102	1	0	0	0	0
2024-11-12 22:06:00	25.972220008	102.08539152	102	1	0	0	0	0
2024-11-12 22:06:10	25.956621833333333	101.98961436666666	102	1	0	0	0	0
2024-11-12 22:06:20	25.97501000784314	101.73078954901962	102	1	0	0	0	0
2024-11-12 22:06:30	25.960183705084745	102.23772759322034	102	1	0	0	0	0
2024-11-12 22:06:40	25.905526452	102.18081018	102	1	0	0	0	0
2024-11-12 22:06:50	25.85810732173913	102.49807365217391	102	1	0	0	0	0
2024-11-12 22:07:00	25.927161927118643	102.13943286440677	102	1	0	0	0	0
2024-11-12 22:07:10	25.91639841931818	102.03488915909091	102	1	0	0	0	0
2024-11-12 22:07:20	25.904137793548387	102.22499372580646	102	1	0	0	0	0
2024-11-12 22:07:30	25.86422015172414	102.36026593103448	102	1	0	0	0	0
2024-11-12 22:07:40	25.871347298	102.21099002	102	1	0	0	0	0
2024-11-12 22:07:50	25.862426495652176	102.29387020289855	102	1	0	0	0	0
2024-11-12 22:08:00	25.876958376	102.14797279999999	102	1	0	0	0	0
2024-11-12 22:08:10	25.864408695652173	102.21669	102	1	0	0	0	0
2024-11-12 22:08:20	25.869095246153847	102.1329397076923	102	1	0	0	0	0
2024-11-12 22:08:30	25.83883862375	102.3041646875	102	1	0	0	0	0
2024-11-12 22:08:40	25.854537765	102.160017	102	1	0	0	0	0
2024-11-12 22:08:50	25.822696479310345	102.08404989655172	102	1	0	0	0	0
2024-11-12 22:09:00	25.895282914754098	101.84129673770492	102	1	0	0	0	0
2024-11-12 22:09:10	25.862898279710144	102.23291769565216	102	1	0	0	0	0
2024-11-12 22:09:20	25.87197598474576	101.92823474576271	102	1	0	0	0	0
2024-11-12 22:09:30	25.82506446625	102.1926670625	102	1	0	0	0	0
2024-11-12 22:09:40	25.82971741632653	102.11826859183674	102	1	0	0	0	0
2024-11-12 22:09:50	25.785976811111112	102.30898355555556	102	1	0	0	0	0
2024-11-12 22:10:00	25.82285789661017	101.91231477966102	102	1	0	0	0	0
2024-11-12 22:10:10	25.787808220000002	102.24103381666667	102	1	0	0	0	0
2024-11-12 22:10:20	25.775718786000002	102.12233768	102	1	0	0	0	0
2024-11-12 22:10:30	25.79744802747253	102.08448814285715	102	1	0	0	0	0
2024-11-12 22:10:40	25.770067236000003	102.08075786	102	1	0	0	0	0
2024-11-12 22:10:50	25.790772926530614	102.01310681632653	102	1	0	0	0	0
2024-11-12 22:11:00	25.781786603773586	101.86685971698112	102	1	0	0	0	0
2024-11-12 22:11:10	25.75145694117647	102.24677875	102	1	0	0	0	0
2024-11-12 22:11:20	25.757649366666666	102.1697251234568	102	1	0	0	0	0
2024-11-12 22:11:30	25.738101855	102.30398185	102	1	0	0	0	0
2024-11-12 22:11:40	25.761409827586206	102.14907172413794	102	1	0	0	0	0
2024-11-12 22:11:50	25.70566868235294	102.55238976470588	102	1	0	0	0	0
2024-11-12 22:12:00	25.69773128	102.32633445	102	1	0	0	0	0
2024-11-12 22:12:10	25.706583643333335	102.21126305	102	1	0	0	0	0
2024-11-12 22:12:20	25.658688586	102.309049	102	1	0	0	0	0
2024-11-12 22:12:30	25.68617379204545	102.08010297727273	102	1	0	0	0	0
2024-11-12 22:12:40	25.720650604	101.98835544	102	1	0	0	0	0
2024-11-12 22:12:50	25.679134345098042	102.19410566666666	102	1	0	0	0	0
2024-11-12 22:13:00	25.659890934693877	102.27399593877551	102	1	0	0	0	0
2024-11-12 22:13:10	25.684169377777778	102.279492	102	1	0	0	0	0
2024-11-12 22:13:20	25.707807005714287	101.86526514285714	102	1	0	0	0	0
2024-11-12 22:13:30	25.623071366666665	102.52356133333333	102	1	0	0	0	0
2024-11-12 22:13:40	25.593895818	102.50116054	102	1	0	0	0	0
2024-11-12 22:13:50	25.631490066292134	102.20109517977528	102	1	0	0	0	0
2024-11-12 22:14:00	25.628692356	102.1974828	102	1	0	0	0	0
2024-11-12 22:14:10	25.611576151612905	102.26790758064516	102	1	0	0	0	0
2024-11-12 22:14:20	25.620449486	102.18338200000001	102	1	0	0	0	0
2024-11-12 22:14:30	25.600133508450707	102.23816767605634	102	1	0	0	0	0
2024-11-12 22:14:40	25.605866386885246	102.26697626229507	102	1	0	0	0	0
2024-11-12 22:14:50	25.61811329	102.0828346	102	1	0	0	0	0
2024-11-12 22:15:00	25.531227198	102.57630778	102	1	0	0	0	0
2024-11-12 22:15:10	25.557710463934423	102.30997021311475	102	1	0	0	0	0
2024-11-12 22:15:20	25.589470902499997	102.11912445	102	1	0	0	0	0
2024-11-12 22:15:30	25.61443006	101.83458279999999	102	1	0	0	0	0
2024-11-12 22:15:40	25.555346537142857	102.1693927142857	102	1	0	0	0	0
2024-11-12 22:15:50	25.597801333802817	102.06846276056338	102	1	0	0	0	0
2024-11-12 22:16:00	25.544579103333334	102.31656036666666	102	1	0	0	0	0
2024-11-12 22:16:10	25.611933376	101.86982544	102	1	0	0	0	0
2024-11-12 22:16:20	25.5686903	102.13082725	102	1	0	0	0	0
2024-11-12 22:16:30	25.55517033802817	102.07541430985916	102	1	0	0	0	0
2024-11-12 22:16:40	25.53110309	102.3078598857143	102	1	0	0	0	0
2024-11-12 22:16:50	25.56668108125	102.0292469875	102	1	0	0	0	0
2024-11-12 22:17:00	25.53475350784314	102.17046862745097	102	1	0	0	0	0
2024-11-12 22:17:10	25.515331130508475	102.25467911864406	102	1	0	0	0	0
2024-11-12 22:17:20	25.531036529999998	102.03181786666666	102	1	0	0	0	0
2024-11-12 22:17:30	25.4920059278481	102.2567302278481	102	1	0	0	0	0
2024-11-12 22:17:40	25.515379734146343	102.27904156097561	102	1	0	0	0	0
2024-11-12 22:17:50	25.52159565633803	102.08968677464789	102	1	0	0	0	0
2024-11-12 22:18:00	25.477584005	102.05764358333333	102	1	0	0	0	0
2024-11-12 22:18:10	25.463802941935484	102.3089975483871	102	1	0	0	0	0
2024-11-12 22:18:20	25.47145496	102.23979369999999	102	1	0	0	0	0
2024-11-12 22:18:30	25.468383745555556	102.20527864444445	102	1	0	0	0	0
2024-11-12 22:18:40	25.447712355	102.16906715	102	1	0	0	0	0
2024-11-12 22:18:50	25.425189411594204	102.3766421884058	102	1	0	0	0	0
2024-11-12 22:19:00	25.490434554	101.96561616	102	1	0	0	0	0
2024-11-12 22:19:10	25.498031846478874	101.872831	102	1	0	0	0	0
2024-11-12 22:19:20	25.418359341666665	102.26415125	102	1	0	0	0	0
2024-11-12 22:19:30	25.379147714285715	102.51623441558442	102	1	0	0	0	0
2024-11-12 22:19:40	25.445890640963857	102.05841814457831	102	1	0	0	0	0
2024-11-12 22:19:50	25.40701626125	102.2927374625	102	1	0	0	0	0
2024-11-12 22:20:00	25.43417399322034	102.00534615254237	102	1	0	0	0	0
2024-11-12 22:20:10	25.441737704	102.08048488	102	1	0	0	0	0
2024-11-12 22:20:20	25.464590547619046	101.9406881904762	102	1	0	0	0	0
2024-11-12 22:20:30	25.41208714901961	102.31510576470589	102	1	0	0	0	0
2024-11-12 22:20:40	25.408561848571427	102.18543491428571	102	1	0	0	0	0
2024-11-12 22:20:50	25.41433704285714	102.08248057142858	102	1	0	0	0	0
2024-11-12 22:21:00	25.402755832258066	102.11534441935484	102	1	0	0	0	0
2024-11-12 22:21:10	25.367813133333332	102.30256666666666	102	1	0	0	0	0
2024-11-12 22:21:20	25.340151357142858	102.15529985714286	102	1	0	0	0	0
2024-11-12 22:21:30	25.32886458333333	102.49209091666665	102	1	0	0	0	0
2024-11-12 22:21:40	25.34856796119403	102.36117219402985	102	1	0	0	0	0
2024-11-12 22:21:50	25.29969324074074	102.43332211111111	102	1	0	0	0	0
2024-11-12 22:22:00	25.30483712625	102.1655943	102	1	0	0	0	0
2024-11-12 22:22:10	25.360034569491525	102.12484181355933	102	1	0	0	0	0
2024-11-12 22:22:20	25.29638367804878	102.33593548780487	102	1	0	0	0	0
2024-11-12 22:22:30	25.32442083703704	102.12218707407408	102	1	0	0	0	0
2024-11-12 22:22:40	25.33885307586207	102.14241855172413	102	1	0	0	0	0
2024-11-12 22:22:50	25.305340537777777	102.11327982222222	102	1	0	0	0	0
2024-11-12 22:23:00	25.271808075409837	102.57324773770492	102	1	0	0	0	0
2024-11-12 22:23:10	25.26271326262626	102.40454670707071	102	1	0	0	0	0
2024-11-12 22:23:20	25.24129838474576	102.34819588135593	102	1	0	0	0	0
2024-11-12 22:23:30	25.25462741176471	102.25370517647059	102	1	0	0	0	0
2024-11-12 22:23:40	25.23501763559322	102.18132654237289	102	1	0	0	0	0
2024-11-12 22:23:50	25.24245278	102.2148719	102	1	0	0	0	0
2024-11-12 22:24:00	25.278005969014085	102.05238071830986	102	1	0	0	0	0
2024-11-12 22:24:10	25.24359351125	102.08806395	102	1	0	0	0	0
2024-11-12 22:24:20	25.192900826	102.48451116	102	1	0	0	0	0
2024-11-12 22:24:30	25.211697947457626	102.2136223898305	102	1	0	0	0	0
2024-11-12 22:24:40	25.21276589019608	102.21298903921569	102	1	0	0	0	0
2024-11-12 22:24:50	25.238844515254236	101.98856776271187	102	1	0	0	0	0
2024-11-12 22:25:00	25.173511751666666	102.58410546666667	102	1	0	0	0	0
2024-11-12 22:25:10	25.19805233220339	102.15440305084745	102	1	0	0	0	0
2024-11-12 22:25:20	25.14309501	102.3201275	102	1	0	0	0	0
2024-11-12 22:25:30	25.20753227	101.98858030000001	102	1	0	0	0	0
2024-11-12 22:25:40	25.195274372881357	102.07993376271186	102	1	0	0	0	0
2024-11-12 22:25:50	25.19125558	102.1172747	102	1	0	0	0	0
2024-11-12 22:26:00	25.178701849275363	102.18647043478262	102	1	0	0	0	0
2024-11-12 22:26:10	25.156307735211268	102.2139989859155	102	1	0	0	0	0
2024-11-12 22:26:20	25.133597837288136	102.23900928813559	102	1	0	0	0	0
2024-11-12 22:26:30	25.161588823076922	102.2190546923077	102	1	0	0	0	0
2024-11-12 22:26:40	25.10588483137255	102.36412352941177	102	1	0	0	0	0
2024-11-12 22:26:50	25.12302142881356	102.4349723898305	102	1	0	0	0	0
2024-11-12 22:27:00	25.11279074	102.08906178571428	102	1	0	0	0	0
2024-11-12 22:27:10	25.161938255714286	101.87902305714286	102	1	0	0	0	0
2024-11-12 22:27:20	25.19523165	101.67862861764706	102	1	0	0	0	0
2024-11-12 22:27:30	25.129808083333334	102.1369766	102	1	0	0	0	0
2024-11-12 22:27:40	25.124969098	102.06402152	102	1	0	0	0	0
2024-11-12 22:27:50	25.1347036	102.0860893	102	1	0	0	0	0
2024-11-12 22:28:00	25.157278308333332	102.00803176666666	102	1	0	0	0	0
2024-11-12 22:28:10	25.067174346067414	102.30342082022472	102	1	0	0	0	0
2024-11-12 22:28:20	25.09256988	102.25568384	102	1	0	0	0	0
2024-11-12 22:28:30	25.08010445142857	102.27749601428572	102	1	0	0	0	0
2024-11-12 22:28:40	25.065885956	102.32031276	102	1	0	0	0	0
2024-11-12 22:28:50	25.035811717142856	102.25459437142858	102	1	0	0	0	0
2024-11-12 22:29:00	25.023314497142856	102.38461112857142	102	1	0	0	0	0
2024-11-12 22:29:10	25.045695388571428	102.11170534285714	102	1	0	0	0	0
2024-11-12 22:29:20	25.0406614	102.23177863768116	102	1	0	0	0	0
2024-11-12 22:29:30	25.06897329876543	101.96654861728395	102	1	0	0	0	0
2024-11-12 22:29:40	25.007617542857144	102.197141	102	1	0	0	0	0
2024-11-12 22:29:50	25.057576065573773	101.99723044262295	102	1	0	0	0	0
2024-11-12 22:30:00	25.022645810204082	102.31613359183673	102	1	0	0	0	0
2024-11-12 22:30:10	25.013000934999997	102.207654375	102	1	0	0	0	0
2024-11-12 22:30:20	24.952252376	102.59470488000001	102	1	0	0	0	0
2024-11-12 22:30:30	25.001618388607593	102.27505687341773	102	1	0	0	0	0
2024-11-12 22:30:40	24.941338603333335	102.53847433333334	102	1	0	0	0	0
2024-11-12 22:30:50	24.945800711864408	102.38582466101695	102	1	0	0	0	0
2024-11-12 22:31:00	24.88887788115942	102.69104917391304	102	1	0	0	0	0
2024-11-12 22:31:10	24.91280163956044	102.51595146153846	102	1	0	0	0	0
2024-11-12 22:31:20	24.878293888333335	102.60246255	102	1	0	0	0	0
2024-11-12 22:31:30	24.961792177777777	102.042974	102	1	0	0	0	0
2024-11-12 22:31:40	24.965245085	101.77640128333334	102	1	0	0	0	0
2024-11-12 22:31:50	24.96112852	102.01361913333334	102	1	0	0	0	0
2024-11-12 22:32:00	24.901311823728815	102.46689606779661	102	1	0	0	0	0
2024-11-12 22:32:10	24.855351323188405	102.47397349275361	102	1	0	0	0	0
2024-11-12 22:32:20	24.90228898135593	102.16132923728814	102	1	0	0	0	0
2024-11-12 22:32:30	24.858530717142855	102.40357151428572	102	1	0	0	0	0
2024-11-12 22:32:40	24.935784452	102.04801648	102	1	0	0	0	0
2024-11-12 22:32:50	24.863010866666666	102.29532286956523	102	1	0	0	0	0
2024-11-12 22:33:00	24.80417533220339	102.48706986440678	102	1	0	0	0	0
2024-11-12 22:33:10	24.812784605970148	102.45314005970148	102	1	0	0	0	0
2024-11-12 22:33:20	24.856589259259263	102.34710903703704	102	1	0	0	0	0
2024-11-12 22:33:30	24.830942625555554	102.22392724444445	102	1	0	0	0	0
2024-11-12 22:33:40	24.85943410612245	102.23031004081632	102	1	0	0	0	0
2024-11-12 22:33:50	24.81677150392157	102.32113703921569	102	1	0	0	0	0
2024-11-12 22:34:00	24.847878288235293	102.19671405882353	102	1	0	0	0	0
2024-11-12 22:34:10	24.780519210144927	102.69318892753623	102	1	0	0	0	0
2024-11-12 22:34:20	24.78654231153846	102.4891723076923	102	1	0	0	0	0
2024-11-12 22:34:30	24.81129136741573	102.09994178651685	102	1	0	0	0	0
2024-11-12 22:34:40	24.825705564	102.05489236	102	1	0	0	0	0
2024-11-12 22:34:50	24.78687608695652	102.24471602898551	102	1	0	0	0	0
2024-11-12 22:35:00	24.731148705084745	102.56329910169491	102	1	0	0	0	0
2024-11-12 22:35:10	24.77062673529412	102.22486694117647	102	1	0	0	0	0
2024-11-12 22:35:20	24.79870704857143	102.00595092857142	102	1	0	0	0	0
2024-11-12 22:35:30	24.783087951898732	102.18847670886076	102	1	0	0	0	0
2024-11-12 22:35:40	24.773461790123456	102.00158424691358	102	1	0	0	0	0
2024-11-12 22:35:50	24.74669179142857	102.210193	102	1	0	0	0	0
2024-11-12 22:36:00	24.70447074	102.22665306666666	102	1	0	0	0	0
2024-11-12 22:36:10	24.676915672881357	102.08483744067797	102	1	0	0	0	0
2024-11-12 22:36:20	24.69712702244898	102.32489040816326	102	1	0	0	0	0
2024-11-12 22:36:30	24.70336034	102.3174118	102	1	0	0	0	0
2024-11-12 22:36:40	24.70314732	102.1882726	102	1	0	0	0	0
2024-11-12 22:36:50	24.725169963333332	102.10038823333333	102	1	0	0	0	0
2024-11-12 22:37:00	24.725161157142857	102.05915214285714	102	1	0	0	0	0
2024-11-12 22:37:10	24.67695526153846	102.30501992307693	102	1	0	0	0	0
2024-11-12 22:37:20	24.68660984	102.2053118	102	1	0	0	0	0
2024-11-12 22:37:30	24.681154437037037	102.18018334567901	102	1	0	0	0	0
2024-11-12 22:37:40	24.618324503448274	102.36921467241379	102	1	0	0	0	0
2024-11-12 22:37:50	24.70697560125	102.046107225	102	1	0	0	0	0
2024-11-12 22:38:00	24.6464085	102.26977144827586	102	1	0	0	0	0
2024-11-12 22:38:10	24.66116900819672	102.46394137704918	102	1	0	0	0	0
2024-11-12 22:38:20	24.64763703617021	102.15564770212767	102	1	0	0	0	0
2024-11-12 22:38:30	24.637272769014086	102.15967552112676	102	1	0	0	0	0
2024-11-12 22:38:40	24.62309794197531	102.22221496296297	102	1	0	0	0	0
2024-11-12 22:38:50	24.641191357971014	102.1208175942029	102	1	0	0	0	0
2024-11-12 22:39:00	24.638764950000002	102.3099133	102	1	0	0	0	0
2024-11-12 22:39:10	24.564971288235295	102.42819923529412	102	1	0	0	0	0
2024-11-12 22:39:20	24.5853812	102.32783350000001	102	1	0	0	0	0
2024-11-12 22:39:30	24.64317924117647	102.14070423529412	102	1	0	0	0	0
2024-11-12 22:39:40	24.648679295	101.69448265	102	1	0	0	0	0
2024-11-12 22:39:50	24.67130599493671	102.14645705063292	102	1	0	0	0	0
2024-11-12 22:40:00	24.60316766	102.22045216	102	1	0	0	0	0
2024-11-12 22:40:10	24.579933157142857	102.22571214285715	102	1	0	0	0	0
2024-11-12 22:40:20	24.593193779591836	102.28175451020408	102	1	0	0	0	0
2024-11-12 22:40:30	24.578567215189874	102.31558226582278	102	1	0	0	0	0
2024-11-12 22:40:40	24.524485904918034	102.72137627868852	102	1	0	0	0	0
2024-11-12 22:40:50	24.552080197752808	102.16261474157302	102	1	0	0	0	0
2024-11-12 22:41:00	24.55809019333333	102.18967566666667	102	1	0	0	0	0
2024-11-12 22:41:10	24.55785086666667	102.15951533333333	102	1	0	0	0	0
2024-11-12 22:41:20	24.548921775999997	102.44803968000001	102	1	0	0	0	0
2024-11-12 22:41:30	24.59692889661017	101.93273701694915	102	1	0	0	0	0
2024-11-12 22:41:40	24.578775829577467	101.96929028169014	102	1	0	0	0	0
2024-11-12 22:41:50	24.57083026625	102.1510383375	102	1	0	0	0	0
2024-11-12 22:42:00	24.513835946835442	102.36424227848102	102	1	0	0	0	0
2024-11-12 22:42:10	24.515789304	102.21770106	102	1	0	0	0	0
2024-11-12 22:42:20	24.484496462	102.36151054	102	1	0	0	0	0
2024-11-12 22:42:30	24.51271904	102.16232696	102	1	0	0	0	0
2024-11-12 22:42:40	24.489775051898732	102.25398655696203	102	1	0	0	0	0
2024-11-12 22:42:50	24.509422366666666	102.09967995555554	102	1	0	0	0	0
2024-11-12 22:43:00	24.501908622857144	102.1176808857143	102	1	0	0	0	0
2024-11-12 22:43:10	24.52546040886076	101.95279460759494	102	1	0	0	0	0
2024-11-12 22:43:20	24.462620858	102.3569617	102	1	0	0	0	0
2024-11-12 22:43:30	24.508826290000002	101.8864676	102	1	0	0	0	0
2024-11-12 22:43:40	24.495341375	102.0294695	102	1	0	0	0	0
2024-11-12 22:43:50	24.422276933333332	102.14463966666666	102	1	0	0	0	0
2024-11-12 22:44:00	24.4895998725	101.9974226125	102	1	0	0	0	0
2024-11-12 22:44:10	24.41645066857143	102.29473985714286	102	1	0	0	0	0
2024-11-12 22:44:20	24.41505544255319	102.31183280851063	102	1	0	0	0	0
2024-11-12 22:44:30	24.469451369999998	101.9608972	102	1	0	0	0	0
2024-11-12 22:44:40	24.47356808979592	101.92927667346939	102	1	0	0	0	0
2024-11-12 22:44:50	24.42038747777778	102.31062344444445	102	1	0	0	0	0
2024-11-12 22:45:00	24.486638395	101.80532048333333	102	1	0	0	0	0
2024-11-12 22:45:10	24.484853197468354	101.78044734177215	102	1	0	0	0	0
2024-11-12 22:45:20	24.423723824590166	102.13991906557376	102	1	0	0	0	0
2024-11-12 22:45:30	24.406012563768115	102.39830331884058	102	1	0	0	0	0
2024-11-12 22:45:40	24.41355661764706	102.12172382352941	102	1	0	0	0	0
2024-11-12 22:45:50	24.381356757142857	102.39768431868131	102	1	0	0	0	0
2024-11-12 22:46:00	24.36535874666667	102.35978448333333	102	1	0	0	0	0
2024-11-12 22:46:10	24.368283552941175	102.07752652941177	102	1	0	0	0	0
2024-11-12 22:46:20	24.34026677142857	102.530593	102	1	0	0	0	0
2024-11-12 22:46:30	24.38304396142857	102.08782968571428	102	1	0	0	0	0
2024-11-12 22:46:40	24.378669163999998	102.28234442	102	1	0	0	0	0
2024-11-12 22:46:50	24.392820434285714	101.78767214285713	102	1	0	0	0	0
2024-11-12 22:47:00	24.305923433333334	102.33148948148148	102	1	0	0	0	0
2024-11-12 22:47:10	24.3716634	102.03747698734178	102	1	0	0	0	0
2024-11-12 22:47:20	24.35577428	102.600314	102	1	0	0	0	0
2024-11-12 22:47:30	24.313292445714286	102.48259437142858	102	1	0	0	0	0
2024-11-12 22:47:40	24.357193676190477	102.04003847619047	102	1	0	0	0	0
2024-11-12 22:47:50	24.316738694936706	102.25345746835443	102	1	0	0	0	0
2024-11-12 22:48:00	24.315903567605634	102.16183791549295	102	1	0	0	0	0
2024-11-12 22:48:10	24.326307068571428	102.11122165714286	102	1	0	0	0	0
2024-11-12 22:48:20	24.287751785714285	102.35120602040817	102	1	0	0	0	0
2024-11-12 22:48:30	24.29473385714286	102.26160575714286	102	1	0	0	0	0
2024-11-12 22:48:40	24.356038639999998	101.85455648	102	1	0	0	0	0
2024-11-12 22:48:50	24.270788334177215	102.24216016455696	102	1	0	0	0	0
2024-11-12 22:49:00	24.322511214634147	102.01953095121951	102	1	0	0	0	0
2024-11-12 22:49:10	24.31139621794872	102.07831146153846	102	1	0	0	0	0
2024-11-12 22:49:20	24.314528205	102.02962385000001	102	1	0	0	0	0
2024-11-12 22:49:30	24.286741181132076	102.11779811320756	102	1	0	0	0	0
2024-11-12 22:49:40	24.340091431999998	101.82331875999999	102	1	0	0	0	0
2024-11-12 22:49:50	24.313105895774648	102.24010742253522	102	1	0	0	0	0
2024-11-12 22:50:00	24.282303173333332	102.12700071666667	102	1	0	0	0	0
2024-11-12 22:50:10	24.31539198607595	102.27184455696202	102	1	0	0	0	0
2024-11-12 22:50:20	24.298712447540982	102.03382662295081	102	1	0	0	0	0
2024-11-12 22:50:30	24.28507552	102.00836377142858	102	1	0	0	0	0
2024-11-12 22:50:40	24.243711833333332	102.32520733333332	102	1	0	0	0	0
2024-11-12 22:50:50	24.20989329411765	102.45179288235293	102	1	0	0	0	0
2024-11-12 22:51:00	24.261029795121953	102.06659753658538	102	1	0	0	0	0
2024-11-12 22:51:10	24.2195644	102.27804333333333	102	1	0	0	0	0
2024-11-12 22:51:20	24.17710897096774	102.51499198387097	102	1	0	0	0	0
2024-11-12 22:51:30	24.21812751044776	102.16787101492538	102	1	0	0	0	0
2024-11-12 22:51:40	24.248329899999998	102.09811528	102	1	0	0	0	0
2024-11-12 22:51:50	24.23271359125	102.15266757500001	102	1	0	0	0	0
2024-11-12 22:52:00	24.22357813	102.0710748	102	1	0	0	0	0
2024-11-12 22:52:10	24.20452035142857	102.21366197142856	102	1	0	0	0	0
2024-11-12 22:52:20	24.18996876	102.2676632	102	1	0	0	0	0
2024-11-12 22:52:30	24.21258715142857	102.08547167142856	102	1	0	0	0	0
2024-11-12 22:52:40	24.27045688135593	101.72436637288136	102	1	0	0	0	0
2024-11-12 22:52:50	24.192738911764703	102.20249176470588	102	1	0	0	0	0
2024-11-12 22:53:00	24.222052573469387	102.11271738775511	102	1	0	0	0	0
2024-11-12 22:53:10	24.189556225925926	102.17540007407408	102	1	0	0	0	0
2024-11-12 22:53:20	24.187184033333335	101.96251765	102	1	0	0	0	0
2024-11-12 22:53:30	24.187558186516853	102.16931271910111	102	1	0	0	0	0
2024-11-12 22:53:40	24.169146525	101.99708575	102	1	0	0	0	0
2024-11-12 22:53:50	24.2230655	101.95654144444444	102	1	0	0	0	0
2024-11-12 22:54:00	24.21063045	102.02105125	102	1	0	0	0	0
2024-11-12 22:54:10	24.22551452571429	102.06408248571428	102	1	0	0	0	0
2024-11-12 22:54:20	24.21304771764706	102.11367735294118	102	1	0	0	0	0
2024-11-12 22:54:30	24.151263175	102.23287635	102	1	0	0	0	0
2024-11-12 22:54:40	24.198361694117647	102.00119482352942	102	1	0	0	0	0
2024-11-12 22:54:50	24.14615844117647	102.23458652941177	102	1	0	0	0	0
2024-11-12 22:55:00	24.10029188	102.228928	102	1	0	0	0	0
2024-11-12 22:55:10	24.193555222222223	101.78928122222221	102	1	0	0	0	0
2024-11-12 22:55:20	24.15734189722222	102.19220433333334	102	1	0	0	0	0
2024-11-12 22:55:30	24.14796175522388	102.07257420895523	102	1	0	0	0	0
2024-11-12 22:55:40	24.089409088	102.25748	102	1	0	0	0	0
2024-11-12 22:55:50	24.10493242	102.1370237	102	1	0	0	0	0
2024-11-12 22:56:00	24.137956398333333	101.89308693333334	102	1	0	0	0	0
2024-11-12 22:56:10	24.125266529999998	101.7930931	102	1	0	0	0	0
2024-11-12 22:56:20	24.09933624	102.2213646	102	1	0	0	0	0
2024-11-12 22:56:30	24.049116582222222	102.47372826666665	102	1	0	0	0	0
2024-11-12 22:56:40	24.041060053061223	102.39964689795919	102	1	0	0	0	0
2024-11-12 22:56:50	24.053656330985916	102.35444642253522	102	1	0	0	0	0
2024-11-12 22:57:00	24.050094467796608	102.22411508474576	102	1	0	0	0	0
2024-11-12 22:57:10	24.075404076666665	102.05732451666667	102.3916604	1	0	0	0	0
2024-11-12 22:57:20	24.122380142857143	102.08611384285715	102.499992	1	0	0	0	0
2024-11-12 22:57:30	24.071238387341772	102.38432813924051	102.499992	1	0	0	0	0
2024-11-12 22:57:40	24.088089544578313	102.20474851807228	102.499992	1	0	0	0	0
2024-11-12 22:57:50	24.154156903797467	102.04988379746835	102.499992	1	0	0	0	0
2024-11-12 22:58:00	24.1685059862069	102.11839210344827	102.499992	1	0	0	0	0
2024-11-12 22:58:10	24.140028275409836	102.22851516393443	102.499992	1	0	0	0	0
2024-11-12 22:58:20	24.08127399574468	102.61462457446808	102.499992	1	0	0	0	0
2024-11-12 22:58:30	24.1438981825	102.230711975	102.499992	1	0	0	0	0
2024-11-12 22:58:40	24.181154069999998	102.0466994	102.499992	1	0	0	0	0
2024-11-12 22:58:50	24.18953643768116	101.75925389855072	102.499992	1	0	0	0	0
2024-11-12 22:59:00	24.243532430508477	101.79911123728813	102.499992	1	0	0	0	0
2024-11-12 22:59:10	24.21201748	102.00930751666667	102.499992	1	0	0	0	0
2024-11-12 22:59:20	24.2640590225	102.04703757499999	102.499992	1	0	0	0	0
2024-11-12 22:59:30	24.23243887654321	102.09746707407407	102.499992	1	0	0	0	0
2024-11-12 22:59:40	24.24127776779661	102.13744018644067	102.499992	1	0	0	0	0
2024-11-12 22:59:50	24.2668697	102.11175768571428	102.499992	1	0	0	0	0
2024-11-12 23:00:00	24.19368382	102.59600028000001	102.499992	1	0	0	0	0
2024-11-12 23:00:10	24.28012412	102.05008308	102.499992	1	0	0	0	0
2024-11-12 23:00:20	24.273803658536586	102.17916412195123	102.499992	1	0	0	0	0
2024-11-12 23:00:30	24.32745197125	101.9296907375	102.499992	1	0	0	0	0
2024-11-12 23:00:40	24.29113045	102.23322288333333	102.499992	1	0	0	0	0
2024-11-12 23:00:50	24.337302275714286	102.06664405714285	102.499992	1	0	0	0	0
2024-11-12 23:01:00	24.298549	102.43604045	102.499992	1	0	0	0	0
2024-11-12 23:01:10	24.357235342000003	101.97262626	102.499992	1	0	0	0	0
2024-11-12 23:01:20	24.365148813461538	101.98649959615385	102.499992	1	0	0	0	0
2024-11-12 23:01:30	24.366209826470588	102.14344736764706	102.499992	1	0	0	0	0
2024-11-12 23:01:40	24.40318840142857	102.00840497142858	102.499992	1	0	0	0	0
2024-11-12 23:01:50	24.396057716666668	102.14889611111111	102.499992	1	0	0	0	0
2024-11-12 23:02:00	24.39914475423729	102.15553776271186	102.499992	1	0	0	0	0
2024-11-12 23:02:10	24.40984284	102.14427424	102.499992	1	0	0	0	0
2024-11-12 23:02:20	24.385375	102.34448730434784	102.499992	1	0	0	0	0
2024-11-12 23:02:30	24.449089437931033	101.99425251724138	102.499992	1	0	0	0	0
2024-11-12 23:02:40	24.42842028	102.17672061666666	102.499992	1	0	0	0	0
2024-11-12 23:02:50	24.43922810379747	102.01571167088608	102.499992	1	0	0	0	0
2024-11-12 23:03:00	24.454620964	102.13111624000001	102.499992	1	0	0	0	0
2024-11-12 23:03:10	24.487199022580644	102.01871025806452	102.499992	1	0	0	0	0
2024-11-12 23:03:20	24.4993634	102.03054012	102.499992	1	0	0	0	0
2024-11-12 23:03:30	24.488558954285715	102.14706317142857	102.499992	1	0	0	0	0
2024-11-12 23:03:40	24.486693300000002	102.22076087500001	102.499992	1	0	0	0	0
2024-11-12 23:03:50	24.46770806829268	102.46208024390243	102.499992	1	0	0	0	0
2024-11-12 23:04:00	24.527814105882353	102.18808017647059	102.499992	1	0	0	0	0
2024-11-12 23:04:10	24.527035264788733	102.19132795774648	102.499992	1	0	0	0	0
2024-11-12 23:04:20	24.553152704255318	102.03673329787235	102.499992	1	0	0	0	0
2024-11-12 23:04:30	24.542637294915256	102.35807352542373	102.499992	1	0	0	0	0
2024-11-12 23:04:40	24.570138809836067	102.18212357377048	102.499992	1	0	0	0	0
2024-11-12 23:04:50	24.568465112087914	101.99883291208792	102.499992	1	0	0	0	0
2024-11-12 23:05:00	24.6095241875	102.02238204999999	102.499992	1	0	0	0	0
2024-11-12 23:05:10	24.555177916326528	102.07701159183674	102.499992	1	0	0	0	0
2024-11-12 23:05:20	24.636125072	101.97279818	102.499992	1	0	0	0	0
2024-11-12 23:05:30	24.626158314492752	101.99928757971014	102.499992	1	0	0	0	0
2024-11-12 23:05:40	24.646541429577464	101.98954835211268	102.499992	1	0	0	0	0
2024-11-12 23:05:50	24.674596940740738	102.12557125925926	102.499992	1	0	0	0	0
2024-11-12 23:06:00	24.657797135	102.26619194999999	102.499992	1	0	0	0	0
2024-11-12 23:06:10	24.65450998833333	102.16089701666667	102.499992	1	0	0	0	0
2024-11-12 23:06:20	24.677704997560976	102.22397609756098	102.499992	1	0	0	0	0
2024-11-12 23:06:30	24.7123404	102.1333632	102.499992	1	0	0	0	0
2024-11-12 23:06:40	24.746743295	101.93113305	102.499992	1	0	0	0	0
2024-11-12 23:06:50	24.78531116	101.84533625555555	102.499992	1	0	0	0	0
2024-11-12 23:07:00	24.758692686885244	102.02042186885245	102.499992	1	0	0	0	0
2024-11-12 23:07:10	24.807153699999997	101.80002866666668	102.499992	1	0	0	0	0
2024-11-12 23:07:20	24.733501394117646	102.33472717647058	102.499992	1	0	0	0	0
2024-11-12 23:07:30	24.770049378260868	102.17260252173914	102.499992	1	0	0	0	0
2024-11-12 23:07:40	24.810082167796608	102.04096554237289	102.499992	1	0	0	0	0
2024-11-12 23:07:50	24.817384242499998	102.2212658	102.499992	1	0	0	0	0
2024-11-12 23:08:00	24.799148295652174	102.46268637681159	102.499992	1	0	0	0	0
2024-11-12 23:08:10	24.83933054857143	102.00609908571428	102.499992	1	0	0	0	0
2024-11-12 23:08:20	24.853203385714288	102.02340914285713	102.499992	1	0	0	0	0
2024-11-12 23:08:30	24.88635581818182	101.77830432727272	102.499992	1	0	0	0	0
2024-11-12 23:08:40	24.873587191836734	102.1426765510204	102.499992	1	0	0	0	0
2024-11-12 23:08:50	24.89838152857143	102.05928168571428	102.499992	1	0	0	0	0
2024-11-12 23:09:00	24.904927335	101.9687007	102.499992	1	0	0	0	0
2024-11-12 23:09:10	24.85477021460674	102.38843486516853	102.499992	1	0	0	0	0
2024-11-12 23:09:20	24.84004286393443	102.4965334262295	102.499992	1	0	0	0	0
2024-11-12 23:09:30	24.907231486666667	102.1262832	102.499992	1	0	0	0	0
2024-11-12 23:09:40	24.888304447916667	102.31026416666667	102.499992	1	0	0	0	0
2024-11-12 23:09:50	24.983179472499998	101.78868505000001	102.499992	1	0	0	0	0
2024-11-12 23:10:00	24.976129408571428	101.86388485714286	102.499992	1	0	0	0	0
2024-11-12 23:10:10	24.960972898749997	102.0847374875	102.499992	1	0	0	0	0
2024-11-12 23:10:20	24.97598086	102.10585492	102.499992	1	0	0	0	0
2024-11-12 23:10:30	24.943095407142856	102.34311931428572	102.499992	1	0	0	0	0
2024-11-12 23:10:40	24.976070162	102.21734185999999	102.499992	1	0	0	0	0
2024-11-12 23:10:50	24.985476795	102.23872095	102.499992	1	0	0	0	0
2024-11-12 23:11:00	25.03111752112676	101.86436540845071	102.499992	1	0	0	0	0
2024-11-12 23:11:10	25.017745933333334	102.23760733333333	102.499992	1	0	0	0	0
2024-11-12 23:11:20	25.101551234285715	101.91547994285713	102.499992	1	0	0	0	0
2024-11-12 23:11:30	25.085836112903227	101.91728467741935	102.499992	1	0	0	0	0
2024-11-12 23:11:40	25.087147769999998	102.21642668333334	102.499992	1	0	0	0	0
2024-11-12 23:11:50	25.085428520547946	101.9139807260274	102.499992	1	0	0	0	0
2024-11-12 23:12:00	25.066389272727275	102.23274599999999	102.499992	1	0	0	0	0
2024-11-12 23:12:10	25.06751431111111	102.15553120987654	102.499992	1	0	0	0	0
2024-11-12 23:12:20	25.170687369491525	101.79929623728813	102.499992	1	0	0	0	0
2024-11-12 23:12:30	25.186857088732395	102.06172295774648	102.499992	1	0	0	0	0
2024-11-12 23:12:40	25.131502430508476	102.26984193220339	102.499992	1	0	0	0	0
2024-11-12 23:12:50	25.168929116666668	102.04243146666667	102.499992	1	0	0	0	0
2024-11-12 23:13:00	25.183784814084508	102.09986257746479	102.499992	1	0	0	0	0
2024-11-12 23:13:10	25.19325573333333	102.20020033333333	102.499992	1	0	0	0	0
2024-11-12 23:13:20	25.18627555	102.20787508333333	102.499992	1	0	0	0	0
2024-11-12 23:13:30	25.177145660759493	102.33590573417722	102.499992	1	0	0	0	0
2024-11-12 23:13:40	25.197334712	102.26910032	102.499992	1	0	0	0	0
2024-11-12 23:13:50	25.223211969230768	102.14281600000001	102.499992	1	0	0	0	0
2024-11-12 23:14:00	25.224542815686274	102.19373450980392	102.499992	1	0	0	0	0
2024-11-12 23:14:10	25.231170825	102.13109183750001	102.499992	1	0	0	0	0
2024-11-12 23:14:20	25.209836972413793	102.1701384137931	102.499992	1	0	0	0	0
2024-11-12 23:14:30	25.24441932658228	102.33231335443037	102.499992	1	0	0	0	0
2024-11-12 23:14:40	25.243648847058825	102.32344578431373	102.499992	1	0	0	0	0
2024-11-12 23:14:50	25.279930116949153	102.09314077966101	102.499992	1	0	0	0	0
2024-11-12 23:15:00	25.291331783870966	102.00196567741936	102.499992	1	0	0	0	0
2024-11-12 23:15:10	25.312365569230767	102.06997312820512	102.499992	1	0	0	0	0
2024-11-12 23:15:20	25.365417470422535	101.88438670422535	102.499992	1	0	0	0	0
2024-11-12 23:15:30	25.329538318987343	102.07589098734177	102.499992	1	0	0	0	0
2024-11-12 23:15:40	25.329538318987343	102.07589098734177	102.499992	1	0	0	0	0
2024-11-12 23:15:50	25.317245284210525	102.33637052631579	102.499992	1	0	0	0	0
2024-11-12 23:16:00	25.363629411764705	102.21172399999999	102.499992	1	0	0	0	0
2024-11-12 23:16:10	25.33068155125	102.12533605	102.499992	1	0	0	0	0
2024-11-12 23:16:20	25.33068155125	102.12533605	102.499992	1	0	0	0	0
2024-11-12 23:16:30	25.373510132786887	102.21752059016393	102.499992	1	0	0	0	0
2024-11-12 23:16:40	25.393011473417722	102.2647649113924	102.499992	1	0	0	0	0
2024-11-12 23:16:50	25.401632720000002	102.03762488	102.499992	1	0	0	0	0
2024-11-12 23:17:00	25.34811768	102.17081642857143	102.499992	1	0	0	0	0
2024-11-12 23:17:10	25.354504855172415	102.3404578275862	102.499992	1	0	0	0	0
2024-11-12 23:17:20	25.371409311267605	102.42247061971831	102.499992	1	0	0	0	0
2024-11-12 23:17:30	25.369391923333332	102.4635055	102.499992	1	0	0	0	0
2024-11-12 23:17:40	25.409509898550724	102.13878576811594	102.499992	1	0	0	0	0
2024-11-12 23:17:50	25.40542840980392	102.26418645098039	102.499992	1	0	0	0	0
2024-11-12 23:18:00	25.429357586440677	102.19736442372881	102.499992	1	0	0	0	0
2024-11-12 23:18:10	25.51572723529412	101.89339178431372	102.499992	1	0	0	0	0
2024-11-12 23:18:20	25.486695360000002	102.0035594	102.499992	1	0	0	0	0
2024-11-12 23:18:30	25.442542611764708	102.32898876470588	102.499992	1	0	0	0	0
2024-11-12 23:18:40	25.49497358777778	102.02481967777777	102.499992	1	0	0	0	0
2024-11-12 23:18:50	25.481300438	102.21349016	102.499992	1	0	0	0	0
2024-11-12 23:19:00	25.512763404347826	102.12022884057971	102.499992	1	0	0	0	0
2024-11-12 23:19:10	25.49394147	102.47171998	102.499992	1	0	0	0	0
2024-11-12 23:19:20	25.511858714285715	102.34439955714285	102.499992	1	0	0	0	0
2024-11-12 23:19:30	25.53631708857143	102.00493274285714	102.499992	1	0	0	0	0
2024-11-12 23:19:40	25.56871812875	102.01794070000001	102.499992	1	0	0	0	0
2024-11-12 23:19:50	25.56653801625	102.154617875	102.499992	1	0	0	0	0
2024-11-12 23:20:00	25.559742603703704	102.22326897530864	102.499992	1	0	0	0	0
2024-11-12 23:20:10	25.583990428	102.23334164	102.499992	1	0	0	0	0
2024-11-12 23:20:20	25.5623705	102.28060909523809	102.499992	1	0	0	0	0
2024-11-12 23:20:30	25.639716994	101.8863192	102.499992	1	0	0	0	0
2024-11-12 23:20:40	25.62631207391304	102.08439130434782	102.499992	1	0	0	0	0
2024-11-12 23:20:50	25.64181293142857	102.07278324285714	102.499992	1	0	0	0	0
2024-11-12 23:21:00	25.649344397468354	102.0402405443038	102.499992	1	0	0	0	0
2024-11-12 23:21:10	25.629568856	102.19145682	102.499992	1	0	0	0	0
2024-11-12 23:21:20	25.623790709859154	102.44112832394366	102.499992	1	0	0	0	0
2024-11-12 23:21:30	25.67991863	102.24889975714285	102.499992	1	0	0	0	0
2024-11-12 23:21:40	25.716054111250003	101.88326984999999	102.499992	1	0	0	0	0
2024-11-12 23:21:50	25.673962625316456	102.29518159493671	102.499992	1	0	0	0	0
2024-11-12 23:22:00	25.705706673333335	102.02865186666666	102.499992	1	0	0	0	0
2024-11-12 23:22:10	25.687278565306123	102.09682228571428	102.499992	1	0	0	0	0
2024-11-12 23:22:20	25.659485494285715	102.25859391428571	102.499992	1	0	0	0	0
2024-11-12 23:22:30	25.71933058085106	102.13687591489362	102.499992	1	0	0	0	0
2024-11-12 23:22:40	25.77255638888889	101.88885796666666	102.499992	1	0	0	0	0
2024-11-12 23:22:50	25.7485471125	102.13538905	102.499992	1	0	0	0	0
2024-11-12 23:23:00	25.789638987500002	102.02277265	102.499992	1	0	0	0	0
2024-11-12 23:23:10	25.71883742	102.3705734	102.499992	1	0	0	0	0
2024-11-12 23:23:20	25.76086949322034	102.22362649152542	102.499992	1	0	0	0	0
2024-11-12 23:23:30	25.75551692352941	102.39884963235293	102.499992	1	0	0	0	0
2024-11-12 23:23:40	25.789174783544304	102.1450163164557	102.499992	1	0	0	0	0
2024-11-12 23:23:50	25.744922426760564	102.42004069014084	102.499992	1	0	0	0	0
2024-11-12 23:24:00	25.771658857142857	102.38030807142857	102.499992	1	0	0	0	0
2024-11-12 23:24:10	25.81818338983051	102.23452257627117	102.499992	1	0	0	0	0
2024-11-12 23:24:20	25.826925826530612	102.18184246938776	102.499992	1	0	0	0	0
2024-11-12 23:24:30	25.845760157142855	102.03390757142857	102.499992	1	0	0	0	0
2024-11-12 23:24:40	25.785290330555558	102.48802345833333	102.499992	1	0	0	0	0
2024-11-12 23:24:50	25.85966715942029	101.99673462318842	102.499992	1	0	0	0	0
2024-11-12 23:25:00	25.842676834285715	102.2384107142857	102.499992	1	0	0	0	0
2024-11-12 23:25:10	25.880119106779663	102.06050577966101	102.499992	1	0	0	0	0
2024-11-12 23:25:20	25.87360787	102.17086139999999	102.499992	1	0	0	0	0
2024-11-12 23:25:30	25.8679415	102.32932595238096	102.499992	1	0	0	0	0
2024-11-12 23:25:40	25.90823450617284	102.29069140740741	102.499992	1	0	0	0	0
2024-11-12 23:25:50	25.912448925	102.22928075	102.499992	1	0	0	0	0
2024-11-12 23:26:00	25.867758180612245	102.21131112244898	102.499992	1	0	0	0	0
2024-11-12 23:26:10	25.89798933	102.20160829999999	102.499992	1	0	0	0	0
2024-11-12 23:26:20	25.941974030434782	102.42258530434782	102.499992	1	0	0	0	0
2024-11-12 23:26:30	25.90907647346939	102.34675636734694	102.499992	1	0	0	0	0
2024-11-12 23:26:40	25.931882901666665	102.16730838333334	102.499992	1	0	0	0	0
2024-11-12 23:26:50	25.959591675	102.1133188	102.499992	1	0	0	0	0
2024-11-12 23:27:00	25.96464443768116	102.1656810289855	102.499992	1	0	0	0	0
2024-11-12 23:27:10	25.953520363750002	102.3510732875	102.499992	1	0	0	0	0
2024-11-12 23:27:20	25.99935877118644	102.09306294915254	102.499992	1	0	0	0	0
2024-11-12 23:27:30	26.013951792	101.92786262	102.499992	1	0	0	0	0
2024-11-12 23:27:40	25.9920220028169	102.1085321971831	102.499992	1	0	0	0	0
2024-11-12 23:27:50	25.98326135737705	102.36485675409835	102.499992	1	0	0	0	0
2024-11-12 23:28:00	25.98767716625	102.4397852875	102.499992	1	0	0	0	0
2024-11-12 23:28:10	25.978115144285717	102.41399202857143	102.499992	1	0	0	0	0
2024-11-12 23:28:20	25.987794395	102.338191025	102.499992	1	0	0	0	0
2024-11-12 23:28:30	26.032685314285715	102.08401557142857	102.499992	1	0	0	0	0
2024-11-12 23:28:40	25.972314877142857	102.26505368571428	102.499992	1	0	0	0	0
2024-11-12 23:28:50	26.011794284	102.43034908	102.499992	1	0	0	0	0
2024-11-12 23:29:00	25.98008416455696	102.5766836329114	102.499992	1	0	0	0	0
2024-11-12 23:29:10	26.002023846835442	102.44416550632911	102.499992	1	0	0	0	0
2024-11-12 23:29:20	26.065144984507043	102.20985097183099	102.499992	1	0	0	0	0
2024-11-12 23:29:30	26.074625248	102.1838066	102.499992	1	0	0	0	0
2024-11-12 23:29:40	26.04332287721519	102.32992556962026	102.499992	1	0	0	0	0
2024-11-12 23:29:50	26.070683532	101.9526608	102.499992	1	0	0	0	0
2024-11-12 23:30:00	26.100745359493672	102.076982	102.499992	1	0	0	0	0
2024-11-12 23:30:10	26.038475054320987	102.53066560493826	102.499992	1	0	0	0	0
2024-11-12 23:30:20	26.049124433333333	102.4622672	102.499992	1	0	0	0	0
2024-11-12 23:30:30	26.05146485106383	102.18792412765957	102.499992	1	0	0	0	0
2024-11-12 23:30:40	26.091067518333332	102.19302963333334	102.499992	1	0	0	0	0
2024-11-12 23:30:50	26.095839384745762	102.30102242372882	102.499992	1	0	0	0	0
2024-11-12 23:31:00	26.105233479310346	102.26651724137932	102.499992	1	0	0	0	0
2024-11-12 23:31:10	26.080551225	102.46225375	102.499992	1	0	0	0	0
2024-11-12 23:31:20	26.086013333333334	102.40482066666667	102.499992	1	0	0	0	0
2024-11-12 23:31:30	26.087341053750002	102.5909776875	102.499992	1	0	0	0	0
2024-11-12 23:31:40	26.106602508571427	102.39258605714285	102.499992	1	0	0	0	0
2024-11-12 23:31:50	26.064271512	102.79884036	102.499992	1	0	0	0	0
2024-11-12 23:32:00	26.10004164347826	102.52618850724637	102.499992	1	0	0	0	0
2024-11-12 23:32:10	26.08092794857143	102.5608988857143	102.499992	1	0	0	0	0
2024-11-12 23:32:20	26.10519441851852	102.41696603703704	102.499992	1	0	0	0	0
2024-11-12 23:32:30	26.1316475	102.1739746	102.499992	1	0	0	0	0
2024-11-12 23:32:40	26.085111986666668	102.51028943333334	102.499992	1	0	0	0	0
2024-11-12 23:32:50	26.057515152	102.66492192	102.499992	1	0	0	0	0
2024-11-12 23:33:00	26.05557240285714	102.64564265714286	102.499992	1	0	0	0	0
2024-11-12 23:33:10	26.04547818	102.63169674285714	102.499992	1	0	0	0	0
2024-11-12 23:33:20	25.995919779999998	102.99248794285714	102.499992	1	0	0	0	0
2024-11-12 23:33:30	25.986616950819673	102.90649755737705	102.499992	1	0	0	0	0
2024-11-12 23:33:40	25.952586264705882	102.94375529411765	102.499992	1	0	0	0	0
2024-11-12 23:33:50	25.98222356	102.78150884	102.499992	1	0	0	0	0
2024-11-12 23:34:00	25.990118030434783	102.53504113043479	102.499992	1	0	0	0	0
2024-11-12 23:34:10	25.923930026666667	103.22204826666668	102.499992	1	0	0	0	0
2024-11-12 23:34:20	25.95555007857143	102.7049965	102.499992	1	0	0	0	0
2024-11-12 23:34:30	25.956634839215685	102.733446	102.499992	1	0	0	0	0
2024-11-12 23:34:40	25.86569966	103.18522750000001	102.499992	1	0	0	0	0
2024-11-12 23:34:50	25.914387	102.852046	102.499992	1	0	0	0	0
2024-11-12 23:35:00	25.89892625737705	102.79876886885246	102.499992	1	0	0	0	0
2024-11-12 23:35:10	25.86657785	103.05461605	102.499992	1	0	0	0	0
2024-11-12 23:35:20	25.87564008	103.0592586	102.499992	1	0	0	0	0
2024-11-12 23:35:30	25.893913888333334	102.69543988333334	102.499992	1	0	0	0	0
2024-11-12 23:35:40	25.8781601425	102.80029423750001	102.499992	1	0	0	0	0
2024-11-12 23:35:50	25.867150889999998	102.81835855	102.499992	1	0	0	0	0
2024-11-12 23:36:00	25.825109571830986	102.94100780281691	102.499992	1	0	0	0	0
2024-11-12 23:36:10	25.804498562	103.0809526	102.499992	1	0	0	0	0
2024-11-12 23:36:20	25.831592847826087	102.75156891304349	102.499992	1	0	0	0	0
2024-11-12 23:36:30	25.86764319	102.5048784	102.499992	1	0	0	0	0
2024-11-12 23:36:40	25.7824657475	102.84050768750001	102.499992	1	0	0	0	0
2024-11-12 23:36:50	25.74925738	103.12593085	102.499992	1	0	0	0	0
2024-11-12 23:37:00	25.7563868	102.99946579310345	102.499992	1	0	0	0	0
2024-11-12 23:37:10	25.778022682352944	102.82081482352942	102.499992	1	0	0	0	0
2024-11-12 23:37:20	25.761714865822785	102.81923969620253	102.499992	1	0	0	0	0
2024-11-12 23:37:30	25.765010175	102.81506803333333	102.499992	1	0	0	0	0
2024-11-12 23:37:40	25.799780260674158	102.51721750561798	102.499992	1	0	0	0	0
2024-11-12 23:37:50	25.76578347586207	102.72169403448277	102.499992	1	0	0	0	0
2024-11-12 23:38:00	25.732571019999998	103.0823109	102.499992	1	0	0	0	0
2024-11-12 23:38:10	25.713369678	102.7805635	102.499992	1	0	0	0	0
2024-11-12 23:38:20	25.67723351304348	102.90531147826087	102.499992	1	0	0	0	0
2024-11-12 23:38:30	25.712096992000003	103.03759407999999	102.499992	1	0	0	0	0
2024-11-12 23:38:40	25.71837994074074	102.72498222222222	102.499992	1	0	0	0	0
2024-11-12 23:38:50	25.725612682	102.69162134	102.499992	1	0	0	0	0
2024-11-12 23:39:00	25.685961062	102.81838780000001	102.499992	1	0	0	0	0
2024-11-12 23:39:10	25.667305198	102.83993066000001	102.499992	1	0	0	0	0
2024-11-12 23:39:20	25.693521955056177	102.65192876404495	102.499992	1	0	0	0	0
2024-11-12 23:39:30	25.661260709859153	102.85629430985915	102.499992	1	0	0	0	0
2024-11-12 23:39:40	25.648371091525423	102.84184772881356	102.499992	1	0	0	0	0
2024-11-12 23:39:50	25.633240808	102.76387176	102.499992	1	0	0	0	0
2024-11-12 23:40:00	25.578062050704226	103.10627040845071	102.499992	1	0	0	0	0
2024-11-12 23:40:10	25.592145628	102.89116557999999	102.499992	1	0	0	0	0
2024-11-12 23:40:20	25.58516535409836	102.89828895081968	102.499992	1	0	0	0	0
2024-11-12 23:40:30	25.58470790166667	103.02678955	102.499992	1	0	0	0	0
2024-11-12 23:40:40	25.550262706329114	102.94254030379747	102.499992	1	0	0	0	0
2024-11-12 23:40:50	25.550483537288137	102.90609259322035	102.499992	1	0	0	0	0
2024-11-12 23:41:00	25.524671853846154	102.96604561538462	102.499992	1	0	0	0	0
2024-11-12 23:41:10	25.523042508474575	102.91793735593221	102.499992	1	0	0	0	0
2024-11-12 23:41:20	25.533477261971832	102.75455436619718	102.499992	1	0	0	0	0
2024-11-12 23:41:30	25.532496428333335	102.74064603333333	102.499992	1	0	0	0	0
2024-11-12 23:41:40	25.48358417125	102.935302025	102.499992	1	0	0	0	0
2024-11-12 23:41:50	25.498670495774647	102.74229976056338	102.499992	1	0	0	0	0
2024-11-12 23:42:00	25.51746636811594	102.5850999710145	102.499992	1	0	0	0	0
2024-11-12 23:42:10	25.516085615	102.80671339999999	102.499992	1	0	0	0	0
2024-11-12 23:42:20	25.498130074	102.66801422	102.499992	1	0	0	0	0
2024-11-12 23:42:30	25.49365179361702	102.7569865106383	102.499992	1	0	0	0	0
2024-11-12 23:42:40	25.429532458888886	103.06116208888889	102.499992	1	0	0	0	0
2024-11-12 23:42:50	25.43160268450704	102.94077505633803	102.499992	1	0	0	0	0
2024-11-12 23:43:00	25.46085622758621	102.67143706896552	102.499992	1	0	0	0	0
2024-11-12 23:43:10	25.395503206666664	102.9423568	102.499992	1	0	0	0	0
2024-11-12 23:43:20	25.4662215	102.51675433333334	102.499992	1	0	0	0	0
2024-11-12 23:43:30	25.415860139344264	102.8018925737705	102.499992	1	0	0	0	0
2024-11-12 23:43:40	25.404022244444445	102.74031044444445	102.499992	1	0	0	0	0
2024-11-12 23:43:50	25.40743414262295	102.86864940983607	102.499992	1	0	0	0	0
2024-11-12 23:44:00	25.35161902162162	102.98489883783785	102.499992	1	0	0	0	0
2024-11-12 23:44:10	25.320083218461537	103.02665123076923	102.499992	1	0	0	0	0
2024-11-12 23:44:20	25.355453568	102.93377072	102.499992	1	0	0	0	0
2024-11-12 23:44:30	25.311616508163265	103.00029765306122	102.499992	1	0	0	0	0
2024-11-12 23:44:40	25.321937814285715	103.02120571428571	102.499992	1	0	0	0	0
2024-11-12 23:44:50	25.323201885	102.85999545	102.499992	1	0	0	0	0
2024-11-12 23:45:00	25.308160221518985	102.87020316455697	102.499992	1	0	0	0	0
2024-11-12 23:45:10	25.32031205084746	102.6519279661017	102.499992	1	0	0	0	0
2024-11-12 23:45:20	25.303497099999998	102.65935590000001	102.499992	1	0	0	0	0
2024-11-12 23:45:30	25.216757346938778	103.0034402244898	102.499992	1	0	0	0	0
2024-11-12 23:45:40	25.2395586	102.9352951	102.499992	1	0	0	0	0
2024-11-12 23:45:50	25.261638103333333	102.64697285	102.499992	1	0	0	0	0
2024-11-12 23:46:00	25.23741517752809	102.73953914606741	102.499992	1	0	0	0	0
2024-11-12 23:46:10	25.207870705882353	102.87572547058824	102.499992	1	0	0	0	0
2024-11-12 23:46:20	25.210545798	102.77406031999999	102.499992	1	0	0	0	0
2024-11-12 23:46:30	25.171155191836736	102.91371648979592	102.499992	1	0	0	0	0
2024-11-12 23:46:40	25.159451060759494	103.2448764556962	102.499992	1	0	0	0	0
2024-11-12 23:46:50	25.104126180327867	103.127718	102.499992	1	0	0	0	0
2024-11-12 23:47:00	25.14419393	102.9276481375	102.499992	1	0	0	0	0
2024-11-12 23:47:10	25.13838120204082	102.77254128571428	102.499992	1	0	0	0	0
2024-11-12 23:47:20	25.12612262	102.808707	102.499992	1	0	0	0	0
2024-11-12 23:47:30	25.134080976	102.70457064	102.499992	1	0	0	0	0
2024-11-12 23:47:40	25.103394557377047	102.95794542622951	102.499992	1	0	0	0	0
2024-11-12 23:47:50	25.03948249710145	103.25462624637682	102.499992	1	0	0	0	0
2024-11-12 23:48:00	25.082370188888888	102.71168477777778	102.499992	1	0	0	0	0
2024-11-12 23:48:10	25.063129838571427	102.82685311428571	102.499992	1	0	0	0	0
2024-11-12 23:48:20	25.04732927142857	102.85982904761904	102.499992	1	0	0	0	0
2024-11-12 23:48:30	25.049143548	102.82752805999999	102.499992	1	0	0	0	0
2024-11-12 23:48:40	25.08564652881356	102.91914183050848	102.499992	1	0	0	0	0
2024-11-12 23:48:50	25.033037002857142	102.82749308571428	102.499992	1	0	0	0	0
2024-11-12 23:49:00	25.02321450625	102.81225859999999	102.499992	1	0	0	0	0
2024-11-12 23:49:10	24.986843311594203	102.97585585507247	102.499992	1	0	0	0	0
2024-11-12 23:49:20	24.949921408450702	103.15419501408451	102.499992	1	0	0	0	0
2024-11-12 23:49:30	24.934006920408162	103.09758281632652	102.499992	1	0	0	0	0
2024-11-12 23:49:40	24.976807453846156	102.83592196153846	102.499992	1	0	0	0	0
2024-11-12 23:49:50	24.930930065000002	102.804871	102.499992	1	0	0	0	0
2024-11-12 23:50:00	24.972177622222222	102.67679562962962	102.499992	1	0	0	0	0
2024-11-12 23:50:10	24.95775136	102.8221773	102.499992	1	0	0	0	0
2024-11-12 23:50:20	24.93500675254237	102.83951079661017	102.499992	1	0	0	0	0
2024-11-12 23:50:30	24.942750791836733	102.64508208163265	102.499992	1	0	0	0	0
2024-11-12 23:50:40	24.939565005	102.68992696666666	102.499992	1	0	0	0	0
2024-11-12 23:50:50	24.83152414918033	103.25833462295081	102.499992	1	0	0	0	0
2024-11-12 23:51:00	24.855115283333333	102.99870163333334	102.499992	1	0	0	0	0
2024-11-12 23:51:10	24.84581559577465	102.98422801408451	102.499992	1	0	0	0	0
2024-11-12 23:51:20	24.847706544444446	102.90717455555556	102.499992	1	0	0	0	0
2024-11-12 23:51:30	24.807779591836734	102.78839173469387	102.499992	1	0	0	0	0
2024-11-12 23:51:40	24.842569663333332	102.96842816666667	102.499992	1	0	0	0	0
2024-11-12 23:51:50	24.835345942	102.76134277999999	102.499992	1	0	0	0	0
2024-11-12 23:52:00	24.87031732151899	102.55515839240506	102.499992	1	0	0	0	0
2024-11-12 23:52:10	24.836278342372882	102.72937649152543	102.499992	1	0	0	0	0
2024-11-12 23:52:20	24.805564055072463	102.85085539130435	102.499992	1	0	0	0	0
2024-11-12 23:52:30	24.762844766666667	102.85820266666667	102.499992	1	0	0	0	0
2024-11-12 23:52:40	24.76380867	102.91820893333333	102.499992	1	0	0	0	0
2024-11-12 23:52:50	24.77069638292683	102.63033865853659	102.499992	1	0	0	0	0
2024-11-12 23:53:00	24.745622236263735	102.98362482417582	102.499992	1	0	0	0	0
2024-11-12 23:53:10	24.722045785714286	102.95907671428571	102.499992	1	0	0	0	0
2024-11-12 23:53:20	24.725903197560978	102.89446887804878	102.499992	1	0	0	0	0
2024-11-12 23:53:30	24.713310163934427	102.8639181147541	102.499992	1	0	0	0	0
2024-11-12 23:53:40	24.724680828333334	102.74945285	102.499992	1	0	0	0	0
2024-11-12 23:53:50	24.688950605882354	102.88207047058825	102.499992	1	0	0	0	0
2024-11-12 23:54:00	24.62784736	103.03580975714286	102.499992	1	0	0	0	0
2024-11-12 23:54:10	24.609386194202898	103.0700084057971	102.499992	1	0	0	0	0
2024-11-12 23:54:20	24.62521315	102.85512457142856	102.499992	1	0	0	0	0
2024-11-12 23:54:30	24.645100718000002	103.02222692000001	102.499992	1	0	0	0	0
2024-11-12 23:54:40	24.626044342857142	102.76105037142857	102.499992	1	0	0	0	0
2024-11-12 23:54:50	24.62557094489796	102.97660391836735	102.499992	1	0	0	0	0
2024-11-12 23:55:00	24.632221037974684	102.70957855696203	102.499992	1	0	0	0	0
2024-11-12 23:55:10	24.619908311392404	102.76209560759493	102.499992	1	0	0	0	0
2024-11-12 23:55:20	24.645650408450706	102.75929449295774	102.499992	1	0	0	0	0
2024-11-12 23:55:30	24.602359971428573	102.72180385714286	102.499992	1	0	0	0	0
2024-11-12 23:55:40	24.541067205	102.97445805000001	102.499992	1	0	0	0	0
2024-11-12 23:55:50	24.53937917966102	103.01695154237288	102.499992	1	0	0	0	0
2024-11-12 23:56:00	24.49089808395062	103.23272243209877	102.499992	1	0	0	0	0
2024-11-12 23:56:10	24.515414752173914	103.02529565217391	102.499992	1	0	0	0	0
2024-11-12 23:56:20	24.547375153658535	102.83062395121951	102.499992	1	0	0	0	0
2024-11-12 23:56:30	24.49406431016949	103.104139	102.499992	1	0	0	0	0
2024-11-12 23:56:40	24.515431834782607	102.76422379710145	102.499992	1	0	0	0	0
2024-11-12 23:56:50	24.50179529180328	102.80025078688524	102.499992	1	0	0	0	0
2024-11-12 23:57:00	24.4453621	103.0940966	102.499992	1	0	0	0	0
2024-11-12 23:57:10	24.464003379999998	102.88966991428572	102.499992	1	0	0	0	0
2024-11-12 23:57:20	24.440101416250002	102.9833070625	102.499992	1	0	0	0	0
2024-11-12 23:57:30	24.48249311111111	102.64404758024692	102.499992	1	0	0	0	0
2024-11-12 23:57:40	24.405878535	102.9922750625	102.499992	1	0	0	0	0
2024-11-12 23:57:50	24.404274153846153	102.91333675	102.499992	1	0	0	0	0
2024-11-12 23:58:00	24.404687483050846	102.87935655932203	102.499992	1	0	0	0	0
2024-11-12 23:58:10	24.4936453525	102.6065999125	102.499992	1	0	0	0	0
2024-11-12 23:58:20	24.410790456338027	102.83646769014084	102.499992	1	0	0	0	0
2024-11-12 23:58:30	24.391578488333334	102.71173825	102.499992	1	0	0	0	0
2024-11-12 23:58:40	24.378286405063292	102.86004101265823	102.499992	1	0	0	0	0
2024-11-12 23:58:50	24.408455019512193	102.56045292682927	102.499992	1	0	0	0	0
2024-11-12 23:59:00	24.35095823	102.929545325	102.499992	1	0	0	0	0
2024-11-12 23:59:10	24.331788664	102.71533448	102.499992	1	0	0	0	0
2024-11-12 23:59:20	24.368066739506173	102.68050933333333	102.499992	1	0	0	0	0
2024-11-12 23:59:30	24.36035380857143	102.9384357	102.499992	1	0	0	0	0
2024-11-12 23:59:40	24.287350907692307	103.07160223076923	102.499992	1	0	0	0	0
2024-11-12 23:59:50	24.315740656000003	102.95302372	102.499992	1	0	0	0	0
2024-11-13 00:00:00	24.313096804918032	102.94557429508197	102.499992	1	0	0	0	0
