PROCESSDATA	2411FIC20102 Data	yyyy-MM-dd HH:mm:ss
8	10	2024-11-06 21:55:00	751
tagname	2411FIC20102.MV	2411FIC20102.PV	2411FIC20102.SV	2411FIC20102.MODE	bOpOFL	bPvOFL	bSpOFL	bAutOFL
desc	回炼油返塔_OP	回炼油返塔_PV	回炼油返塔_SP	Aut	bOpOFL	bPvOFL	bSpOFL	bAutOFL
fsMax=1.8483930816721301	fsMin=0	fsGridNum=10	fdMax=1.8483930816721301tfdMin=0	fdGridNum=10	v0GridNum=10	L=24
2024-11-06 21:55:00	24.41915531	99.7654814	99.90006	1	0	0	0	0
2024-11-06 21:55:10	24.41605900125	99.734355425	99.90006	1	0	0	0	0
2024-11-06 21:55:20	24.29537695142857	100.34603447142857	99.90006	1	0	0	0	0
2024-11-06 21:55:30	24.369049191666665	99.93696809999999	99.90006	1	0	0	0	0
2024-11-06 21:55:40	24.379779092307693	99.76309184615386	99.90006	1	0	0	0	0
2024-11-06 21:55:50	24.34046674102564	100.09874098717948	99.90006	1	0	0	0	0
2024-11-06 21:56:00	24.39529954	99.72209474	99.90006	1	0	0	0	0
2024-11-06 21:56:10	24.400236998630135	99.76554880410959	99.90006	1	0	0	0	0
2024-11-06 21:56:20	24.419970519444444	99.67197319444445	99.90006	1	0	0	0	0
2024-11-06 21:56:30	24.42067349	99.756785685	99.90006	1	0	0	0	0
2024-11-06 21:56:40	24.332431009756096	100.15781341463415	99.90006	1	0	0	0	0
2024-11-06 21:56:50	24.440978666666666	99.79520333333333	99.90006	1	0	0	0	0
2024-11-06 21:57:00	24.386495123880596	99.94552702985075	99.90006	1	0	0	0	0
2024-11-06 21:57:10	24.34461065915493	100.21148267605635	99.90006	1	0	0	0	0
2024-11-06 21:57:20	24.368089520588235	99.89870529411765	99.90006	1	0	0	0	0
2024-11-06 21:57:30	24.322228332876712	100.1891689041096	99.90006	1	0	0	0	0
2024-11-06 21:57:40	24.331738794117648	100.22155905882353	99.90006	1	0	0	0	0
2024-11-06 21:57:50	24.369886532203388	99.9659490677966	99.90006	1	0	0	0	0
2024-11-06 21:58:00	24.383354	99.83475157534247	99.90006	1	0	0	0	0
2024-11-06 21:58:10	24.40571853090909	99.68962745454546	99.90006	1	0	0	0	0
2024-11-06 21:58:20	24.383270364556964	99.82933658227849	99.90006	1	0	0	0	0
2024-11-06 21:58:30	24.363786925490196	99.97766294117646	99.90006	1	0	0	0	0
2024-11-06 21:58:40	24.398952605	99.665821	99.90006	1	0	0	0	0
2024-11-06 21:58:50	24.3199577	100.258331	99.90006	1	0	0	0	0
2024-11-06 21:59:00	24.34139660506329	99.89103240506329	99.90006	1	0	0	0	0
2024-11-06 21:59:10	24.341553876190478	100.06530606349206	99.90006	1	0	0	0	0
2024-11-06 21:59:20	24.380378675	99.86585118333333	99.90006	1	0	0	0	0
2024-11-06 21:59:30	24.31922575652174	100.00796795652174	99.90006	1	0	0	0	0
2024-11-06 21:59:40	24.308092900000002	100.06492999999999	99.90006	1	0	0	0	0
2024-11-06 21:59:50	24.368053564516128	100.01634096774194	99.90006	1	0	0	0	0
2024-11-06 22:00:00	24.340728498	99.963556152	99.90006	1	0	0	0	0
2024-11-06 22:00:10	24.306683909859153	100.13503443661972	99.90006	1	0	0	0	0
2024-11-06 22:00:20	24.33011212	99.946390875	99.90006	1	0	0	0	0
2024-11-06 22:00:30	24.3696205	99.855176375	99.90006	1	0	0	0	0
2024-11-06 22:00:40	24.38340073018868	99.70802642075472	99.90006	1	0	0	0	0
2024-11-06 22:00:50	24.337566823809524	99.99660952380952	99.90006	1	0	0	0	0
2024-11-06 22:01:00	24.31844929375	100.104435125	99.90006	1	0	0	0	0
2024-11-06 22:01:10	24.33701856119403	99.9526907761194	99.90006	1	0	0	0	0
2024-11-06 22:01:20	24.327734788732393	99.96847152112676	99.90006	1	0	0	0	0
2024-11-06 22:01:30	24.34312189	99.89333189999999	99.90006	1	0	0	0	0
2024-11-06 22:01:40	24.3214151625	100.07230812499999	99.90006	1	0	0	0	0
2024-11-06 22:01:50	24.315322899999998	99.87552933333333	99.90006	1	0	0	0	0
2024-11-06 22:02:00	24.32070840833333	100.01203598611112	99.90006	1	0	0	0	0
2024-11-06 22:02:10	24.331253177966104	99.98901586440678	99.90006	1	0	0	0	0
2024-11-06 22:02:20	24.30431780617284	100.06082172839506	99.90006	1	0	0	0	0
2024-11-06 22:02:30	24.331843995652175	99.85739260869565	99.90006	1	0	0	0	0
2024-11-06 22:02:40	24.312141375	99.975301625	99.90006	1	0	0	0	0
2024-11-06 22:02:50	24.31288778292683	99.98657902439024	99.90006	1	0	0	0	0
2024-11-06 22:03:00	24.350465956451615	99.75231346774193	99.90006	1	0	0	0	0
2024-11-06 22:03:10	24.32207443	99.953063232	99.90006	1	0	0	0	0
2024-11-06 22:03:20	24.338721625714285	100.06308641428572	99.90006	1	0	0	0	0
2024-11-06 22:03:30	24.308511553623187	100.07241688405797	99.90006	1	0	0	0	0
2024-11-06 22:03:40	24.300983477499997	100.0812520875	99.90006	1	0	0	0	0
2024-11-06 22:03:50	24.322337226666665	100.04228068333335	99.90006	1	0	0	0	0
2024-11-06 22:04:00	24.323766958620688	99.9006545724138	99.90006	1	0	0	0	0
2024-11-06 22:04:10	24.3035374	100.2596	99.90006	1	0	0	0	0
2024-11-06 22:04:20	24.338076124999997	99.848556885	99.90006	1	0	0	0	0
2024-11-06 22:04:30	24.349826946835446	99.85981513924051	99.90006	1	0	0	0	0
2024-11-06 22:04:40	24.324375141666668	100.0671605	99.90006	1	0	0	0	0
2024-11-06 22:04:50	24.248339414285713	100.33005985714286	99.90006	1	0	0	0	0
2024-11-06 22:05:00	24.293837515789473	99.89959842105263	99.90006	1	0	0	0	0
2024-11-06 22:05:10	24.31933332075472	99.90149018867925	99.90006	1	0	0	0	0
2024-11-06 22:05:20	24.30820824637681	99.92916305797101	99.90006	1	0	0	0	0
2024-11-06 22:05:30	24.307736014492754	100.02939296811594	99.90006	1	0	0	0	0
2024-11-06 22:05:40	24.28892793375	100.0374649	99.90006	1	0	0	0	0
2024-11-06 22:05:50	24.3014223	99.93608670886076	99.90006	1	0	0	0	0
2024-11-06 22:06:00	24.262424025641025	100.12207415384614	99.90006	1	0	0	0	0
2024-11-06 22:06:10	24.300904108196722	99.79693868852459	99.90006	1	0	0	0	0
2024-11-06 22:06:20	24.30417339322034	99.88123228813559	99.90006	1	0	0	0	0
2024-11-06 22:06:30	24.339802202857143	99.87979456000001	99.90006	1	0	0	0	0
2024-11-06 22:06:40	24.284233675342467	100.01403961643835	99.90006	1	0	0	0	0
2024-11-06 22:06:50	24.32764322285714	99.66686218857143	99.90006	1	0	0	0	0
2024-11-06 22:07:00	24.380133682	99.867217864	99.90006	1	0	0	0	0
2024-11-06 22:07:10	24.29964842	100.021852376	99.90006	1	0	0	0	0
2024-11-06 22:07:20	24.312676594936708	100.11009779746836	99.90006	1	0	0	0	0
2024-11-06 22:07:30	24.32413904	99.78682446	99.90006	1	0	0	0	0
2024-11-06 22:07:40	24.31388365	100.078159425	99.90006	1	0	0	0	0
2024-11-06 22:07:50	24.306762208571428	99.84534932285715	99.90006	1	0	0	0	0
2024-11-06 22:08:00	24.2872661308642	99.84687237160493	99.90006	1	0	0	0	0
2024-11-06 22:08:10	24.29365196470588	99.94635487647058	99.90006	1	0	0	0	0
2024-11-06 22:08:20	24.312210506557378	99.76717803278687	99.90006	1	0	0	0	0
2024-11-06 22:08:30	24.31111667875	99.956444625	99.90006	1	0	0	0	0
2024-11-06 22:08:40	24.32087741875	99.732872875	99.90006	1	0	0	0	0
2024-11-06 22:08:50	24.31117472745098	99.80070470588235	99.90006	1	0	0	0	0
2024-11-06 22:09:00	24.32833806857143	100.01411302285715	99.90006	1	0	0	0	0
2024-11-06 22:09:10	24.306925874285714	100.04356652	99.90006	1	0	0	0	0
2024-11-06 22:09:20	24.292980325	99.79133337500001	99.90006	1	0	0	0	0
2024-11-06 22:09:30	24.27575206	100.019148	99.90006	1	0	0	0	0
2024-11-06 22:09:40	24.31074635	99.76496791666666	99.90006	1	0	0	0	0
2024-11-06 22:09:50	24.28102188405797	100.0314559710145	99.90006	1	0	0	0	0
2024-11-06 22:10:00	24.281162443037974	99.89000646835443	99.90006	1	0	0	0	0
2024-11-06 22:10:10	24.254160564	100.13139282799999	99.90006	1	0	0	0	0
2024-11-06 22:10:20	24.3133036425	99.70014950000001	99.90006	1	0	0	0	0
2024-11-06 22:10:30	24.33005824285714	99.63522714285715	99.90006	1	0	0	0	0
2024-11-06 22:10:40	24.276293734146343	100.10515653658537	99.90006	1	0	0	0	0
2024-11-06 22:10:50	24.269295109999998	100.012190598	99.90006	1	0	0	0	0
2024-11-06 22:11:00	24.29894437887324	99.97213929577465	99.90006	1	0	0	0	0
2024-11-06 22:11:10	24.286208892753624	100.19456086956522	99.90006	1	0	0	0	0
2024-11-06 22:11:20	24.309093959183674	99.87440469387755	99.90006	1	0	0	0	0
2024-11-06 22:11:30	24.29323258813559	99.92262489830509	99.90006	1	0	0	0	0
2024-11-06 22:11:40	24.25981641851852	99.8989384074074	99.90006	1	0	0	0	0
2024-11-06 22:11:50	24.25567797571429	100.11041748571428	99.90006	1	0	0	0	0
2024-11-06 22:12:00	24.308903943820226	99.79473191011236	99.90006	1	0	0	0	0
2024-11-06 22:12:10	24.271022106666667	99.78447016666667	99.90006	1	0	0	0	0
2024-11-06 22:12:20	24.26382445	100.0394255	99.90006	1	0	0	0	0
2024-11-06 22:12:30	24.349575896296297	99.80408296296297	99.90006	1	0	0	0	0
2024-11-06 22:12:40	24.29113496835443	99.98683402531645	99.90006	1	0	0	0	0
2024-11-06 22:12:50	24.278039762	100.0444287	99.90006	1	0	0	0	0
2024-11-06 22:13:00	24.301570044303798	99.83808569620253	99.90006	1	0	0	0	0
2024-11-06 22:13:10	24.262222976470586	100.00408374705881	99.90006	1	0	0	0	0
2024-11-06 22:13:20	24.27568135072464	99.90752072463768	99.90006	1	0	0	0	0
2024-11-06 22:13:30	24.222761562711863	100.30653189830508	99.90006	1	0	0	0	0
2024-11-06 22:13:40	24.30322993	99.74635272571429	99.90006	1	0	0	0	0
2024-11-06 22:13:50	24.322835986250002	99.57326978875	99.90006	1	0	0	0	0
2024-11-06 22:14:00	24.328211143333334	99.89661083333333	99.90006	1	0	0	0	0
2024-11-06 22:14:10	24.27692863114754	100.08814131147541	99.90006	1	0	0	0	0
2024-11-06 22:14:20	24.28069828	99.960469	99.90006	1	0	0	0	0
2024-11-06 22:14:30	24.228664680555557	100.06228288888889	99.90006	1	0	0	0	0
2024-11-06 22:14:40	24.304412677966102	99.71670718644067	99.90006	1	0	0	0	0
2024-11-06 22:14:50	24.26956239607843	99.98658	99.90006	1	0	0	0	0
2024-11-06 22:15:00	24.250057606666665	100.08705206666667	99.90006	1	0	0	0	0
2024-11-06 22:15:10	24.294638884313724	99.80148784313725	99.90006	1	0	0	0	0
2024-11-06 22:15:20	24.31656351016949	99.61694423728814	99.90006	1	0	0	0	0
2024-11-06 22:15:30	24.287032739436622	99.80091535211267	99.90006	1	0	0	0	0
2024-11-06 22:15:40	24.249022814	100.08489692	99.90006	1	0	0	0	0
2024-11-06 22:15:50	24.256119237037037	100.02819592592593	99.90006	1	0	0	0	0
2024-11-06 22:16:00	24.263627268571426	100.13339564285715	99.90006	1	0	0	0	0
2024-11-06 22:16:10	24.274643205	100.1843644375	99.90006	1	0	0	0	0
2024-11-06 22:16:20	24.23420283898305	100.22040842372881	99.90006	1	0	0	0	0
2024-11-06 22:16:30	24.2984676	99.65174	99.90006	1	0	0	0	0
2024-11-06 22:16:40	24.288349882352943	99.79616338235294	99.90006	1	0	0	0	0
2024-11-06 22:16:50	24.2556082	100.1323638	99.90006	1	0	0	0	0
2024-11-06 22:17:00	24.247542932394367	100.13757995774648	99.90006	1	0	0	0	0
2024-11-06 22:17:10	24.26271867303371	100.05315073033708	99.90006	1	0	0	0	0
2024-11-06 22:17:20	24.27401301176471	99.80255607843137	99.90006	1	0	0	0	0
2024-11-06 22:17:30	24.264338248	99.9599532	99.90006	1	0	0	0	0
2024-11-06 22:17:40	24.314894587341772	99.52455725316456	99.90006	1	0	0	0	0
2024-11-06 22:17:50	24.284053690140844	99.82582498873239	99.90006	1	0	0	0	0
2024-11-06 22:18:00	24.301905721249998	99.8311781375	99.90006	1	0	0	0	0
2024-11-06 22:18:10	24.25433117341772	100.20576355696203	99.90006	1	0	0	0	0
2024-11-06 22:18:20	24.286882711764704	99.88420170588236	99.90006	1	0	0	0	0
2024-11-06 22:18:30	24.276439775	99.88949075	99.90006	1	0	0	0	0
2024-11-06 22:18:40	24.283592162745098	99.9151545882353	99.90006	1	0	0	0	0
2024-11-06 22:18:50	24.278956235294118	99.46876039411765	99.90006	1	0	0	0	0
2024-11-06 22:19:00	24.23688365949367	99.9711711392405	99.90006	1	0	0	0	0
2024-11-06 22:19:10	24.291261394285716	99.85576885714285	99.90006	1	0	0	0	0
2024-11-06 22:19:20	24.324269805714284	99.73782257142857	99.90006	1	0	0	0	0
2024-11-06 22:19:30	24.314737984	99.97390104	99.90006	1	0	0	0	0
2024-11-06 22:19:40	24.297457424285714	99.90304157142857	99.90006	1	0	0	0	0
2024-11-06 22:19:50	24.277213450847455	99.82512881355933	99.90006	1	0	0	0	0
2024-11-06 22:20:00	24.314016518987344	99.68969088607595	99.90006	1	0	0	0	0
2024-11-06 22:20:10	24.273826474285713	99.93453268571429	99.90006	1	0	0	0	0
2024-11-06 22:20:20	24.277678762500003	99.947155275	99.90006	1	0	0	0	0
2024-11-06 22:20:30	24.28105353265306	99.79270266530612	99.90006	1	0	0	0	0
2024-11-06 22:20:40	24.343039463380283	99.44483607605633	99.90006	1	0	0	0	0
2024-11-06 22:20:50	24.259559462	100.09986112	99.90006	1	0	0	0	0
2024-11-06 22:21:00	24.304581560869565	99.87785652173913	99.90006	1	0	0	0	0
2024-11-06 22:21:10	24.310644176666667	99.76253995166667	99.90006	1	0	0	0	0
2024-11-06 22:21:20	24.24659518630137	100.18940187671232	99.90006	1	0	0	0	0
2024-11-06 22:21:30	24.289384746938776	99.8195059877551	99.90006	1	0	0	0	0
2024-11-06 22:21:40	24.240162979487177	100.08500205128206	99.90006	1	0	0	0	0
2024-11-06 22:21:50	24.259149946666668	100.23030290666667	99.90006	1	0	0	0	0
2024-11-06 22:22:00	24.249079915555555	100.02517106666666	99.90006	1	0	0	0	0
2024-11-06 22:22:10	24.266921924590164	99.9927138557377	99.90006	1	0	0	0	0
2024-11-06 22:22:20	24.2163172525	100.2403563875	99.90006	1	0	0	0	0
2024-11-06 22:22:30	24.284677455932204	99.80932372881357	99.90006	1	0	0	0	0
2024-11-06 22:22:40	24.29285296333333	99.93856421666666	99.90006	1	0	0	0	0
2024-11-06 22:22:50	24.298835402	99.723716822	99.90006	1	0	0	0	0
2024-11-06 22:23:00	24.24817588	100.04581166666667	99.90006	1	0	0	0	0
2024-11-06 22:23:10	24.2543232	100.049829625	99.90006	1	0	0	0	0
2024-11-06 22:23:20	24.2901785	99.75742685714286	99.90006	1	0	0	0	0
2024-11-06 22:23:30	24.199326308474575	100.31530493220339	99.90006	1	0	0	0	0
2024-11-06 22:23:40	24.237202863291138	99.96288405063291	99.90006	1	0	0	0	0
2024-11-06 22:23:50	24.267009449152543	99.85782677966102	99.90006	1	0	0	0	0
2024-11-06 22:24:00	24.22363502	100.0033394	99.90006	1	0	0	0	0
2024-11-06 22:24:10	24.27098922222222	99.86394750864197	99.90006	1	0	0	0	0
2024-11-06 22:24:20	24.293626975000002	99.70165237875	99.90006	1	0	0	0	0
2024-11-06 22:24:30	24.26779327857143	99.89490466714285	99.90006	1	0	0	0	0
2024-11-06 22:24:40	24.187478	100.14979615384615	99.90006	1	0	0	0	0
2024-11-06 22:24:50	24.152208566	100.52991618	99.90006	1	0	0	0	0
2024-11-06 22:25:00	24.23770713	99.97380100000001	99.90006	1	0	0	0	0
2024-11-06 22:25:10	24.27204961	99.74492033333333	99.90006	1	0	0	0	0
2024-11-06 22:25:20	24.25988827125	100.12720985	99.90006	1	0	0	0	0
2024-11-06 22:25:30	24.276264511666668	99.93867466666666	99.90006	1	0	0	0	0
2024-11-06 22:25:40	24.214337563380283	100.17830721126761	99.90006	1	0	0	0	0
2024-11-06 22:25:50	24.266221643137253	99.82959073333333	99.90006	1	0	0	0	0
2024-11-06 22:26:00	24.239881859615387	99.86011826923077	99.90006	1	0	0	0	0
2024-11-06 22:26:10	24.217559227118645	100.10338840677966	99.90006	1	0	0	0	0
2024-11-06 22:26:20	24.227816830769232	100.00572046153846	99.90006	1	0	0	0	0
2024-11-06 22:26:30	24.26878009	99.70988628571429	99.90006	1	0	0	0	0
2024-11-06 22:26:40	24.196392063333334	100.07015458	99.90006	1	0	0	0	0
2024-11-06 22:26:50	24.2042465	100.0677	99.90006	1	0	0	0	0
2024-11-06 22:27:00	24.207071805	100.01186103333333	99.90006	1	0	0	0	0
2024-11-06 22:27:10	24.265394886440678	99.65414813559322	99.90006	1	0	0	0	0
2024-11-06 22:27:20	24.18583785625	99.9844120375	99.90006	1	0	0	0	0
2024-11-06 22:27:30	24.17920080375	100.04339404999999	99.90006	1	0	0	0	0
2024-11-06 22:27:40	24.22651231	99.87976583333334	99.90006	1	0	0	0	0
2024-11-06 22:27:50	24.22002112653061	99.83078097959184	99.90006	1	0	0	0	0
2024-11-06 22:28:00	24.21090686557377	99.85837163934426	99.90006	1	0	0	0	0
2024-11-06 22:28:10	24.240308039215684	99.72455980392157	99.90006	1	0	0	0	0
2024-11-06 22:28:20	24.237191097530864	99.92835035061728	99.90006	1	0	0	0	0
2024-11-06 22:28:30	24.211445989999998	99.94522994	99.90006	1	0	0	0	0
2024-11-06 22:28:40	24.203258171428573	99.95520314285714	99.90006	1	0	0	0	0
2024-11-06 22:28:50	24.229168476190477	99.76229190476191	99.90006	1	0	0	0	0
2024-11-06 22:29:00	24.17897133157895	100.02923315789474	99.90006	1	0	0	0	0
2024-11-06 22:29:10	24.201592763414634	99.9140412195122	99.90006	1	0	0	0	0
2024-11-06 22:29:20	24.234895775714286	99.84295914285714	99.90006	1	0	0	0	0
2024-11-06 22:29:30	24.22063351014493	99.90596768115942	99.90006	1	0	0	0	0
2024-11-06 22:29:40	24.226255583333334	100.02216897777778	99.90006	1	0	0	0	0
2024-11-06 22:29:50	24.272697196666666	99.59304428333333	99.90006	1	0	0	0	0
2024-11-06 22:30:00	24.296469053164557	99.37285	99.90006	1	0	0	0	0
2024-11-06 22:30:10	24.22757586153846	99.87031923076923	99.90006	1	0	0	0	0
2024-11-06 22:30:20	24.20267012	99.91293	99.90006	1	0	0	0	0
2024-11-06 22:30:30	24.221105390909088	99.94469272727272	99.90006	1	0	0	0	0
2024-11-06 22:30:40	24.22143324	100.1668476	99.90006	1	0	0	0	0
2024-11-06 22:30:50	24.15913	100.260773	99.90006	1	0	0	0	0
2024-11-06 22:31:00	24.20113678474576	99.78549898305084	99.90006	1	0	0	0	0
2024-11-06 22:31:10	24.18474268235294	100.22951176470589	99.90006	1	0	0	0	0
2024-11-06 22:31:20	24.191145085714286	100.22919399999999	99.90006	1	0	0	0	0
2024-11-06 22:31:30	24.13968464705882	100.11665188235294	99.90006	1	0	0	0	0
2024-11-06 22:31:40	24.15348632	99.89815455555555	99.90006	1	0	0	0	0
2024-11-06 22:31:50	24.154906205	100.11159933333333	99.90006	1	0	0	0	0
2024-11-06 22:32:00	24.153368305084747	100.06718281355933	99.90006	1	0	0	0	0
2024-11-06 22:32:10	24.207366852542375	99.75961738135594	99.90006	1	0	0	0	0
2024-11-06 22:32:20	24.19706468	99.81097262	99.90006	1	0	0	0	0
2024-11-06 22:32:30	24.164909144262296	99.97769917868852	99.90006	1	0	0	0	0
2024-11-06 22:32:40	24.158833875	100.0019825735294	99.90006	1	0	0	0	0
2024-11-06 22:32:50	24.186763820000003	99.86803066666666	99.90006	1	0	0	0	0
2024-11-06 22:33:00	24.146742482278484	100.15628827848101	99.90006	1	0	0	0	0
2024-11-06 22:33:10	24.1446082	100.11247447999999	99.90006	1	0	0	0	0
2024-11-06 22:33:20	24.158703027142856	99.97196354285715	99.90006	1	0	0	0	0
2024-11-06 22:33:30	24.162507987999998	99.98153865	99.90006	1	0	0	0	0
2024-11-06 22:33:40	24.162507987999998	99.98153865	99.90006	1	0	0	0	0
2024-11-06 22:33:50	24.170238969135802	99.72268261481481	99.90006	1	0	0	0	0
2024-11-06 22:34:00	24.15691284084507	99.85308584507041	99.90006	1	0	0	0	0
2024-11-06 22:34:10	24.107619656521738	100.00484347826087	99.90006	1	0	0	0	0
2024-11-06 22:34:20	24.178188379591838	99.73223489795917	99.90006	1	0	0	0	0
2024-11-06 22:34:30	24.147673764102567	100.02032928205128	99.90006	1	0	0	0	0
2024-11-06 22:34:40	24.199097792	99.7528812	99.90006	1	0	0	0	0
2024-11-06 22:34:50	24.1670322375	99.78711175	99.90006	1	0	0	0	0
2024-11-06 22:35:00	24.18726584	99.7507412	99.90006	1	0	0	0	0
2024-11-06 22:35:10	24.12003356285714	100.07632517142856	99.90006	1	0	0	0	0
2024-11-06 22:35:20	24.136874432786886	99.9312695409836	99.90006	1	0	0	0	0
2024-11-06 22:35:30	24.1184178	100.20906704	99.90006	1	0	0	0	0
2024-11-06 22:35:40	24.159796245098036	99.85543921568627	99.90006	1	0	0	0	0
2024-11-06 22:35:50	24.146732585714286	99.60005514285714	99.90006	1	0	0	0	0
2024-11-06 22:36:00	24.118642178873237	100.09267014084506	99.90006	1	0	0	0	0
2024-11-06 22:36:10	24.189932879487177	99.5835364102564	99.90006	1	0	0	0	0
2024-11-06 22:36:20	24.14295561830986	99.97693971830986	99.90006	1	0	0	0	0
2024-11-06 22:36:30	24.135183911764706	100.05889769411765	99.90006	1	0	0	0	0
2024-11-06 22:36:40	24.127727976	100.023030336	99.90006	1	0	0	0	0
2024-11-06 22:36:50	24.109664782857145	99.90062867428571	99.90006	1	0	0	0	0
2024-11-06 22:37:00	24.130777028	100.10760791999999	99.90006	1	0	0	0	0
2024-11-06 22:37:10	24.105568825555558	100.19240467777777	99.90006	1	0	0	0	0
2024-11-06 22:37:20	24.0985365984127	100.11746933333333	99.90006	1	0	0	0	0
2024-11-06 22:37:30	24.10522137959184	99.98881714285714	99.90006	1	0	0	0	0
2024-11-06 22:37:40	24.15410842	99.88091744	99.90006	1	0	0	0	0
2024-11-06 22:37:50	24.1150192443038	100.02395625316456	99.90006	1	0	0	0	0
2024-11-06 22:38:00	24.189020895714286	99.53531141571428	99.90006	1	0	0	0	0
2024-11-06 22:38:10	24.1548510425	99.9227462675	99.90006	1	0	0	0	0
2024-11-06 22:38:20	24.13875963	99.9540634	99.90006	1	0	0	0	0
2024-11-06 22:38:30	24.127832171014493	99.94926565217392	99.90006	1	0	0	0	0
2024-11-06 22:38:40	24.084994272131148	100.03345878688525	99.90006	1	0	0	0	0
2024-11-06 22:38:50	24.107971763265308	100.44272285714285	99.90006	1	0	0	0	0
2024-11-06 22:39:00	24.0793823	100.13782239999999	99.90006	1	0	0	0	0
2024-11-06 22:39:10	24.0509590943662	100.17939915492958	99.90006	1	0	0	0	0
2024-11-06 22:39:20	24.13349854719101	99.66885101123596	99.90006	1	0	0	0	0
2024-11-06 22:39:30	24.076196278	100.02062796	99.90006	1	0	0	0	0
2024-11-06 22:39:40	24.08570936	100.0765014	99.90006	1	0	0	0	0
2024-11-06 22:39:50	24.078745564102565	100.02389461538462	99.90006	1	0	0	0	0
2024-11-06 22:40:00	24.095412864788734	99.80134676056338	99.90006	1	0	0	0	0
2024-11-06 22:40:10	24.05501232875	99.786675125	99.90006	1	0	0	0	0
2024-11-06 22:40:20	24.10037557	99.868477	99.90006	1	0	0	0	0
2024-11-06 22:40:30	24.040123314285715	100.21160735714285	99.90006	1	0	0	0	0
2024-11-06 22:40:40	24.078822521666666	100.00730316666667	99.90006	1	0	0	0	0
2024-11-06 22:40:50	24.073285004	99.93524052	99.90006	1	0	0	0	0
2024-11-06 22:41:00	24.0357425	100.19485075	99.90006	1	0	0	0	0
2024-11-06 22:41:10	24.031965595	100.106940275	99.90006	1	0	0	0	0
2024-11-06 22:41:20	24.072115495714286	99.88724688571428	99.90006	1	0	0	0	0
2024-11-06 22:41:30	24.024648940000002	100.054774275	99.90006	1	0	0	0	0
2024-11-06 22:41:40	24.037411828	100.11512974	99.90006	1	0	0	0	0
2024-11-06 22:41:50	24.0554673	99.811511815	99.90006	1	0	0	0	0
2024-11-06 22:42:00	24.030629698571428	100.3289441	99.90006	1	0	0	0	0
2024-11-06 22:42:10	24.03452834556962	99.81114075949367	99.90006	1	0	0	0	0
2024-11-06 22:42:20	24.040256604225352	99.94959436619719	99.90006	1	0	0	0	0
2024-11-06 22:42:30	24.03238327	99.95314521428571	99.90006	1	0	0	0	0
2024-11-06 22:42:40	24.016036466101696	99.89915288135593	99.90006	1	0	0	0	0
2024-11-06 22:42:50	24.048448375	99.95083959	99.90006	1	0	0	0	0
2024-11-06 22:43:00	23.999034104	100.0974977	99.90006	1	0	0	0	0
2024-11-06 22:43:10	23.94209315777778	100.43510891111112	99.90006	1	0	0	0	0
2024-11-06 22:43:20	23.984061498	99.93118781999999	99.90006	1	0	0	0	0
2024-11-06 22:43:30	24.003701682278482	99.95769984810127	99.90006	1	0	0	0	0
2024-11-06 22:43:40	23.99542822653061	100.09114557142857	99.90006	1	0	0	0	0
2024-11-06 22:43:50	23.99517061518987	100.05200551898734	99.90006	1	0	0	0	0
2024-11-06 22:44:00	23.99547040392157	99.85856745098039	99.33536666666666	1	0	0	0	0
2024-11-06 22:44:10	23.98419985142857	99.79009964	99.00008	1	0	0	0	0
2024-11-06 22:44:20	23.935950805714285	99.98890279428572	99.00008	1	0	0	0	0
2024-11-06 22:44:30	23.883645716455696	100.05869207594937	99.00008	1	0	0	0	0
2024-11-06 22:44:40	23.88360787	99.86795948	99.00008	1	0	0	0	0
2024-11-06 22:44:50	23.845003324	100.02803956	99.00008	1	0	0	0	0
2024-11-06 22:45:00	23.829463741463414	99.95714926829268	99.00008	1	0	0	0	0
2024-11-06 22:45:10	23.759040628	99.98802352	99.00008	1	0	0	0	0
2024-11-06 22:45:20	23.760037885714286	99.91843478857143	99.00008	1	0	0	0	0
2024-11-06 22:45:30	23.702116262857142	100.08487151428572	99.00008	1	0	0	0	0
2024-11-06 22:45:40	23.68212794197531	99.80272497283951	99.00008	1	0	0	0	0
2024-11-06 22:45:50	23.707272818	99.7418048	99.00008	1	0	0	0	0
2024-11-06 22:46:00	23.62845165098039	100.02747949411764	99.00008	1	0	0	0	0
2024-11-06 22:46:10	23.61359174142857	99.83948014285714	99.00008	1	0	0	0	0
2024-11-06 22:46:20	23.621992525	99.79246483333333	99.00008	1	0	0	0	0
2024-11-06 22:46:30	23.5594578	100.041412	99.00008	1	0	0	0	0
2024-11-06 22:46:40	23.55406246516854	99.79231595505618	99.00008	1	0	0	0	0
2024-11-06 22:46:50	23.519511377464788	99.90113802816902	99.00008	1	0	0	0	0
2024-11-06 22:47:00	23.531223423809525	99.66702095238095	99.00008	1	0	0	0	0
2024-11-06 22:47:10	23.46551552352941	99.8569637254902	99.00008	1	0	0	0	0
2024-11-06 22:47:20	23.519356163265307	99.41419551020408	99.00008	1	0	0	0	0
2024-11-06 22:47:30	23.476031224691358	99.51346395061728	99.00008	1	0	0	0	0
2024-11-06 22:47:40	23.39293864	100.0036489	99.00008	1	0	0	0	0
2024-11-06 22:47:50	23.41353565777778	99.75048271777777	99.00008	1	0	0	0	0
2024-11-06 22:48:00	23.430566736	99.531533476	99.00008	1	0	0	0	0
2024-11-06 22:48:10	23.406688959322032	99.58391694915254	99.00008	1	0	0	0	0
2024-11-06 22:48:20	23.404597942000002	99.4593316	99.00008	1	0	0	0	0
2024-11-06 22:48:30	23.41631206557377	99.33050900163936	99.00008	1	0	0	0	0
2024-11-06 22:48:40	23.367019825714287	99.54728298714286	99.00008	1	0	0	0	0
2024-11-06 22:48:50	23.350336534999997	99.54123649374999	99.00008	1	0	0	0	0
2024-11-06 22:49:00	23.302571726	99.72502469599999	99.00008	1	0	0	0	0
2024-11-06 22:49:10	23.387042996666665	99.08778133333334	99.00008	1	0	0	0	0
2024-11-06 22:49:20	23.318698	99.41198163265305	99.00008	1	0	0	0	0
2024-11-06 22:49:30	23.28313086	99.404392	99.00008	1	0	0	0	0
2024-11-06 22:49:40	23.318761778333332	99.10660166666668	99.00008	1	0	0	0	0
2024-11-06 22:49:50	23.345442374683543	99.11672303797468	99.00008	1	0	0	0	0
2024-11-06 22:50:00	23.34930888169014	98.83456506478873	99.00008	1	0	0	0	0
2024-11-06 22:50:10	23.3349477779661	99.20352731525423	99.00008	1	0	0	0	0
2024-11-06 22:50:20	23.42313344901961	98.56343294117647	99.00008	1	0	0	0	0
2024-11-06 22:50:30	23.339031872463767	99.1079424115942	99.00008	1	0	0	0	0
2024-11-06 22:50:40	23.363209147540985	98.86526219672132	99.00008	1	0	0	0	0
2024-11-06 22:50:50	23.3541718	99.0512848	99.00008	1	0	0	0	0
2024-11-06 22:51:00	23.37780478888889	99.00495222222222	99.00008	1	0	0	0	0
2024-11-06 22:51:10	23.418355921568626	98.74807117647059	99.00008	1	0	0	0	0
2024-11-06 22:51:20	23.412663538	98.7880572	99.00008	1	0	0	0	0
2024-11-06 22:51:30	23.381807198550725	98.99115452463768	99.00008	1	0	0	0	0
2024-11-06 22:51:40	23.36759126338028	99.2128633887324	99.00008	1	0	0	0	0
2024-11-06 22:51:50	23.40135524	99.099946875	99.00008	1	0	0	0	0
2024-11-06 22:52:00	23.387405812857143	98.95862689571429	99.00008	1	0	0	0	0
2024-11-06 22:52:10	23.388882708474576	98.88496885762711	99.00008	1	0	0	0	0
2024-11-06 22:52:20	23.37880664	98.94656160000001	99.00008	1	0	0	0	0
2024-11-06 22:52:30	23.4528459	98.58786514285714	99.00008	1	0	0	0	0
2024-11-06 22:52:40	23.45966322	98.61126064	99.00008	1	0	0	0	0
2024-11-06 22:52:50	23.435648692857143	99.08305384714285	99.00008	1	0	0	0	0
2024-11-06 22:53:00	23.427756646938775	98.90877955102042	99.00008	1	0	0	0	0
2024-11-06 22:53:10	23.43788514237288	98.8264640677966	99.00008	1	0	0	0	0
2024-11-06 22:53:20	23.43452630612245	98.88109102040816	99.00008	1	0	0	0	0
2024-11-06 22:53:30	23.43106347875	98.87662717375	99.00008	1	0	0	0	0
2024-11-06 22:53:40	23.425089091304347	98.96349130434783	99.00008	1	0	0	0	0
2024-11-06 22:53:50	23.420837373239436	99.17253549295775	99.00008	1	0	0	0	0
2024-11-06 22:54:00	23.380265911392403	99.19656773670886	99.00008	1	0	0	0	0
2024-11-06 22:54:10	23.41534253442623	99.0582390885246	99.00008	1	0	0	0	0
2024-11-06 22:54:20	23.4861012	98.58643	99.00008	1	0	0	0	0
2024-11-06 22:54:30	23.412618629999997	99.0631525	99.00008	1	0	0	0	0
2024-11-06 22:54:40	23.464372548979593	98.86811891632652	99.00008	1	0	0	0	0
2024-11-06 22:54:50	23.464455485714286	99.05238058857142	99.00008	1	0	0	0	0
2024-11-06 22:55:00	23.434682384615385	98.97632769230769	99.00008	1	0	0	0	0
2024-11-06 22:55:10	23.415680644444446	98.92744925925926	99.00008	1	0	0	0	0
2024-11-06 22:55:20	23.43208848	98.9971318	99.00008	1	0	0	0	0
2024-11-06 22:55:30	23.438077064	98.9842324	99.00008	1	0	0	0	0
2024-11-06 22:55:40	23.383298735	99.324899565	99.00008	1	0	0	0	0
2024-11-06 22:55:50	23.490430475	98.61176065125001	99.00008	1	0	0	0	0
2024-11-06 22:56:00	23.463695428571427	98.97128071428571	99.00008	1	0	0	0	0
2024-11-06 22:56:10	23.45466577530864	98.73179642716049	99.00008	1	0	0	0	0
2024-11-06 22:56:20	23.47554417457627	98.85059042372882	99.00008	1	0	0	0	0
2024-11-06 22:56:30	23.441251700000002	98.9614206779661	99.00008	1	0	0	0	0
2024-11-06 22:56:40	23.49965383529412	98.7149205882353	99.00008	1	0	0	0	0
2024-11-06 22:56:50	23.461455673913044	98.92040173913044	99.00008	1	0	0	0	0
2024-11-06 22:57:00	23.491751001694915	98.72613525423729	99.00008	1	0	0	0	0
2024-11-06 22:57:10	23.477510402857146	98.89793276	99.00008	1	0	0	0	0
2024-11-06 22:57:20	23.455000661224492	99.0755175510204	99.00008	1	0	0	0	0
2024-11-06 22:57:30	23.469664468852457	98.98061950819672	99.00008	1	0	0	0	0
2024-11-06 22:57:40	23.486227661666668	98.88245683333334	99.00008	1	0	0	0	0
2024-11-06 22:57:50	23.45546967375	98.804739075	99.00008	1	0	0	0	0
2024-11-06 22:58:00	23.45712499714286	99.04790114285714	99.00008	1	0	0	0	0
2024-11-06 22:58:10	23.48776715822785	98.74824278481013	99.00008	1	0	0	0	0
2024-11-06 22:58:20	23.480501156862744	98.85274627450981	99.00008	1	0	0	0	0
2024-11-06 22:58:30	23.52587528115942	98.6812580768116	99.00008	1	0	0	0	0
2024-11-06 22:58:40	23.528171167213117	98.96705227704918	99.00008	1	0	0	0	0
2024-11-06 22:58:50	23.49395433571429	98.84259737714285	99.00008	1	0	0	0	0
2024-11-06 22:59:00	23.546338873469388	98.58784951836735	99.00008	1	0	0	0	0
2024-11-06 22:59:10	23.511076314814815	98.94424374814815	99.00008	1	0	0	0	0
2024-11-06 22:59:20	23.53293499	98.80718759999999	99.00008	1	0	0	0	0
2024-11-06 22:59:30	23.53969455263158	99.02648315789473	99.00008	1	0	0	0	0
2024-11-06 22:59:40	23.554191321999998	98.7398806	99.00008	1	0	0	0	0
2024-11-06 22:59:50	23.528166112857143	98.86706658142857	99.00008	1	0	0	0	0
2024-11-06 23:00:00	23.539177366666667	98.75548149999999	99.00008	1	0	0	0	0
2024-11-06 23:00:10	23.576278146067416	98.71548831460673	99.00008	1	0	0	0	0
2024-11-06 23:00:20	23.4757385	99.15893	99.00008	1	0	0	0	0
2024-11-06 23:00:30	23.490159144	99.2782964	99.00008	1	0	0	0	0
2024-11-06 23:00:40	23.554551228571427	98.81016222857143	99.00008	1	0	0	0	0
2024-11-06 23:00:50	23.56165535633803	98.83859492957747	99.00008	1	0	0	0	0
2024-11-06 23:01:00	23.497829506000002	99.2287544	99.00008	1	0	0	0	0
2024-11-06 23:01:10	23.524683226249998	98.9452345	99.00008	1	0	0	0	0
2024-11-06 23:01:20	23.559783682	98.84521	99.00008	1	0	0	0	0
2024-11-06 23:01:30	23.554202248	98.83432642	99.00008	1	0	0	0	0
2024-11-06 23:01:40	23.567495175510206	98.84937224489796	99.00008	1	0	0	0	0
2024-11-06 23:01:50	23.49874557777778	99.13718679012347	99.00008	1	0	0	0	0
2024-11-06 23:02:00	23.57887133802817	98.9212533802817	99.00008	1	0	0	0	0
2024-11-06 23:02:10	23.56121323529412	99.17458389705882	99.00008	1	0	0	0	0
2024-11-06 23:02:20	23.595309800000003	98.88923491	99.00008	1	0	0	0	0
2024-11-06 23:02:30	23.557756475	99.210330235	99.00008	1	0	0	0	0
2024-11-06 23:02:40	23.578019598	98.797462958	99.00008	1	0	0	0	0
2024-11-06 23:02:50	23.586897704918034	98.86565295081967	99.00008	1	0	0	0	0
2024-11-06 23:03:00	23.618464206666665	98.70029389999999	99.00008	1	0	0	0	0
2024-11-06 23:03:10	23.563335829113925	98.9841353164557	99.00008	1	0	0	0	0
2024-11-06 23:03:20	23.557454460493826	99.08526827160495	99.00008	1	0	0	0	0
2024-11-06 23:03:30	23.578320431034484	99.10570413793104	99.00008	1	0	0	0	0
2024-11-06 23:03:40	23.610552205882353	98.81136384705881	99.00008	1	0	0	0	0
2024-11-06 23:03:50	23.594885626086956	98.89081935507247	99.00008	1	0	0	0	0
2024-11-06 23:04:00	23.5615084	99.15891004	99.00008	1	0	0	0	0
2024-11-06 23:04:10	23.5500851	99.16606	99.00008	1	0	0	0	0
2024-11-06 23:04:20	23.56698607	99.08345901	99.00008	1	0	0	0	0
2024-11-06 23:04:30	23.564495774647888	99.06051056338028	99.00008	1	0	0	0	0
2024-11-06 23:04:40	23.633055440677964	98.57412588135593	99.00008	1	0	0	0	0
2024-11-06 23:04:50	23.663032696551724	98.60704706896551	99.00008	1	0	0	0	0
2024-11-06 23:05:00	23.550702632	99.282848304	99.00008	1	0	0	0	0
2024-11-06 23:05:10	23.643028504347825	98.62060353043478	99.00008	1	0	0	0	0
2024-11-06 23:05:20	23.6660652	98.6164551	99.00008	1	0	0	0	0
2024-11-06 23:05:30	23.643634984745763	98.68342711864406	99.00008	1	0	0	0	0
2024-11-06 23:05:40	23.604474540000002	99.03875273999999	99.00008	1	0	0	0	0
2024-11-06 23:05:50	23.62298512820513	98.97441562051283	99.00008	1	0	0	0	0
2024-11-06 23:06:00	23.638551733333333	98.96427490196078	99.00008	1	0	0	0	0
2024-11-06 23:06:10	23.649341425	98.822053375	99.00008	1	0	0	0	0
2024-11-06 23:06:20	23.603185142857143	99.121974	99.00008	1	0	0	0	0
2024-11-06 23:06:30	23.591192903703703	98.9920612345679	99.00008	1	0	0	0	0
2024-11-06 23:06:40	23.575222085	99.0684405	99.00008	1	0	0	0	0
2024-11-06 23:06:50	23.57179066	99.2834416	99.00008	1	0	0	0	0
2024-11-06 23:07:00	23.686206104761904	98.84425666666667	99.00008	1	0	0	0	0
2024-11-06 23:07:10	23.63935240869565	98.81192260869565	99.00008	1	0	0	0	0
2024-11-06 23:07:20	23.667358816949154	98.71585186440679	99.00008	1	0	0	0	0
2024-11-06 23:07:30	23.633637274683544	98.96247556962025	99.00008	1	0	0	0	0
2024-11-06 23:07:40	23.586816832	99.12337720000001	99.00008	1	0	0	0	0
2024-11-06 23:07:50	23.652370615189874	99.13484470886075	99.00008	1	0	0	0	0
2024-11-06 23:08:00	23.589134632	99.1712568	99.00008	1	0	0	0	0
2024-11-06 23:08:10	23.65602141	98.93300157142858	99.00008	1	0	0	0	0
2024-11-06 23:08:20	23.61968638	99.08492228571428	99.00008	1	0	0	0	0
2024-11-06 23:08:30	23.6358970625	98.9894301425	99.00008	1	0	0	0	0
2024-11-06 23:08:40	23.668062205084745	98.79545852033898	99.00008	1	0	0	0	0
2024-11-06 23:08:50	23.634356952	98.96317160000001	99.00008	1	0	0	0	0
2024-11-06 23:09:00	23.614549328571428	99.34329857142856	99.00008	1	0	0	0	0
2024-11-06 23:09:10	23.680081176470587	98.58760823529413	99.00008	1	0	0	0	0
2024-11-06 23:09:20	23.619593391549294	98.93721422535211	99.00008	1	0	0	0	0
2024-11-06 23:09:30	23.654759030434782	98.53987130434783	99.00008	1	0	0	0	0
2024-11-06 23:09:40	23.670865671428572	98.74954835164836	99.00008	1	0	0	0	0
2024-11-06 23:09:50	23.67837966530612	98.74800311836735	99.00008	1	0	0	0	0
2024-11-06 23:10:00	23.64569215	98.9849535	99.00008	1	0	0	0	0
2024-11-06 23:10:10	23.626997777142858	99.14197562571428	99.00008	1	0	0	0	0
2024-11-06 23:10:20	23.604452458333334	99.25422446666667	99.00008	1	0	0	0	0
2024-11-06 23:10:30	23.691628763333334	98.65261566666666	99.00008	1	0	0	0	0
2024-11-06 23:10:40	23.64008392608696	98.95199608695653	99.00008	1	0	0	0	0
2024-11-06 23:10:50	23.68793359714286	98.74804022285714	99.00008	1	0	0	0	0
2024-11-06 23:11:00	23.659846685714285	98.82988571428571	99.00008	1	0	0	0	0
2024-11-06 23:11:10	23.66352512	98.8440342	99.00008	1	0	0	0	0
2024-11-06 23:11:20	23.703380245714285	98.71273771428572	99.00008	1	0	0	0	0
2024-11-06 23:11:30	23.67293604	99.20061955555555	99.00008	1	0	0	0	0
2024-11-06 23:11:40	23.67184942253521	98.95195760563381	99.00008	1	0	0	0	0
2024-11-06 23:11:50	23.705216347826088	98.83991608695652	99.00008	1	0	0	0	0
2024-11-06 23:12:00	23.75588753478261	98.78646353623189	99.00008	1	0	0	0	0
2024-11-06 23:12:10	23.664202715189873	99.12450227594937	99.00008	1	0	0	0	0
2024-11-06 23:12:20	23.666388119999997	98.99971566666667	99.00008	1	0	0	0	0
2024-11-06 23:12:30	23.70128985142857	98.92810571428572	99.00008	1	0	0	0	0
2024-11-06 23:12:40	23.70523392881356	98.83990355932202	99.00008	1	0	0	0	0
2024-11-06 23:12:50	23.66113521	99.07998649999999	99.00008	1	0	0	0	0
2024-11-06 23:13:00	23.706607497560977	98.86501512195122	99.00008	1	0	0	0	0
2024-11-06 23:13:10	23.659489441428573	99.17797857142857	99.00008	1	0	0	0	0
2024-11-06 23:13:20	23.722961484745763	98.90599542372881	99.00008	1	0	0	0	0
2024-11-06 23:13:30	23.72402839506173	98.81085283950617	99.00008	1	0	0	0	0
2024-11-06 23:13:40	23.67954968169014	98.78580760563379	99.00008	1	0	0	0	0
2024-11-06 23:13:50	23.70637216385542	99.06700903614457	99.00008	1	0	0	0	0
2024-11-06 23:14:00	23.705429731914894	99.09822872340426	99.00008	1	0	0	0	0
2024-11-06 23:14:10	23.737263482608697	98.74271549565218	99.00008	1	0	0	0	0
2024-11-06 23:14:20	23.73509896885246	98.89346798032787	99.00008	1	0	0	0	0
2024-11-06 23:14:30	23.76298610588235	98.66055705882353	99.00008	1	0	0	0	0
2024-11-06 23:14:40	23.73979892786885	98.8708362295082	99.00008	1	0	0	0	0
2024-11-06 23:14:50	23.718970557142857	99.02751085714286	99.00008	1	0	0	0	0
2024-11-06 23:15:00	23.729296211999998	98.8891656	99.00008	1	0	0	0	0
2024-11-06 23:15:10	23.720904453846156	98.94869923076924	99.00008	1	0	0	0	0
2024-11-06 23:15:20	23.68619064	98.95899624	99.00008	1	0	0	0	0
2024-11-06 23:15:30	23.73785564	98.90764308	99.00008	1	0	0	0	0
2024-11-06 23:15:40	23.787900599999997	98.5897422857143	99.00008	1	0	0	0	0
2024-11-06 23:15:50	23.757691363768117	98.75293927536232	99.00008	1	0	0	0	0
2024-11-06 23:16:00	23.838111650000002	98.5401985	99.00008	1	0	0	0	0
2024-11-06 23:16:10	23.72673847826087	99.12401826086956	99.00008	1	0	0	0	0
2024-11-06 23:16:20	23.74593	98.99225	99.00008	1	0	0	0	0
2024-11-06 23:16:30	23.769638500000003	98.84185411764706	99.00008	1	0	0	0	0
2024-11-06 23:16:40	23.8738689	98.36971	99.00008	1	0	0	0	0
2024-11-06 23:16:50	23.789100852222223	98.85625633333333	99.00008	1	0	0	0	0
2024-11-06 23:17:00	23.778127746	98.9483274	99.00008	1	0	0	0	0
2024-11-06 23:17:10	23.814495372463767	98.93936144927537	99.00008	1	0	0	0	0
2024-11-06 23:17:20	23.739393936	99.2636966	99.00008	1	0	0	0	0
2024-11-06 23:17:30	23.78513388	99.1493205725	99.00008	1	0	0	0	0
2024-11-06 23:17:40	23.7820234	99.02713229565218	99.00008	1	0	0	0	0
2024-11-06 23:17:50	23.827469169014087	98.68550915492958	99.00008	1	0	0	0	0
2024-11-06 23:18:00	23.790128089855074	98.96464521739131	99.00008	1	0	0	0	0
2024-11-06 23:18:10	23.84483372	98.869007	99.00008	1	0	0	0	0
2024-11-06 23:18:20	23.874795499999998	98.54868346399999	99.00008	1	0	0	0	0
2024-11-06 23:18:30	23.80783496708861	99.06285164556962	99.00008	1	0	0	0	0
2024-11-06 23:18:40	23.838247663999997	98.86990879999999	99.00008	1	0	0	0	0
2024-11-06 23:18:50	23.818633824285712	98.83596842857143	99.00008	1	0	0	0	0
2024-11-06 23:19:00	23.869109456	98.626712	99.00008	1	0	0	0	0
2024-11-06 23:19:10	23.84018498	98.978344	99.00008	1	0	0	0	0
2024-11-06 23:19:20	23.779966835	99.33978499999999	99.00008	1	0	0	0	0
2024-11-06 23:19:30	23.889970388000002	98.7569776	99.00008	1	0	0	0	0
2024-11-06 23:19:40	23.82714987	99.12214047142857	99.00008	1	0	0	0	0
2024-11-06 23:19:50	23.86811984125	98.98845302625	99.00008	1	0	0	0	0
2024-11-06 23:20:00	23.878409947142856	98.80637171428572	99.00008	1	0	0	0	0
2024-11-06 23:20:10	23.82820588271605	98.86477086419754	99.00008	1	0	0	0	0
2024-11-06 23:20:20	23.877670698	98.8533606	99.00008	1	0	0	0	0
2024-11-06 23:20:30	23.835754146153846	99.07128923076922	99.00008	1	0	0	0	0
2024-11-06 23:20:40	23.887906400000002	98.85685583200001	99.00008	1	0	0	0	0
2024-11-06 23:20:50	23.811136135714285	99.15756969761905	99.00008	1	0	0	0	0
2024-11-06 23:21:00	23.87454951764706	98.87565572941176	99.00008	1	0	0	0	0
2024-11-06 23:21:10	23.84595259875	99.030941125	99.00008	1	0	0	0	0
2024-11-06 23:21:20	23.875213828	99.0571212	99.00008	1	0	0	0	0
2024-11-06 23:21:30	23.89404695423729	98.80377898305085	99.00008	1	0	0	0	0
2024-11-06 23:21:40	23.90024728	98.51992457142858	99.00008	1	0	0	0	0
2024-11-06 23:21:50	23.869338758241756	99.14766021978022	99.00008	1	0	0	0	0
2024-11-06 23:22:00	23.8483987	99.032356	99.00008	1	0	0	0	0
2024-11-06 23:22:10	23.8788362278481	99.00445101265822	99.00008	1	0	0	0	0
2024-11-06 23:22:20	23.873273681632654	99.01334877551021	99.00008	1	0	0	0	0
2024-11-06 23:22:30	23.972094735064935	98.73495285714286	99.00008	1	0	0	0	0
2024-11-06 23:22:40	23.909718670588234	98.73540921568627	99.00008	1	0	0	0	0
2024-11-06 23:22:50	23.894993588405796	98.8745631884058	99.00008	1	0	0	0	0
2024-11-06 23:23:00	23.89668832	99.02726266666667	99.00008	1	0	0	0	0
2024-11-06 23:23:10	23.88263931267606	99.07403183098592	99.00008	1	0	0	0	0
2024-11-06 23:23:20	23.91814906101695	98.9176306779661	99.00008	1	0	0	0	0
2024-11-06 23:23:30	23.94147409019608	98.85070639019608	99.00008	1	0	0	0	0
2024-11-06 23:23:40	23.940735405	98.96754418166667	99.00008	1	0	0	0	0
2024-11-06 23:23:50	23.93780175652174	98.90445434782609	99.00008	1	0	0	0	0
2024-11-06 23:24:00	23.91175385857143	98.99552875714285	99.00008	1	0	0	0	0
2024-11-06 23:24:10	23.906245383146068	99.01445531685393	99.00008	1	0	0	0	0
2024-11-06 23:24:20	23.9342384	98.85001	99.00008	1	0	0	0	0
2024-11-06 23:24:30	23.92333855294118	98.96358000000001	99.00008	1	0	0	0	0
2024-11-06 23:24:40	23.946744018367347	98.94157775510205	99.00008	1	0	0	0	0
2024-11-06 23:24:50	23.959688860655735	98.80536950819672	99.00008	1	0	0	0	0
2024-11-06 23:25:00	23.945011714	98.9455862	99.00008	1	0	0	0	0
2024-11-06 23:25:10	23.9165783971831	99.29274788732396	99.00008	1	0	0	0	0
2024-11-06 23:25:20	23.930482857971015	98.82730956521739	99.00008	1	0	0	0	0
2024-11-06 23:25:30	23.96204634375	98.825186875	99.00008	1	0	0	0	0
2024-11-06 23:25:40	23.970087144	98.71432008400001	99.00008	1	0	0	0	0
2024-11-06 23:25:50	23.94756375925926	98.66585747777778	99.00008	1	0	0	0	0
2024-11-06 23:26:00	23.962856864285712	99.040244	99.00008	1	0	0	0	0
2024-11-06 23:26:10	23.93151390625	99.43409196374999	99.00008	1	0	0	0	0
2024-11-06 23:26:20	23.93872342352941	98.89835117647058	99.00008	1	0	0	0	0
2024-11-06 23:26:30	23.8920053525	99.4560815425	99.00008	1	0	0	0	0
2024-11-06 23:26:40	23.92906783846154	98.97415167307692	99.00008	1	0	0	0	0
2024-11-06 23:26:50	23.91876732	99.09932223333334	99.00008	1	0	0	0	0
2024-11-06 23:27:00	23.967788843137257	98.87649235294117	99.00008	1	0	0	0	0
2024-11-06 23:27:10	23.924510267901233	98.97513499629629	99.00008	1	0	0	0	0
2024-11-06 23:27:20	23.986899733898305	98.71121853050848	99.00008	1	0	0	0	0
2024-11-06 23:27:30	23.995084462857143	98.85253426857143	99.00008	1	0	0	0	0
2024-11-06 23:27:40	23.93938006393443	99.13307939508196	99.00008	1	0	0	0	0
2024-11-06 23:27:50	23.926495756862746	98.97266161960785	99.00008	1	0	0	0	0
2024-11-06 23:28:00	23.943746577142857	99.03887414285714	99.00008	1	0	0	0	0
2024-11-06 23:28:10	23.933364196629213	99.13604393258427	99.00008	1	0	0	0	0
2024-11-06 23:28:20	23.96393870655738	98.92031983606557	99.00008	1	0	0	0	0
2024-11-06 23:28:30	24.01050396440678	98.65987101694915	99.00008	1	0	0	0	0
2024-11-06 23:28:40	24.023801791666664	98.69887889444445	99.00008	1	0	0	0	0
2024-11-06 23:28:50	23.970371301694914	99.05515355932204	99.00008	1	0	0	0	0
2024-11-06 23:29:00	23.982118312500003	99.06866375	99.00008	1	0	0	0	0
2024-11-06 23:29:10	23.939853752173914	99.19724304347827	99.00008	1	0	0	0	0
2024-11-06 23:29:20	23.984977818571426	98.89934857142856	99.00008	1	0	0	0	0
2024-11-06 23:29:30	23.991352124285715	99.05806366857144	99.00008	1	0	0	0	0
2024-11-06 23:29:40	23.98685692333333	98.94066816666667	99.00008	1	0	0	0	0
2024-11-06 23:29:50	23.974879534693876	99.10694571428571	99.00008	1	0	0	0	0
2024-11-06 23:30:00	23.992842701639344	98.73939606557377	99.00008	1	0	0	0	0
2024-11-06 23:30:10	24.01285875652174	98.94122666666667	99.00008	1	0	0	0	0
2024-11-06 23:30:20	24.0109787	99.06922	99.00008	1	0	0	0	0
2024-11-06 23:30:30	24.04982509090909	98.64949545454546	99.00008	1	0	0	0	0
2024-11-06 23:30:40	24.01821077714286	98.86913285714286	99.00008	1	0	0	0	0
2024-11-06 23:30:50	24.00658539661017	98.94907009661017	99.00008	1	0	0	0	0
2024-11-06 23:31:00	24.00839202857143	98.87332714285715	99.00008	1	0	0	0	0
2024-11-06 23:31:10	24.045167715189873	98.97326911392405	99.00008	1	0	0	0	0
2024-11-06 23:31:20	23.948308913114754	99.3994504557377	99.00008	1	0	0	0	0
2024-11-06 23:31:30	23.980828568539327	99.23113528089888	99.00008	1	0	0	0	0
2024-11-06 23:31:40	24.04598052	98.7441902857143	99.00008	1	0	0	0	0
2024-11-06 23:31:50	24.02631424	98.7822208	99.00008	1	0	0	0	0
2024-11-06 23:32:00	24.03179218	98.87452760000001	99.00008	1	0	0	0	0
2024-11-06 23:32:10	24.009948188607595	99.17272455696202	99.00008	1	0	0	0	0
2024-11-06 23:32:20	24.0399463	98.84898260869565	99.00008	1	0	0	0	0
2024-11-06 23:32:30	24.067170342253522	98.69403847887324	99.00008	1	0	0	0	0
2024-11-06 23:32:40	24.087003755999998	98.58977379999999	99.00008	1	0	0	0	0
2024-11-06 23:32:50	24.08861322857143	98.63541928571429	99.00008	1	0	0	0	0
2024-11-06 23:33:00	24.07267378292683	98.84476219512194	99.00008	1	0	0	0	0
2024-11-06 23:33:10	24.06597056835443	98.84729627088608	99.00008	1	0	0	0	0
2024-11-06 23:33:20	24.029058850819673	98.9963775409836	99.00008	1	0	0	0	0
2024-11-06 23:33:30	24.046890304999998	98.97647769375	99.00008	1	0	0	0	0
2024-11-06 23:33:40	24.063911952173914	98.91137090434782	99.00008	1	0	0	0	0
2024-11-06 23:33:50	24.063257435897437	98.89497134615385	99.00008	1	0	0	0	0
2024-11-06 23:34:00	24.036243453333334	99.02704876666667	99.00008	1	0	0	0	0
2024-11-06 23:34:10	24.03409575	99.0365	99.00008	1	0	0	0	0
2024-11-06 23:34:20	24.090594838461538	98.66176512820513	99.00008	1	0	0	0	0
2024-11-06 23:34:30	24.043826728750002	99.0340170625	99.00008	1	0	0	0	0
2024-11-06 23:34:40	24.10166531857143	98.89660441714285	99.00008	1	0	0	0	0
2024-11-06 23:34:50	24.067036515254234	98.92314779661017	99.00008	1	0	0	0	0
2024-11-06 23:35:00	24.0776119	98.84979	99.00008	1	0	0	0	0
2024-11-06 23:35:10	24.097295359322032	98.75299416271187	99.00008	1	0	0	0	0
2024-11-06 23:35:20	24.12855230588235	98.54876628235294	99.00008	1	0	0	0	0
2024-11-06 23:35:30	24.102767413333332	98.83450333333333	99.00008	1	0	0	0	0
2024-11-06 23:35:40	24.07898179142857	98.77980985714287	99.00008	1	0	0	0	0
2024-11-06 23:35:50	24.092015450724638	98.83416971014492	99.00008	1	0	0	0	0
2024-11-06 23:36:00	24.063099442857144	98.96370142857143	99.00008	1	0	0	0	0
2024-11-06 23:36:10	24.080100947826086	98.96777921739131	99.00008	1	0	0	0	0
2024-11-06 23:36:20	24.098976383606555	98.98504744262294	99.00008	1	0	0	0	0
2024-11-06 23:36:30	24.096237466292134	98.8978853483146	99.00008	1	0	0	0	0
2024-11-06 23:36:40	24.1110038971831	98.90695949295774	99.00008	1	0	0	0	0
2024-11-06 23:36:50	24.128107096774194	99.12692193548386	99.00008	1	0	0	0	0
2024-11-06 23:37:00	24.097912	98.93343685714285	99.00008	1	0	0	0	0
2024-11-06 23:37:10	24.14014085423729	98.70230169491525	99.00008	1	0	0	0	0
2024-11-06 23:37:20	24.127955588	99.04790382	99.00008	1	0	0	0	0
2024-11-06 23:37:30	24.12506509180328	98.9027020262295	99.00008	1	0	0	0	0
2024-11-06 23:37:40	24.140244085393256	98.78425975393259	99.00008	1	0	0	0	0
2024-11-06 23:37:50	24.169696493406594	98.4983712087912	99.00008	1	0	0	0	0
2024-11-06 23:38:00	24.118143122	98.89941519999999	99.00008	1	0	0	0	0
2024-11-06 23:38:10	24.11575319322034	99.0474484779661	99.00008	1	0	0	0	0
2024-11-06 23:38:20	24.177261828571428	98.63635174693879	99.00008	1	0	0	0	0
2024-11-06 23:38:30	24.162282226582278	98.85164663037975	99.00008	1	0	0	0	0
2024-11-06 23:38:40	24.157811217142857	98.86185803428572	99.00008	1	0	0	0	0
2024-11-06 23:38:50	24.155424604938272	98.90308074074075	99.00008	1	0	0	0	0
2024-11-06 23:39:00	24.15136396097561	98.73227268292683	99.00008	1	0	0	0	0
2024-11-06 23:39:10	24.146322924489795	99.19469653061225	99.00008	1	0	0	0	0
2024-11-06 23:39:20	24.131419508163265	99.01895949591837	99.00008	1	0	0	0	0
2024-11-06 23:39:30	24.103186852173913	99.21037347826088	99.00008	1	0	0	0	0
2024-11-06 23:39:40	24.146331791549297	98.98283873239437	99.00008	1	0	0	0	0
2024-11-06 23:39:50	24.18205922278481	98.98879473164557	99.00008	1	0	0	0	0
2024-11-06 23:40:00	24.20503495	98.60834294117646	99.00008	1	0	0	0	0
2024-11-06 23:40:10	24.17189544918033	98.81486918032788	99.00008	1	0	0	0	0
2024-11-06 23:40:20	24.152785569387756	98.95162816326531	99.00008	1	0	0	0	0
2024-11-06 23:40:30	24.234313997435898	98.54235974358974	99.00008	1	0	0	0	0
2024-11-06 23:40:40	24.23046681147541	98.83595754098361	99.00008	1	0	0	0	0
2024-11-06 23:40:50	24.160396985714286	98.95397565	99.00008	1	0	0	0	0
2024-11-06 23:41:00	24.198322981355933	99.04447362711865	99.00008	1	0	0	0	0
2024-11-06 23:41:10	24.13821866	99.30629733333333	99.00008	1	0	0	0	0
2024-11-06 23:41:20	24.193546648571427	98.94800857142856	99.00008	1	0	0	0	0
2024-11-06 23:41:30	24.182775528301885	99.10914886792453	99.00008	1	0	0	0	0
2024-11-06 23:41:40	24.23817639565217	98.71583826086956	99.00008	1	0	0	0	0
2024-11-06 23:41:50	24.218817130985915	98.96633228169014	99.00008	1	0	0	0	0
2024-11-06 23:42:00	24.203382188571428	98.95285527857143	99.00008	1	0	0	0	0
2024-11-06 23:42:10	24.21919147	98.779108976	99.00008	1	0	0	0	0
2024-11-06 23:42:20	24.210198968	99.0864146	99.00008	1	0	0	0	0
2024-11-06 23:42:30	24.189381805	99.0684453625	99.00008	1	0	0	0	0
2024-11-06 23:42:40	24.19732641971831	98.8474459225352	99.00008	1	0	0	0	0
2024-11-06 23:42:50	24.216459649999997	99.05640425	99.00008	1	0	0	0	0
2024-11-06 23:43:00	24.185227235	99.09367242500001	99.00008	1	0	0	0	0
2024-11-06 23:43:10	24.19650763521127	98.79821098591549	99.00008	1	0	0	0	0
2024-11-06 23:43:20	24.21886911864407	98.8882272881356	99.00008	1	0	0	0	0
2024-11-06 23:43:30	24.21067003559322	99.00914694915254	99.00008	1	0	0	0	0
2024-11-06 23:43:40	24.218286688888888	98.91135814814814	99.00008	1	0	0	0	0
2024-11-06 23:43:50	24.24904393043478	98.73948391304347	99.00008	1	0	0	0	0
2024-11-06 23:44:00	24.238933955714288	98.84419142857143	99.00008	1	0	0	0	0
2024-11-06 23:44:10	24.240742479746835	98.85358227848101	99.00008	1	0	0	0	0
2024-11-06 23:44:20	24.23715198235294	98.92681568627451	99.00008	1	0	0	0	0
2024-11-06 23:44:30	24.277459816393442	98.63270475409836	99.00008	1	0	0	0	0
2024-11-06 23:44:40	24.235449666666668	98.923171	99.00008	1	0	0	0	0
2024-11-06 23:44:50	24.2535520475	98.73043824999999	99.00008	1	0	0	0	0
2024-11-06 23:45:00	24.24583303714286	98.89822485714285	99.00008	1	0	0	0	0
2024-11-06 23:45:10	24.29329055882353	98.65971549019608	99.00008	1	0	0	0	0
2024-11-06 23:45:20	24.306640512244897	98.5919806122449	99.00008	1	0	0	0	0
2024-11-06 23:45:30	24.23122800704225	99.0928290140845	99.00008	1	0	0	0	0
2024-11-06 23:45:40	24.275753464	98.7924897	99.00008	1	0	0	0	0
2024-11-06 23:45:50	24.309828139506173	98.52811666666668	99.00008	1	0	0	0	0
2024-11-06 23:46:00	24.254716588235294	99.03586929411765	99.00008	1	0	0	0	0
2024-11-06 23:46:10	24.2571933625	99.00469684999999	99.00008	1	0	0	0	0
2024-11-06 23:46:20	24.223432396	99.1697156	99.00008	1	0	0	0	0
2024-11-06 23:46:30	24.178710295	99.28141465499999	99.00008	1	0	0	0	0
2024-11-06 23:46:40	24.2066135	99.0437	99.00008	1	0	0	0	0
2024-11-06 23:46:50	24.226479508641976	98.87001758641975	99.00008	1	0	0	0	0
2024-11-06 23:47:00	24.252497823529414	98.9336647117647	99.00008	1	0	0	0	0
2024-11-06 23:47:10	24.19934143902439	99.25256184878049	99.00008	1	0	0	0	0
2024-11-06 23:47:20	24.1825342	99.1708728	99.00008	1	0	0	0	0
2024-11-06 23:47:30	24.221801166666665	99.21205033333332	99.00008	1	0	0	0	0
2024-11-06 23:47:40	24.24916248275862	98.87476620689655	99.00008	1	0	0	0	0
2024-11-06 23:47:50	24.27488930666667	98.86445111111111	99.00008	1	0	0	0	0
2024-11-06 23:48:00	24.258025800000002	98.828886	99.00008	1	0	0	0	0
2024-11-06 23:48:10	24.263154552112677	98.80231167887324	99.00008	1	0	0	0	0
2024-11-06 23:48:20	24.291497392	98.7869092	99.00008	1	0	0	0	0
2024-11-06 23:48:30	24.273646468354432	98.85531815189873	99.00008	1	0	0	0	0
2024-11-06 23:48:40	24.222358914285714	99.24146422857143	99.00008	1	0	0	0	0
2024-11-06 23:48:50	24.22416745	99.233216	99.00008	1	0	0	0	0
2024-11-06 23:49:00	24.226902063999997	99.04611552	99.00008	1	0	0	0	0
2024-11-06 23:49:10	24.248633297142856	98.84530128571429	99.00008	1	0	0	0	0
2024-11-06 23:49:20	24.227972670588233	98.97526235294117	99.00008	1	0	0	0	0
2024-11-06 23:49:30	24.239642217391307	99.07002898550725	99.00008	1	0	0	0	0
2024-11-06 23:49:40	24.23631748135593	98.9990427118644	99.00008	1	0	0	0	0
2024-11-06 23:49:50	24.289081217391303	98.79388165217391	99.00008	1	0	0	0	0
2024-11-06 23:50:00	24.29328076625	98.7048224375	99.00008	1	0	0	0	0
2024-11-06 23:50:10	24.20506613625	99.243959	99.00008	1	0	0	0	0
2024-11-06 23:50:20	24.311332695081965	98.63432596721312	99.00008	1	0	0	0	0
2024-11-06 23:50:30	24.217618759016393	99.19733712131148	99.00008	1	0	0	0	0
2024-11-06 23:50:40	24.23967426440678	99.01166457627119	99.00008	1	0	0	0	0
2024-11-06 23:50:50	24.27466544	99.066989	99.00008	1	0	0	0	0
2024-11-06 23:51:00	24.234257205	99.087316	99.00008	1	0	0	0	0
2024-11-06 23:51:10	24.258552598888887	98.99553816666666	99.00008	1	0	0	0	0
2024-11-06 23:51:20	24.23560790980392	99.00345175490196	99.00008	1	0	0	0	0
2024-11-06 23:51:30	24.2422110675	98.95618024999999	99.00008	1	0	0	0	0
2024-11-06 23:51:40	24.26441699019608	98.88092490196078	99.00008	1	0	0	0	0
2024-11-06 23:51:50	24.266925197959182	99.06091337755103	99.00008	1	0	0	0	0
2024-11-06 23:52:00	24.256902067142857	98.927976	99.00008	1	0	0	0	0
2024-11-06 23:52:10	24.306593004347828	98.85678558985508	99.00008	1	0	0	0	0
2024-11-06 23:52:20	24.272331025925926	98.81158678148148	99.00008	1	0	0	0	0
2024-11-06 23:52:30	24.28576617142857	98.91510385714285	99.00008	1	0	0	0	0
2024-11-06 23:52:40	24.319802257971016	98.77818840579711	99.00008	1	0	0	0	0
2024-11-06 23:52:50	24.24887945	99.0871698	99.00008	1	0	0	0	0
2024-11-06 23:53:00	24.256177583333333	99.13834573333332	99.00008	1	0	0	0	0
2024-11-06 23:53:10	24.282823226760563	99.00269352112676	99.00008	1	0	0	0	0
2024-11-06 23:53:20	24.26239896338028	99.11362450704226	99.00008	1	0	0	0	0
2024-11-06 23:53:30	24.275632852459015	99.04039708852459	99.00008	1	0	0	0	0
2024-11-06 23:53:40	24.254571688135595	99.15856885084746	99.00008	1	0	0	0	0
2024-11-06 23:53:50	24.289022847058824	98.95764352941175	99.00008	1	0	0	0	0
2024-11-06 23:54:00	24.28023956338028	98.9751917830986	99.00008	1	0	0	0	0
2024-11-06 23:54:10	24.28207613235294	98.75059915882352	99.00008	1	0	0	0	0
2024-11-06 23:54:20	24.233607808571428	99.08326462857143	99.00008	1	0	0	0	0
2024-11-06 23:54:30	24.267116088333335	99.11975026666667	99.00008	1	0	0	0	0
2024-11-06 23:54:40	24.30327679215686	98.88380803921568	99.00008	1	0	0	0	0
2024-11-06 23:54:50	24.305259547826086	98.88902586086957	99.00008	1	0	0	0	0
2024-11-06 23:55:00	24.309520385714286	99.29917792380952	99.00008	1	0	0	0	0
2024-11-06 23:55:10	24.312914208695652	99.01267260869565	99.00008	1	0	0	0	0
2024-11-06 23:55:20	24.322180633898306	98.96091796610169	99.00008	1	0	0	0	0
2024-11-06 23:55:30	24.28155473478261	99.42754566521738	99.00008	1	0	0	0	0
2024-11-06 23:55:40	24.215433766666667	99.30184176666666	99.00008	1	0	0	0	0
2024-11-06 23:55:50	24.298737724	98.8544594	99.00008	1	0	0	0	0
2024-11-06 23:56:00	24.287526222500002	98.88143075	99.00008	1	0	0	0	0
2024-11-06 23:56:10	24.318207989873418	98.96975272405064	99.00008	1	0	0	0	0
2024-11-06 23:56:20	24.28393155185185	98.8786659111111	99.00008	1	0	0	0	0
2024-11-06 23:56:30	24.3108852525	98.9832522575	99.00008	1	0	0	0	0
2024-11-06 23:56:40	24.35171682	98.69210379500001	99.00008	1	0	0	0	0
2024-11-06 23:56:50	24.29716522253521	98.98647845070423	99.00008	1	0	0	0	0
2024-11-06 23:57:00	24.26018714285714	99.27277666666666	99.00008	1	0	0	0	0
2024-11-06 23:57:10	24.375128775999997	98.5221948	99.00008	1	0	0	0	0
2024-11-06 23:57:20	24.32374827887324	99.17824436619718	99.00008	1	0	0	0	0
2024-11-06 23:57:30	24.290248591549297	99.11366943661972	99.00008	1	0	0	0	0
2024-11-06 23:57:40	24.324077816455695	98.8756914556962	99.00008	1	0	0	0	0
2024-11-06 23:57:50	24.291533784313724	99.08717294117646	99.00008	1	0	0	0	0
2024-11-06 23:58:00	24.298020687755102	99.05238048979592	99.00008	1	0	0	0	0
2024-11-06 23:58:10	24.293612812857145	99.05009636571428	99.00008	1	0	0	0	0
2024-11-06 23:58:20	24.288138557317072	98.96361524390244	99.00008	1	0	0	0	0
2024-11-06 23:58:30	24.361544735443037	98.64947360506329	99.00008	1	0	0	0	0
2024-11-06 23:58:40	24.28395875875	99.1387455925	99.00008	1	0	0	0	0
2024-11-06 23:58:50	24.363183135	98.906645	99.00008	1	0	0	0	0
2024-11-06 23:59:00	24.31053056190476	98.97125928571428	99.00008	1	0	0	0	0
2024-11-06 23:59:10	24.269650671999997	99.212722824	99.00008	1	0	0	0	0
2024-11-06 23:59:20	24.30758886956522	98.97852621304348	99.00008	1	0	0	0	0
2024-11-06 23:59:30	24.347312199999998	98.75090711111112	99.00008	1	0	0	0	0
2024-11-06 23:59:40	24.302880248780486	99.03889902439023	99.00008	1	0	0	0	0
2024-11-06 23:59:50	24.34145094042553	98.88524	99.00008	1	0	0	0	0
2024-11-07 00:00:00	24.301153096	99.028447728	99.00008	1	0	0	0	0
