PROCESSDATA	2411FIC20102 Data	yyyy-MM-dd HH:mm:ss
8	10	2024-12-06 21:55:00	751
tagname	2411FIC20102.MV	2411FIC20102.PV	2411FIC20102.SV	2411FIC20102.MODE	bOpOFL	bPvOFL	bSpOFL	bAutOFL
desc	回炼油返塔_OP	回炼油返塔_PV	回炼油返塔_SP	Aut	bOpOFL	bPvOFL	bSpOFL	bAutOFL
fsMax=1.552671409317071	fsMin=0	fsGridNum=10	fdMax=1.552671409317071tfdMin=0	fdGridNum=10	v0GridNum=10	L=24
2024-12-06 21:55:00	24.135677164	95.1031696	95.0000153	1	0	0	0	0
2024-12-06 21:55:10	24.115907776	95.15655752800001	95.0000153	1	0	0	0	0
2024-12-06 21:55:20	24.05476894	95.486514	95.0000153	1	0	0	0	0
2024-12-06 21:55:30	24.061339416	95.4017844	95.0000153	1	0	0	0	0
2024-12-06 21:55:40	24.086706892	95.1590416	95.0000153	1	0	0	0	0
2024-12-06 21:55:50	24.011303692	95.616894	95.0000153	1	0	0	0	0
2024-12-06 21:56:00	24.08080616	95.140278776	95.0000153	1	0	0	0	0
2024-12-06 21:56:10	24.056347623999997	95.2272636	95.0000153	1	0	0	0	0
2024-12-06 21:56:20	24.036558336000002	95.31497035599999	95.0000153	1	0	0	0	0
2024-12-06 21:56:30	24.040134939999998	95.229598228	95.0000153	1	0	0	0	0
2024-12-06 21:56:40	23.940857912000002	95.8254676	95.0000153	1	0	0	0	0
2024-12-06 21:56:50	23.990169031999997	95.4196824	95.0000153	1	0	0	0	0
2024-12-06 21:57:00	23.990840476	95.32101952000001	95.0000153	1	0	0	0	0
2024-12-06 21:57:10	24.019762147999998	95.13517666	95.0000153	1	0	0	0	0
2024-12-06 21:57:20	23.98769248	95.313931956	95.0000153	1	0	0	0	0
2024-12-06 21:57:30	23.998853644	95.1399764	95.0000153	1	0	0	0	0
2024-12-06 21:57:40	23.985302219999998	95.16359519999999	95.0000153	1	0	0	0	0
2024-12-06 21:57:50	23.944944504	95.3575568	95.0000153	1	0	0	0	0
2024-12-06 21:58:00	23.991741119999997	94.97064119999999	95.0000153	1	0	0	0	0
2024-12-06 21:58:10	23.950994496	95.2130896	95.0000153	1	0	0	0	0
2024-12-06 21:58:20	23.916955932	95.382592464	95.0000153	1	0	0	0	0
2024-12-06 21:58:30	23.926206876000002	95.2709972	95.0000153	1	0	0	0	0
2024-12-06 21:58:40	23.95609048	95.04057399999999	95.0000153	1	0	0	0	0
2024-12-06 21:58:50	23.931397295999997	95.1751176	95.0000153	1	0	0	0	0
2024-12-06 21:59:00	23.947514408	95.01558399999999	95.0000153	1	0	0	0	0
2024-12-06 21:59:10	23.854197199999998	95.5068464	95.0000153	1	0	0	0	0
2024-12-06 21:59:20	23.841155928	95.52928759999999	95.0000153	1	0	0	0	0
2024-12-06 21:59:30	23.859754896	95.3218964	95.0000153	1	0	0	0	0
2024-12-06 21:59:40	23.845834401960783	95.33984217647058	95.0000153	1	0	0	0	0
2024-12-06 21:59:50	23.852556608	95.253344456	95.0000153	1	0	0	0	0
2024-12-06 22:00:00	23.899609256	94.914920844	95.0000153	1	0	0	0	0
2024-12-06 22:00:10	23.822336088	95.348408188	95.0000153	1	0	0	0	0
2024-12-06 22:00:20	23.822162304000003	95.292732472	95.0000153	1	0	0	0	0
2024-12-06 22:00:30	23.856606712	95.0116124	95.0000153	1	0	0	0	0
2024-12-06 22:00:40	23.787980908	95.3848108	95.0000153	1	0	0	0	0
2024-12-06 22:00:50	23.75776738	95.4378344	95.0000153	1	0	0	0	0
2024-12-06 22:01:00	23.7635358	95.37471079999999	95.0000153	1	0	0	0	0
2024-12-06 22:01:10	23.782923148	95.14353	95.0000153	1	0	0	0	0
2024-12-06 22:01:20	23.759673556	95.256742	95.0000153	1	0	0	0	0
2024-12-06 22:01:30	23.7449459	95.3228608	95.0000153	1	0	0	0	0
2024-12-06 22:01:40	23.664478284	95.722905372	95.0000153	1	0	0	0	0
2024-12-06 22:01:50	23.732467015999998	95.22430680000001	95.0000153	1	0	0	0	0
2024-12-06 22:02:00	23.733062852	95.18593	95.0000153	1	0	0	0	0
2024-12-06 22:02:10	23.700027128000002	95.305338076	95.0000153	1	0	0	0	0
2024-12-06 22:02:20	23.671986948	95.4244712	95.0000153	1	0	0	0	0
2024-12-06 22:02:30	23.652138224	95.434212824	95.0000153	1	0	0	0	0
2024-12-06 22:02:40	23.703368578431373	95.02671000000001	95.0000153	1	0	0	0	0
2024-12-06 22:02:50	23.647625748	95.32369080000001	95.0000153	1	0	0	0	0
2024-12-06 22:03:00	23.665550312	95.13749680000001	95.0000153	1	0	0	0	0
2024-12-06 22:03:10	23.632370068	95.3210608	95.0000153	1	0	0	0	0
2024-12-06 22:03:20	23.645646399999997	95.178339152	95.0000153	1	0	0	0	0
2024-12-06 22:03:30	23.59914088	95.40419196799999	95.0000153	1	0	0	0	0
2024-12-06 22:03:40	23.587280324	95.398397216	95.0000153	1	0	0	0	0
2024-12-06 22:03:50	23.5604257	95.492477864	95.0000153	1	0	0	0	0
2024-12-06 22:04:00	23.584092364	95.2509744	95.0000153	1	0	0	0	0
2024-12-06 22:04:10	23.516731103999998	95.58404592800001	95.0000153	1	0	0	0	0
2024-12-06 22:04:20	23.470717664	95.792496692	95.0000153	1	0	0	0	0
2024-12-06 22:04:30	23.474443184	95.6708936	95.0000153	1	0	0	0	0
2024-12-06 22:04:40	23.544373344	95.174447736	95.0000153	1	0	0	0	0
2024-12-06 22:04:50	23.494482332	95.3968328	95.0000153	1	0	0	0	0
2024-12-06 22:05:00	23.434643564	95.71500755999999	95.0000153	1	0	0	0	0
2024-12-06 22:05:10	23.459239092	95.435407152	95.0000153	1	0	0	0	0
2024-12-06 22:05:20	23.40341256	95.7209644	95.0000153	1	0	0	0	0
2024-12-06 22:05:30	23.416305892	95.566835992	95.0000153	1	0	0	0	0
2024-12-06 22:05:40	23.44084781176471	95.32807294117647	95.0000153	1	0	0	0	0
2024-12-06 22:05:50	23.43070635	95.33682	95.0000153	1	0	0	0	0
2024-12-06 22:06:00	23.378940240000002	95.58713648	95.0000153	1	0	0	0	0
2024-12-06 22:06:10	23.382132304	95.48770688	95.0000153	1	0	0	0	0
2024-12-06 22:06:20	23.373497735999997	95.4366892	95.0000153	1	0	0	0	0
2024-12-06 22:06:30	23.3406256	95.58574247199999	95.0000153	1	0	0	0	0
2024-12-06 22:06:40	23.3426218	95.51436559999999	95.0000153	1	0	0	0	0
2024-12-06 22:06:50	23.280850288	95.796807512	95.0000153	1	0	0	0	0
2024-12-06 22:07:00	23.303268151999998	95.49279080000001	95.0000153	1	0	0	0	0
2024-12-06 22:07:10	23.328625080000002	95.2743524	95.0000153	1	0	0	0	0
2024-12-06 22:07:20	23.31340876	95.34389399999999	95.0000153	1	0	0	0	0
2024-12-06 22:07:30	23.296012808	95.361701944	95.0000153	1	0	0	0	0
2024-12-06 22:07:40	23.25919548627451	95.52493705882354	95.0000153	1	0	0	0	0
2024-12-06 22:07:50	23.25729668	95.460196844	95.0000153	1	0	0	0	0
2024-12-06 22:08:00	23.266816592	95.298553	95.0000153	1	0	0	0	0
2024-12-06 22:08:10	23.2073668	95.5383464	95.0000153	1	0	0	0	0
2024-12-06 22:08:20	23.25535068	95.19925640000001	95.0000153	1	0	0	0	0
2024-12-06 22:08:30	23.186131932	95.548766292	95.0000153	1	0	0	0	0
2024-12-06 22:08:40	23.254382579999998	95.0482012	95.0000153	1	0	0	0	0
2024-12-06 22:08:50	23.190633008000002	95.4221328	95.0000153	1	0	0	0	0
2024-12-06 22:09:00	23.171356268	95.5050252	95.0000153	1	0	0	0	0
2024-12-06 22:09:10	23.165253864	95.450148	95.0000153	1	0	0	0	0
2024-12-06 22:09:20	23.161353196	95.4290092	95.0000153	1	0	0	0	0
2024-12-06 22:09:30	23.144704736	95.437953308	95.0000153	1	0	0	0	0
2024-12-06 22:09:40	23.17805138	95.195151288	95.0000153	1	0	0	0	0
2024-12-06 22:09:50	23.154274936	95.3014412	95.0000153	1	0	0	0	0
2024-12-06 22:10:00	23.227503708	94.7929952	95.0000153	1	0	0	0	0
2024-12-06 22:10:10	23.151529948	95.292174	95.0000153	1	0	0	0	0
2024-12-06 22:10:20	23.143154564	95.28356360000001	95.0000153	1	0	0	0	0
2024-12-06 22:10:30	23.170165192	95.0724792	95.0000153	1	0	0	0	0
2024-12-06 22:10:40	23.163779632	95.0515948	95.0000153	1	0	0	0	0
2024-12-06 22:10:50	23.168092656	95.00584808800001	95.0000153	1	0	0	0	0
2024-12-06 22:11:00	23.087201672	95.4861488	95.0000153	1	0	0	0	0
2024-12-06 22:11:10	23.110989	95.279412804	95.0000153	1	0	0	0	0
2024-12-06 22:11:20	23.172887919999997	94.823952	95.0000153	1	0	0	0	0
2024-12-06 22:11:30	23.153966183999998	94.9631172	95.0000153	1	0	0	0	0
2024-12-06 22:11:40	23.1313361	95.0829232	95.0000153	1	0	0	0	0
2024-12-06 22:11:50	23.168705456	94.782852	95.0000153	1	0	0	0	0
2024-12-06 22:12:00	23.178412427999998	94.77609480000001	95.0000153	1	0	0	0	0
2024-12-06 22:12:10	23.149881656	94.9365432	95.0000153	1	0	0	0	0
2024-12-06 22:12:20	23.130634168	95.0378388	95.0000153	1	0	0	0	0
2024-12-06 22:12:30	23.118748696	95.107128	95.0000153	1	0	0	0	0
2024-12-06 22:12:40	23.10460142	95.17481386	95.0000153	1	0	0	0	0
2024-12-06 22:12:50	23.135366708	94.970471208	95.0000153	1	0	0	0	0
2024-12-06 22:13:00	23.142997960000002	94.9508832	95.0000153	1	0	0	0	0
2024-12-06 22:13:10	23.134084696	95.0063692	95.0000153	1	0	0	0	0
2024-12-06 22:13:20	23.226204252	94.456558	95.0000153	1	0	0	0	0
2024-12-06 22:13:30	23.148344976	94.9830288	95.0000153	1	0	0	0	0
2024-12-06 22:13:40	23.19463328	94.6802416	95.0000153	1	0	0	0	0
2024-12-06 22:13:50	23.053186148	95.574348	95.0000153	1	0	0	0	0
2024-12-06 22:14:00	23.1816848	94.7158616	95.0000153	1	0	0	0	0
2024-12-06 22:14:10	23.108936952	95.228156	95.0000153	1	0	0	0	0
2024-12-06 22:14:20	23.168564632000002	94.841022336	95.0000153	1	0	0	0	0
2024-12-06 22:14:30	23.148080256	95.0237396	95.0000153	1	0	0	0	0
2024-12-06 22:14:40	23.186351600000002	94.7721936	95.0000153	1	0	0	0	0
2024-12-06 22:14:50	23.245848008	94.4838952	95.0000153	1	0	0	0	0
2024-12-06 22:15:00	23.235567936	94.607971648	95.0000153	1	0	0	0	0
2024-12-06 22:15:10	23.16209432	95.08545029199999	95.0000153	1	0	0	0	0
2024-12-06 22:15:20	23.13951406	95.223562508	95.0000153	1	0	0	0	0
2024-12-06 22:15:30	23.165054568	95.022026908	95.0000153	1	0	0	0	0
2024-12-06 22:15:40	23.120469212000003	95.28793488000001	95.0000153	1	0	0	0	0
2024-12-06 22:15:50	23.102644084	95.3778648	95.0000153	1	0	0	0	0
2024-12-06 22:16:00	23.165358156	94.99266639999999	95.0000153	1	0	0	0	0
2024-12-06 22:16:10	23.181253416	94.9166436	95.0000153	1	0	0	0	0
2024-12-06 22:16:20	23.1658548	95.00638683199999	95.0000153	1	0	0	0	0
2024-12-06 22:16:30	23.149093904	95.0778064	95.0000153	1	0	0	0	0
2024-12-06 22:16:40	23.178647376	94.929698108	95.0000153	1	0	0	0	0
2024-12-06 22:16:50	23.178172479999997	94.8980136	95.0000153	1	0	0	0	0
2024-12-06 22:17:00	23.156429380000002	95.02166319999999	95.0000153	1	0	0	0	0
2024-12-06 22:17:10	23.198257252	94.788406968	95.0000153	1	0	0	0	0
2024-12-06 22:17:20	23.183498808	94.9148596	95.0000153	1	0	0	0	0
2024-12-06 22:17:30	23.189612324	94.8489064	95.0000153	1	0	0	0	0
2024-12-06 22:17:40	23.157338444	95.067676	95.0000153	1	0	0	0	0
2024-12-06 22:17:50	23.155912892	95.091583268	95.0000153	1	0	0	0	0
2024-12-06 22:18:00	23.164086912	95.0214984	95.0000153	1	0	0	0	0
2024-12-06 22:18:10	23.169760544000003	95.0235124	95.0000153	1	0	0	0	0
2024-12-06 22:18:20	23.155825223999997	95.1273848	95.0000153	1	0	0	0	0
2024-12-06 22:18:30	23.17397598	94.95304254	95.0000153	1	0	0	0	0
2024-12-06 22:18:40	23.15446386	95.16339	95.0000153	1	0	0	0	0
2024-12-06 22:18:50	23.18858556	94.921225936	95.0000153	1	0	0	0	0
2024-12-06 22:19:00	23.237752116	94.60246199999999	95.0000153	1	0	0	0	0
2024-12-06 22:19:10	23.144033256	95.228271952	95.0000153	1	0	0	0	0
2024-12-06 22:19:20	23.15246866	95.1270208	95.0000153	1	0	0	0	0
2024-12-06 22:19:30	23.141789796	95.19691560000001	95.0000153	1	0	0	0	0
2024-12-06 22:19:40	23.159263067999998	95.037378	95.0000153	1	0	0	0	0
2024-12-06 22:19:50	23.173536756	94.9421584	95.0000153	1	0	0	0	0
2024-12-06 22:20:00	23.19398312	94.88616760000001	95.0000153	1	0	0	0	0
2024-12-06 22:20:10	23.21381896	94.77133479999999	95.0000153	1	0	0	0	0
2024-12-06 22:20:20	23.149879048	95.2131688	95.0000153	1	0	0	0	0
2024-12-06 22:20:30	23.144383268	95.188126744	95.0000153	1	0	0	0	0
2024-12-06 22:20:40	23.168331964	95.0339332	95.0000153	1	0	0	0	0
2024-12-06 22:20:50	23.115062968	95.31379168	95.0000153	1	0	0	0	0
2024-12-06 22:21:00	23.148597368	95.085286664	95.0000153	1	0	0	0	0
2024-12-06 22:21:10	23.15201972	95.063985336	95.0000153	1	0	0	0	0
2024-12-06 22:21:20	23.156171592	95.013385144	95.0000153	1	0	0	0	0
2024-12-06 22:21:30	23.138652368	95.10535391200001	95.0000153	1	0	0	0	0
2024-12-06 22:21:40	23.16324968	94.90389400000001	95.0000153	1	0	0	0	0
2024-12-06 22:21:50	23.171416699999998	94.898839244	95.0000153	1	0	0	0	0
2024-12-06 22:22:00	23.147572272	95.037989032	95.0000153	1	0	0	0	0
2024-12-06 22:22:10	23.166137364	94.9203828	95.0000153	1	0	0	0	0
2024-12-06 22:22:20	23.159132644	94.95999880000001	95.0000153	1	0	0	0	0
2024-12-06 22:22:30	23.102334627999998	95.299729128	95.0000153	1	0	0	0	0
2024-12-06 22:22:40	23.154102232	94.9468476	95.0000153	1	0	0	0	0
2024-12-06 22:22:50	23.103390584000003	95.2806568	95.0000153	1	0	0	0	0
2024-12-06 22:23:00	23.119137548	95.1660284	95.0000153	1	0	0	0	0
2024-12-06 22:23:10	23.205170308000003	94.659491124	95.0000153	1	0	0	0	0
2024-12-06 22:23:20	23.163959767999998	94.88612880000001	95.0000153	1	0	0	0	0
2024-12-06 22:23:30	23.160991428	94.94027600000001	95.0000153	1	0	0	0	0
2024-12-06 22:23:40	23.204562324	94.69706120000001	95.0000153	1	0	0	0	0
2024-12-06 22:23:50	23.134388288	95.165297944	95.0000153	1	0	0	0	0
2024-12-06 22:24:00	23.160811016	94.9591448	95.0000153	1	0	0	0	0
2024-12-06 22:24:10	23.151642348	94.97380838400001	95.0000153	1	0	0	0	0
2024-12-06 22:24:20	23.145686916	95.0025868	95.0000153	1	0	0	0	0
2024-12-06 22:24:30	23.125016064	95.15685157600001	95.0000153	1	0	0	0	0
2024-12-06 22:24:40	23.133451956000002	95.06160440000001	95.0000153	1	0	0	0	0
2024-12-06 22:24:50	23.161775935999998	94.8827112	95.0000153	1	0	0	0	0
2024-12-06 22:25:00	23.1346495	95.06644810799999	95.0000153	1	0	0	0	0
2024-12-06 22:25:10	23.11312366	95.2042632	95.0000153	1	0	0	0	0
2024-12-06 22:25:20	23.120504620000002	95.077496724	95.0000153	1	0	0	0	0
2024-12-06 22:25:30	23.127869408	95.02117919999999	95.0000153	1	0	0	0	0
2024-12-06 22:25:40	23.13413736	94.94870392	95.0000153	1	0	0	0	0
2024-12-06 22:25:50	23.132006556	94.990654936	95.0000153	1	0	0	0	0
2024-12-06 22:26:00	23.139093928	94.8762052	95.0000153	1	0	0	0	0
2024-12-06 22:26:10	23.131588516	94.938616	95.0000153	1	0	0	0	0
2024-12-06 22:26:20	23.149744384	94.7946628	95.0000153	1	0	0	0	0
2024-12-06 22:26:30	23.131421564	94.9303268	95.0000153	1	0	0	0	0
2024-12-06 22:26:40	23.116983532	95.029882968	95.0000153	1	0	0	0	0
2024-12-06 22:26:50	23.126512476	95.00765632000001	95.0000153	1	0	0	0	0
2024-12-06 22:27:00	23.078659408	95.3113312	95.0000153	1	0	0	0	0
2024-12-06 22:27:10	23.162473155999997	94.7464964	95.0000153	1	0	0	0	0
2024-12-06 22:27:20	23.057228016	95.43004119999999	95.0000153	1	0	0	0	0
2024-12-06 22:27:30	23.091529964	95.162916704	95.0000153	1	0	0	0	0
2024-12-06 22:27:40	23.138040808	94.8419492	95.0000153	1	0	0	0	0
2024-12-06 22:27:50	23.078980312	95.2141204	95.0000153	1	0	0	0	0
2024-12-06 22:28:00	23.09732652	95.119016388	95.0000153	1	0	0	0	0
2024-12-06 22:28:10	23.125278208	94.895751648	95.0000153	1	0	0	0	0
2024-12-06 22:28:20	23.1377718	94.878856464	95.0000153	1	0	0	0	0
2024-12-06 22:28:30	23.056854024	95.39332623199999	95.0000153	1	0	0	0	0
2024-12-06 22:28:40	23.130938068	94.8848916	95.0000153	1	0	0	0	0
2024-12-06 22:28:50	23.071374243999998	95.2230272	95.0000153	1	0	0	0	0
2024-12-06 22:29:00	23.105464744	95.0021424	95.0000153	1	0	0	0	0
2024-12-06 22:29:10	23.060762908	95.28190441599999	95.0000153	1	0	0	0	0
2024-12-06 22:29:20	23.095003511999998	95.03664599999999	95.0000153	1	0	0	0	0
2024-12-06 22:29:30	23.125088876	94.8355004	95.0000153	1	0	0	0	0
2024-12-06 22:29:40	23.088832615999998	95.07614240000001	95.0000153	1	0	0	0	0
2024-12-06 22:29:50	23.094094604	95.0088992	95.0000153	1	0	0	0	0
2024-12-06 22:30:00	23.098810412000002	94.9900516	95.0000153	1	0	0	0	0
2024-12-06 22:30:10	23.065244488	95.194462536	95.0000153	1	0	0	0	0
2024-12-06 22:30:20	23.082445732	95.06560759999999	95.0000153	1	0	0	0	0
2024-12-06 22:30:30	23.080945372	95.0406672	95.0000153	1	0	0	0	0
2024-12-06 22:30:40	23.093993	94.92851	95.0000153	1	0	0	0	0
2024-12-06 22:30:50	23.046002888	95.235448752	95.0000153	1	0	0	0	0
2024-12-06 22:31:00	23.013788556	95.3704332	95.0000153	1	0	0	0	0
2024-12-06 22:31:10	23.054430004	95.108931208	95.0000153	1	0	0	0	0
2024-12-06 22:31:20	23.079461296	94.963874	95.0000153	1	0	0	0	0
2024-12-06 22:31:30	23.077443975999998	94.95242	95.0000153	1	0	0	0	0
2024-12-06 22:31:40	23.095686796	94.860642	95.0000153	1	0	0	0	0
2024-12-06 22:31:50	23.125750828	94.6952184	95.0000153	1	0	0	0	0
2024-12-06 22:32:00	23.115595264	94.847535832	95.0000153	1	0	0	0	0
2024-12-06 22:32:10	23.084069744	95.037616	95.0000153	1	0	0	0	0
2024-12-06 22:32:20	23.069726796	95.122988008	95.0000153	1	0	0	0	0
2024-12-06 22:32:30	23.153665288	94.57897881199999	95.0000153	1	0	0	0	0
2024-12-06 22:32:40	23.085748415999998	95.0398032	95.0000153	1	0	0	0	0
2024-12-06 22:32:50	23.081764795999998	95.0778548	95.0000153	1	0	0	0	0
2024-12-06 22:33:00	23.13241674	94.7813516	95.0000153	1	0	0	0	0
2024-12-06 22:33:10	23.149462768	94.66710482399999	95.0000153	1	0	0	0	0
2024-12-06 22:33:20	23.18456464	94.5337552	95.0000153	1	0	0	0	0
2024-12-06 22:33:30	23.133033016	94.90852600000001	95.0000153	1	0	0	0	0
2024-12-06 22:33:40	23.07608686	95.262277616	95.0000153	1	0	0	0	0
2024-12-06 22:33:50	23.102727268	95.0679216	95.0000153	1	0	0	0	0
2024-12-06 22:34:00	23.173532628	94.6294496	95.0000153	1	0	0	0	0
2024-12-06 22:34:10	23.136115432	94.9131488	95.0000153	1	0	0	0	0
2024-12-06 22:34:20	23.122436568	94.98736199999999	95.0000153	1	0	0	0	0
2024-12-06 22:34:30	23.110542191999997	95.08083808800001	95.0000153	1	0	0	0	0
2024-12-06 22:34:40	23.151122252	94.8116692	95.0000153	1	0	0	0	0
2024-12-06 22:34:50	23.1610024	94.736985484	95.0000153	1	0	0	0	0
2024-12-06 22:35:00	23.214329964	94.46206959999999	95.0000153	1	0	0	0	0
2024-12-06 22:35:10	23.138751747999997	94.97462639999999	95.0000153	1	0	0	0	0
2024-12-06 22:35:20	23.196111304	94.5874512	95.0000153	1	0	0	0	0
2024-12-06 22:35:30	23.127528156	95.0722856	95.0000153	1	0	0	0	0
2024-12-06 22:35:40	23.154519379104478	94.92383884179105	95.0000153	1	0	0	0	0
2024-12-06 22:35:50	23.153057239024392	94.95135097560976	95.0000153	1	0	0	0	0
2024-12-06 22:36:00	23.164222316	94.9387404	95.0000153	1	0	0	0	0
2024-12-06 22:36:10	23.183378064	94.8106468	95.0000153	1	0	0	0	0
2024-12-06 22:36:20	23.190609432	94.8249876	95.0000153	1	0	0	0	0
2024-12-06 22:36:30	23.195024856	94.8099372	95.0000153	1	0	0	0	0
2024-12-06 22:36:40	23.218883392	94.6932056	95.0000153	1	0	0	0	0
2024-12-06 22:36:50	23.214349364	94.7893384	95.0000153	1	0	0	0	0
2024-12-06 22:37:00	23.194977368	94.949609644	95.0000153	1	0	0	0	0
2024-12-06 22:37:10	23.22584196	94.75437012799999	95.0000153	1	0	0	0	0
2024-12-06 22:37:20	23.217440728	94.87282359999999	95.0000153	1	0	0	0	0
2024-12-06 22:37:30	23.155179932000003	95.27426559999999	95.0000153	1	0	0	0	0
2024-12-06 22:37:40	23.245102488	94.6994152	95.0000153	1	0	0	0	0
2024-12-06 22:37:50	23.207342	94.97957360000001	95.0000153	1	0	0	0	0
2024-12-06 22:38:00	23.238528772	94.79701200000001	95.0000153	1	0	0	0	0
2024-12-06 22:38:10	23.200715256000002	95.0470688	95.0000153	1	0	0	0	0
2024-12-06 22:38:20	23.190716132000002	95.11004399999999	95.0000153	1	0	0	0	0
2024-12-06 22:38:30	23.207946356	95.016676	95.0000153	1	0	0	0	0
2024-12-06 22:38:40	23.203408	95.079672024	95.0000153	1	0	0	0	0
2024-12-06 22:38:50	23.207531576	95.010560336	95.0000153	1	0	0	0	0
2024-12-06 22:39:00	23.217403024	94.91650080000001	95.0000153	1	0	0	0	0
2024-12-06 22:39:10	23.221746356	94.9364576	95.0000153	1	0	0	0	0
2024-12-06 22:39:20	23.223354388	94.924708	95.0000153	1	0	0	0	0
2024-12-06 22:39:30	23.244394456000002	94.838400864	95.0000153	1	0	0	0	0
2024-12-06 22:39:40	23.19493828	95.1977796	95.0000153	1	0	0	0	0
2024-12-06 22:39:50	23.244174076	94.84398208799999	95.0000153	1	0	0	0	0
2024-12-06 22:40:00	23.254056348	94.850507896	95.0000153	1	0	0	0	0
2024-12-06 22:40:10	23.225389316	95.012147548	95.0000153	1	0	0	0	0
2024-12-06 22:40:20	23.275393504	94.7244848	95.0000153	1	0	0	0	0
2024-12-06 22:40:30	23.26833848	94.7972776	95.0000153	1	0	0	0	0
2024-12-06 22:40:40	23.255738060000002	94.9222384	95.0000153	1	0	0	0	0
2024-12-06 22:40:50	23.2583108	94.9450336	95.0000153	1	0	0	0	0
2024-12-06 22:41:00	23.243533056	95.00480650799999	95.0000153	1	0	0	0	0
2024-12-06 22:41:10	23.257381584	94.926917264	95.0000153	1	0	0	0	0
2024-12-06 22:41:20	23.23826732	95.0484308	95.0000153	1	0	0	0	0
2024-12-06 22:41:30	23.244674196000002	94.9805108	95.0000153	1	0	0	0	0
2024-12-06 22:41:40	23.211425312000003	95.2365344	95.0000153	1	0	0	0	0
2024-12-06 22:41:50	23.253414	94.9098368	95.0000153	1	0	0	0	0
2024-12-06 22:42:00	23.244691476	94.99115192	95.0000153	1	0	0	0	0
2024-12-06 22:42:10	23.229633976	95.08983807999999	95.0000153	1	0	0	0	0
2024-12-06 22:42:20	23.271050688	94.844010064	95.0000153	1	0	0	0	0
2024-12-06 22:42:30	23.24126408	95.054664488	95.0000153	1	0	0	0	0
2024-12-06 22:42:40	23.239499808	95.0726652	95.0000153	1	0	0	0	0
2024-12-06 22:42:50	23.243270056	95.031502	95.0000153	1	0	0	0	0
2024-12-06 22:43:00	23.254404572	94.9851048	95.0000153	1	0	0	0	0
2024-12-06 22:43:10	23.316532975999998	94.6522652	95.0000153	1	0	0	0	0
2024-12-06 22:43:20	23.250610232	95.0677708	95.0000153	1	0	0	0	0
2024-12-06 22:43:30	23.256987068	95.04316869200001	95.0000153	1	0	0	0	0
2024-12-06 22:43:40	23.256305804	95.0742596	95.0000153	1	0	0	0	0
2024-12-06 22:43:50	23.256272623999998	95.0769376	95.0000153	1	0	0	0	0
2024-12-06 22:44:00	23.253080948	95.1075812	95.0000153	1	0	0	0	0
2024-12-06 22:44:10	23.262995844	95.00399879999999	95.0000153	1	0	0	0	0
2024-12-06 22:44:20	23.257953611999998	95.0705452	95.0000153	1	0	0	0	0
2024-12-06 22:44:30	23.297294691999998	94.81884112	95.0000153	1	0	0	0	0
2024-12-06 22:44:40	23.311743964	94.79648044	95.0000153	1	0	0	0	0
2024-12-06 22:44:50	23.28742896	94.9108944	95.0000153	1	0	0	0	0
2024-12-06 22:45:00	23.2799528	94.979438848	95.0000153	1	0	0	0	0
2024-12-06 22:45:10	23.329463872	94.6452236	95.0000153	1	0	0	0	0
2024-12-06 22:45:20	23.2138399	95.421568088	95.0000153	1	0	0	0	0
2024-12-06 22:45:30	23.23674664	95.200200516	95.0000153	1	0	0	0	0
2024-12-06 22:45:40	23.270362948	95.016755828	95.0000153	1	0	0	0	0
2024-12-06 22:45:50	23.359038196	94.43969878	95.0000153	1	0	0	0	0
2024-12-06 22:46:00	23.33602676	94.622289184	95.0000153	1	0	0	0	0
2024-12-06 22:46:10	23.337991291999998	94.6719568	95.0000153	1	0	0	0	0
2024-12-06 22:46:20	23.313049128	94.885556536	95.0000153	1	0	0	0	0
2024-12-06 22:46:30	23.36191344	94.593314	95.0000153	1	0	0	0	0
2024-12-06 22:46:40	23.346084767999997	94.67985320000001	95.0000153	1	0	0	0	0
2024-12-06 22:46:50	23.347784364	94.77306560000001	95.0000153	1	0	0	0	0
2024-12-06 22:47:00	23.375417375999998	94.575590048	95.0000153	1	0	0	0	0
2024-12-06 22:47:10	23.31955346	94.995517952	95.0000153	1	0	0	0	0
2024-12-06 22:47:20	23.296321608	95.1669096	95.0000153	1	0	0	0	0
2024-12-06 22:47:30	23.32316404	95.0027704	95.0000153	1	0	0	0	0
2024-12-06 22:47:40	23.327819824	94.91470926400001	95.0000153	1	0	0	0	0
2024-12-06 22:47:50	23.340596156	94.90481077599999	95.0000153	1	0	0	0	0
2024-12-06 22:48:00	23.403729824	94.53682512	95.0000153	1	0	0	0	0
2024-12-06 22:48:10	23.358736792000002	94.84191128	95.0000153	1	0	0	0	0
2024-12-06 22:48:20	23.309964136	95.194733296	95.0000153	1	0	0	0	0
2024-12-06 22:48:30	23.377714952	94.77878917599999	95.0000153	1	0	0	0	0
2024-12-06 22:48:40	23.375271696	94.59806124800001	95.0000153	1	0	0	0	0
2024-12-06 22:48:50	23.374686452000002	94.88868520000001	95.0000153	1	0	0	0	0
2024-12-06 22:49:00	23.36883464	94.91427999999999	95.0000153	1	0	0	0	0
2024-12-06 22:49:10	23.388592636	94.827749104	95.0000153	1	0	0	0	0
2024-12-06 22:49:20	23.3929584	94.857674816	95.0000153	1	0	0	0	0
2024-12-06 22:49:30	23.441954616	94.5407684	95.0000153	1	0	0	0	0
2024-12-06 22:49:40	23.372863176	95.020239504	95.0000153	1	0	0	0	0
2024-12-06 22:49:50	23.362247532	95.095522972	95.0000153	1	0	0	0	0
2024-12-06 22:50:00	23.345131552	95.2211524	95.0000153	1	0	0	0	0
2024-12-06 22:50:10	23.440175908	94.597854	95.0000153	1	0	0	0	0
2024-12-06 22:50:20	23.37283298	95.020031692	95.0000153	1	0	0	0	0
2024-12-06 22:50:30	23.419487336	94.7673552	95.0000153	1	0	0	0	0
2024-12-06 22:50:40	23.416950284000002	94.72392880000001	95.0000153	1	0	0	0	0
2024-12-06 22:50:50	23.464793184	94.547729144	95.0000153	1	0	0	0	0
2024-12-06 22:51:00	23.433926784	94.7671912	95.0000153	1	0	0	0	0
2024-12-06 22:51:10	23.408686516	94.9389108	95.0000153	1	0	0	0	0
2024-12-06 22:51:20	23.425450472	94.853347492	95.0000153	1	0	0	0	0
2024-12-06 22:51:30	23.404611428	95.00105959999999	95.0000153	1	0	0	0	0
2024-12-06 22:51:40	23.450511036	94.8047096	95.0000153	1	0	0	0	0
2024-12-06 22:51:50	23.387674748000002	95.154146172	95.0000153	1	0	0	0	0
2024-12-06 22:52:00	23.392898876	95.1159708	95.0000153	1	0	0	0	0
2024-12-06 22:52:10	23.37776332	95.1809476	95.0000153	1	0	0	0	0
2024-12-06 22:52:20	23.47935872	94.57239134400001	95.0000153	1	0	0	0	0
2024-12-06 22:52:30	23.451860064	94.7852412	95.0000153	1	0	0	0	0
2024-12-06 22:52:40	23.488753323999997	94.76114786400001	95.0000153	1	0	0	0	0
2024-12-06 22:52:50	23.449225312	94.89221112	95.0000153	1	0	0	0	0
2024-12-06 22:53:00	23.386384848	95.252564784	95.0000153	1	0	0	0	0
2024-12-06 22:53:10	23.478890808	94.7168908	95.0000153	1	0	0	0	0
2024-12-06 22:53:20	23.460958012	94.86369639200001	95.0000153	1	0	0	0	0
2024-12-06 22:53:30	23.418518488	95.139076816	95.0000153	1	0	0	0	0
2024-12-06 22:53:40	23.457723943999998	94.7990904	95.0000153	1	0	0	0	0
2024-12-06 22:53:50	23.456407419999998	94.9162728	95.0000153	1	0	0	0	0
2024-12-06 22:54:00	23.46604882	94.86918999999999	95.0000153	1	0	0	0	0
2024-12-06 22:54:10	23.446916784	95.005331552	95.0000153	1	0	0	0	0
2024-12-06 22:54:20	23.4884572	94.78449599999999	95.0000153	1	0	0	0	0
2024-12-06 22:54:30	23.48815742	94.8592036	95.0000153	1	0	0	0	0
2024-12-06 22:54:40	23.476064431999998	94.67810711999999	95.0000153	1	0	0	0	0
2024-12-06 22:54:50	23.485678032000003	94.9598044	95.0000153	1	0	0	0	0
2024-12-06 22:55:00	23.479501088	95.02311599999999	95.0000153	1	0	0	0	0
2024-12-06 22:55:10	23.474112536	95.097952	95.0000153	1	0	0	0	0
2024-12-06 22:55:20	23.484204356000003	95.050512768	95.0000153	1	0	0	0	0
2024-12-06 22:55:30	23.511473128000002	94.932704	95.0000153	1	0	0	0	0
2024-12-06 22:55:40	23.549743804	94.515234	95.0000153	1	0	0	0	0
2024-12-06 22:55:50	23.560454064	94.653912	95.0000153	1	0	0	0	0
2024-12-06 22:56:00	23.514007444	95.02300120000001	95.0000153	1	0	0	0	0
2024-12-06 22:56:10	23.545995628	94.81472958399999	95.0000153	1	0	0	0	0
2024-12-06 22:56:20	23.527205207999998	94.9908032	95.0000153	1	0	0	0	0
2024-12-06 22:56:30	23.510417136	95.08347640000001	95.0000153	1	0	0	0	0
2024-12-06 22:56:40	23.496311728	95.04548439999999	95.0000153	1	0	0	0	0
2024-12-06 22:56:50	23.58656826	94.6477232	95.0000153	1	0	0	0	0
2024-12-06 22:57:00	23.604300836	94.5464832	95.0000153	1	0	0	0	0
2024-12-06 22:57:10	23.543845036	94.96891964	95.0000153	1	0	0	0	0
2024-12-06 22:57:20	23.550475044	94.9071464	95.0000153	1	0	0	0	0
2024-12-06 22:57:30	23.570284416000003	94.807348	95.0000153	1	0	0	0	0
2024-12-06 22:57:40	23.52175976	95.1012444	95.0000153	1	0	0	0	0
2024-12-06 22:57:50	23.491989504	95.2950804	95.0000153	1	0	0	0	0
2024-12-06 22:58:00	23.561071188	94.8312164	95.0000153	1	0	0	0	0
2024-12-06 22:58:10	23.562096152	94.894571984	95.0000153	1	0	0	0	0
2024-12-06 22:58:20	23.54351778	95.017060072	95.0000153	1	0	0	0	0
2024-12-06 22:58:30	23.557615516	94.939195516	95.0000153	1	0	0	0	0
2024-12-06 22:58:40	23.574206633333333	94.88383609019608	95.0000153	1	0	0	0	0
2024-12-06 22:58:50	23.514260348	95.28924359999999	95.0000153	1	0	0	0	0
2024-12-06 22:59:00	23.61694408	94.6454532	95.0000153	1	0	0	0	0
2024-12-06 22:59:10	23.631432636	94.618895612	95.0000153	1	0	0	0	0
2024-12-06 22:59:20	23.572554196	95.08842009600001	95.0000153	1	0	0	0	0
2024-12-06 22:59:30	23.634586536	94.723199432	95.0000153	1	0	0	0	0
2024-12-06 22:59:40	23.620271382352943	94.83011098039215	95.0000153	1	0	0	0	0
2024-12-06 22:59:50	23.619044627999997	94.9058268	95.0000153	1	0	0	0	0
2024-12-06 23:00:00	23.580780252	95.111255216	95.0000153	1	0	0	0	0
2024-12-06 23:00:10	23.632879499999998	94.81129161599999	95.0000153	1	0	0	0	0
2024-12-06 23:00:20	23.6872841	94.4565372	95.0000153	1	0	0	0	0
2024-12-06 23:00:30	23.609385275999998	95.01457684	95.0000153	1	0	0	0	0
2024-12-06 23:00:40	23.654559256000002	94.6303424	95.0000153	1	0	0	0	0
2024-12-06 23:00:50	23.718979156	94.4029036	95.0000153	1	0	0	0	0
2024-12-06 23:01:00	23.6920324	94.65176840000001	95.0000153	1	0	0	0	0
2024-12-06 23:01:10	23.652245148	94.926385832	95.0000153	1	0	0	0	0
2024-12-06 23:01:20	23.653921091999997	94.956135528	95.0000153	1	0	0	0	0
2024-12-06 23:01:30	23.655262312	94.973730436	95.0000153	1	0	0	0	0
2024-12-06 23:01:40	23.645606176470586	94.85696745098039	95.0000153	1	0	0	0	0
2024-12-06 23:01:50	23.653335092	94.9788512	95.0000153	1	0	0	0	0
2024-12-06 23:02:00	23.703979731999997	94.686792	95.0000153	1	0	0	0	0
2024-12-06 23:02:10	23.679363736	94.89150000000001	95.0000153	1	0	0	0	0
2024-12-06 23:02:20	23.694443044	94.8393808	95.0000153	1	0	0	0	0
2024-12-06 23:02:30	23.69348728	94.90134383200001	95.0000153	1	0	0	0	0
2024-12-06 23:02:40	23.703982944	94.974628416	95.0000153	1	0	0	0	0
2024-12-06 23:02:50	23.726309248	94.68079192	95.0000153	1	0	0	0	0
2024-12-06 23:03:00	23.727237096	94.729918412	95.0000153	1	0	0	0	0
2024-12-06 23:03:10	23.771536096	94.452119216	95.0000153	1	0	0	0	0
2024-12-06 23:03:20	23.734935508	94.8154592	95.0000153	1	0	0	0	0
2024-12-06 23:03:30	23.7469112	94.79325	95.0000153	1	0	0	0	0
2024-12-06 23:03:40	23.73370512	95.02280760000001	95.0000153	1	0	0	0	0
2024-12-06 23:03:50	23.749688056	94.828894	95.0000153	1	0	0	0	0
2024-12-06 23:04:00	23.764707444	94.76977600000001	95.0000153	1	0	0	0	0
2024-12-06 23:04:10	23.767939600000002	94.8069844	95.0000153	1	0	0	0	0
2024-12-06 23:04:20	23.710177559999998	95.195350816	95.0000153	1	0	0	0	0
2024-12-06 23:04:30	23.662540856	95.4372952	95.0000153	1	0	0	0	0
2024-12-06 23:04:40	23.72449814901961	95.03196784313727	95.0000153	1	0	0	0	0
2024-12-06 23:04:50	23.782539596	94.6905396	95.0000153	1	0	0	0	0
2024-12-06 23:05:00	23.731391828	95.0364562	95.0000153	1	0	0	0	0
2024-12-06 23:05:10	23.804948156	94.60788079999999	95.0000153	1	0	0	0	0
2024-12-06 23:05:20	23.760467836	94.93272560000001	95.0000153	1	0	0	0	0
2024-12-06 23:05:30	23.791548199999998	94.7723752	95.0000153	1	0	0	0	0
2024-12-06 23:05:40	23.825223797014925	94.63254677014925	95.0000153	1	0	0	0	0
2024-12-06 23:05:50	23.842355214285714	94.58679228571428	95.0000153	1	0	0	0	0
2024-12-06 23:06:00	23.8470142	94.611904	95.0000153	1	0	0	0	0
2024-12-06 23:06:10	23.842615856	94.71866800000001	95.0000153	1	0	0	0	0
2024-12-06 23:06:20	23.784002548	95.106413272	95.0000153	1	0	0	0	0
2024-12-06 23:06:30	23.8297098	94.84639712	95.0000153	1	0	0	0	0
2024-12-06 23:06:40	23.878237312	94.80939848	95.0000153	1	0	0	0	0
2024-12-06 23:06:50	23.896185356	94.537967092	95.0000153	1	0	0	0	0
2024-12-06 23:07:00	23.818154512	95.0935408	95.0000153	1	0	0	0	0
2024-12-06 23:07:10	23.863202256	94.801751952	95.0000153	1	0	0	0	0
2024-12-06 23:07:20	23.844940312000002	94.9501044	95.0000153	1	0	0	0	0
2024-12-06 23:07:30	23.9003588	94.61062840000001	95.0000153	1	0	0	0	0
2024-12-06 23:07:40	23.864873927999998	94.92330240000001	95.0000153	1	0	0	0	0
2024-12-06 23:07:50	23.909434392	94.6642744	95.0000153	1	0	0	0	0
2024-12-06 23:08:00	23.897804532	94.78850440000001	95.0000153	1	0	0	0	0
2024-12-06 23:08:10	23.979054024	94.37087475199999	95.0000153	1	0	0	0	0
2024-12-06 23:08:20	23.894049988	94.954083688	95.0000153	1	0	0	0	0
2024-12-06 23:08:30	23.960221624	94.56477720000001	95.0000153	1	0	0	0	0
2024-12-06 23:08:40	23.898889999999998	94.98643320000001	95.0000153	1	0	0	0	0
2024-12-06 23:08:50	23.907278171999998	94.9775828	95.0000153	1	0	0	0	0
2024-12-06 23:09:00	23.9389852	94.77146479999999	95.0000153	1	0	0	0	0
2024-12-06 23:09:10	23.924845836	94.8623824	95.0000153	1	0	0	0	0
2024-12-06 23:09:20	23.918346316	94.91866759999999	95.0000153	1	0	0	0	0
2024-12-06 23:09:30	23.960958591999997	94.646335584	95.0000153	1	0	0	0	0
2024-12-06 23:09:40	23.938228088000002	95.08401844	95.0000153	1	0	0	0	0
2024-12-06 23:09:50	23.948677732	94.79755666	95.0000153	1	0	0	0	0
2024-12-06 23:10:00	23.937240056	94.865300264	95.0000153	1	0	0	0	0
2024-12-06 23:10:10	23.947586592	94.84554920000001	95.0000153	1	0	0	0	0
2024-12-06 23:10:20	23.906511716	95.14794312	95.0000153	1	0	0	0	0
2024-12-06 23:10:30	23.965162128	94.77873614	95.0000153	1	0	0	0	0
2024-12-06 23:10:40	23.972231400000002	94.831083124	95.0000153	1	0	0	0	0
2024-12-06 23:10:50	23.997232999999998	94.67187679999999	95.0000153	1	0	0	0	0
2024-12-06 23:11:00	23.949849352	94.9732772	95.0000153	1	0	0	0	0
2024-12-06 23:11:10	23.989400784	94.73562199999999	95.0000153	1	0	0	0	0
2024-12-06 23:11:20	23.954518504	94.98368636000001	95.0000153	1	0	0	0	0
2024-12-06 23:11:30	24.012234407999998	94.68267426	95.0000153	1	0	0	0	0
2024-12-06 23:11:40	23.953373340000002	95.2871716	95.0000153	1	0	0	0	0
2024-12-06 23:11:50	23.93179482	95.14248599999999	95.0000153	1	0	0	0	0
2024-12-06 23:12:00	23.935908320000003	95.0627496	95.0000153	1	0	0	0	0
2024-12-06 23:12:10	23.983088184000003	94.78329959999999	95.0000153	1	0	0	0	0
2024-12-06 23:12:20	23.953612256	95.0059416	95.0000153	1	0	0	0	0
2024-12-06 23:12:30	24.027242	94.5721292	95.0000153	1	0	0	0	0
2024-12-06 23:12:40	23.955438384	95.1257808	95.0000153	1	0	0	0	0
2024-12-06 23:12:50	23.971381136	94.9851896	95.0000153	1	0	0	0	0
2024-12-06 23:13:00	23.99953174	94.819215612	95.0000153	1	0	0	0	0
2024-12-06 23:13:10	23.99497892	94.85780312	95.0000153	1	0	0	0	0
2024-12-06 23:13:20	23.991786476	94.95224639999999	95.0000153	1	0	0	0	0
2024-12-06 23:13:30	24.008557623999998	94.83233919999999	95.0000153	1	0	0	0	0
2024-12-06 23:13:40	24.001497708	94.867695864	95.0000153	1	0	0	0	0
2024-12-06 23:13:50	24.001497708	94.867695864	95.0000153	1	0	0	0	0
2024-12-06 23:14:00	24.043964504	94.644848032	95.0000153	1	0	0	0	0
2024-12-06 23:14:10	24.02951932	94.7617716	95.0000153	1	0	0	0	0
2024-12-06 23:14:20	24.02951932	94.7617716	95.0000153	1	0	0	0	0
2024-12-06 23:14:30	23.995608704000002	94.95478485599999	95.0000153	1	0	0	0	0
2024-12-06 23:14:40	23.994399652	95.036013608	95.0000153	1	0	0	0	0
2024-12-06 23:14:50	24.02791908	94.5420536	95.0000153	1	0	0	0	0
2024-12-06 23:15:00	23.99548694	94.997342	95.0000153	1	0	0	0	0
2024-12-06 23:15:10	23.992453779999998	95.0401352	95.0000153	1	0	0	0	0
2024-12-06 23:15:20	24.00932508	94.9329452	95.0000153	1	0	0	0	0
2024-12-06 23:15:30	23.968944548	95.203793612	95.0000153	1	0	0	0	0
2024-12-06 23:15:40	24.0837994	94.52682519999999	95.0000153	1	0	0	0	0
2024-12-06 23:15:50	24.00364794509804	94.9033637254902	95.0000153	1	0	0	0	0
2024-12-06 23:16:00	24.032079832	94.81857770799999	95.0000153	1	0	0	0	0
2024-12-06 23:16:10	24.019205472	94.956581492	95.0000153	1	0	0	0	0
2024-12-06 23:16:20	24.006703952000002	95.055312	95.0000153	1	0	0	0	0
2024-12-06 23:16:30	24.020790436	94.9652096	95.0000153	1	0	0	0	0
2024-12-06 23:16:40	24.045402455999998	94.8003646	95.0000153	1	0	0	0	0
2024-12-06 23:16:50	24.034130864705883	94.67458529411765	95.0000153	1	0	0	0	0
2024-12-06 23:17:00	24.019930488	95.0092324	95.0000153	1	0	0	0	0
2024-12-06 23:17:10	24.013174228	95.045929828	95.0000153	1	0	0	0	0
2024-12-06 23:17:20	24.045964656	94.85149320000001	95.0000153	1	0	0	0	0
2024-12-06 23:17:30	24.043678720000003	94.87811383200001	95.0000153	1	0	0	0	0
2024-12-06 23:17:40	24.046807339999997	94.8610824	95.0000153	1	0	0	0	0
2024-12-06 23:17:50	23.986322688	95.25412626	95.0000153	1	0	0	0	0
2024-12-06 23:18:00	24.049717064	94.859930396	95.0000153	1	0	0	0	0
2024-12-06 23:18:10	24.019812252	95.04626520000001	95.0000153	1	0	0	0	0
2024-12-06 23:18:20	24.065680912	94.768787664	95.0000153	1	0	0	0	0
2024-12-06 23:18:30	24.050760984	94.8965784	95.0000153	1	0	0	0	0
2024-12-06 23:18:40	24.067796519999998	94.85680638800001	95.0000153	1	0	0	0	0
2024-12-06 23:18:50	24.060233792000002	94.925139708	95.0000153	1	0	0	0	0
2024-12-06 23:19:00	24.074874464	94.8525708	95.0000153	1	0	0	0	0
2024-12-06 23:19:10	24.076376604	94.8798664	95.0000153	1	0	0	0	0
2024-12-06 23:19:20	24.04875644	95.0648044	95.0000153	1	0	0	0	0
2024-12-06 23:19:30	24.013975104	95.296642	95.0000153	1	0	0	0	0
2024-12-06 23:19:40	24.027124647999997	95.15339444	95.0000153	1	0	0	0	0
2024-12-06 23:19:50	24.013096823999998	95.5576492	95.0000153	1	0	0	0	0
2024-12-06 23:20:00	24.087496992	94.75468364	95.0000153	1	0	0	0	0
2024-12-06 23:20:10	24.055436536000002	94.9571308	95.0000153	1	0	0	0	0
2024-12-06 23:20:20	24.027888596	95.14430783600001	95.0000153	1	0	0	0	0
2024-12-06 23:20:30	24.0193044	95.20002398800001	95.0000153	1	0	0	0	0
2024-12-06 23:20:40	24.0672608	94.893016808	95.0000153	1	0	0	0	0
2024-12-06 23:20:50	24.05418650980392	94.99502725490197	95.0000153	1	0	0	0	0
2024-12-06 23:21:00	24.060697568000002	94.934732	95.0000153	1	0	0	0	0
2024-12-06 23:21:10	24.105829011999997	94.7261328	95.0000153	1	0	0	0	0
2024-12-06 23:21:20	24.045926144	95.0777068	95.0000153	1	0	0	0	0
2024-12-06 23:21:30	24.095393864	94.7978432	95.0000153	1	0	0	0	0
2024-12-06 23:21:40	24.065754688	95.027380044	95.0000153	1	0	0	0	0
2024-12-06 23:21:50	24.0680970627451	94.9755831372549	95.0000153	1	0	0	0	0
2024-12-06 23:22:00	24.086196032	94.877856432	95.0000153	1	0	0	0	0
2024-12-06 23:22:10	24.065319088	95.04331048	95.0000153	1	0	0	0	0
2024-12-06 23:22:20	24.081848408	94.918942	95.0000153	1	0	0	0	0
2024-12-06 23:22:30	24.088297976	94.856625464	95.0000153	1	0	0	0	0
2024-12-06 23:22:40	24.057450404	95.0954028	95.0000153	1	0	0	0	0
2024-12-06 23:22:50	24.1445904	94.7795852	95.0000153	1	0	0	0	0
2024-12-06 23:23:00	24.09701052	94.87731240000001	95.0000153	1	0	0	0	0
2024-12-06 23:23:10	24.143066647999998	94.594449528	95.0000153	1	0	0	0	0
2024-12-06 23:23:20	24.106641791999998	94.86444399999999	95.0000153	1	0	0	0	0
2024-12-06 23:23:30	24.067059708	95.0797656	95.0000153	1	0	0	0	0
2024-12-06 23:23:40	24.044111127999997	95.2203964	95.0000153	1	0	0	0	0
2024-12-06 23:23:50	24.060669388461537	95.08331153846154	95.0000153	1	0	0	0	0
2024-12-06 23:24:00	24.052812248	95.1460764	95.0000153	1	0	0	0	0
2024-12-06 23:24:10	24.067332884	95.02601200000001	95.0000153	1	0	0	0	0
2024-12-06 23:24:20	24.08797178	94.941854488	95.0000153	1	0	0	0	0
2024-12-06 23:24:30	24.114325172	94.811939552	95.0000153	1	0	0	0	0
2024-12-06 23:24:40	24.076665488	95.04799240000001	95.0000153	1	0	0	0	0
2024-12-06 23:24:50	24.06178797254902	95.13191956470588	95.0000153	1	0	0	0	0
2024-12-06 23:25:00	24.125812472	94.7075928	95.0000153	1	0	0	0	0
2024-12-06 23:25:10	24.035128252	95.2879572	95.0000153	1	0	0	0	0
2024-12-06 23:25:20	24.070633599999997	95.015830816	95.0000153	1	0	0	0	0
2024-12-06 23:25:30	24.0194962	95.337799348	95.0000153	1	0	0	0	0
2024-12-06 23:25:40	24.096058464	94.8570056	95.0000153	1	0	0	0	0
2024-12-06 23:25:50	24.119337440000002	94.7286792	95.0000153	1	0	0	0	0
2024-12-06 23:26:00	24.163906676	94.459778	95.0000153	1	0	0	0	0
2024-12-06 23:26:10	24.09495126	94.9603412	95.0000153	1	0	0	0	0
2024-12-06 23:26:20	24.099510076	94.93093363999999	95.0000153	1	0	0	0	0
2024-12-06 23:26:30	24.094701568	94.97373277599999	95.0000153	1	0	0	0	0
2024-12-06 23:26:40	24.082019644	95.0534548	95.0000153	1	0	0	0	0
2024-12-06 23:26:50	24.076729796078432	95.02730007450981	95.0000153	1	0	0	0	0
2024-12-06 23:27:00	24.021710704	95.4619404	95.0000153	1	0	0	0	0
2024-12-06 23:27:10	24.151910296	94.608022376	95.0000153	1	0	0	0	0
2024-12-06 23:27:20	24.05998374	95.1676556	95.0000153	1	0	0	0	0
2024-12-06 23:27:30	24.079896232	95.0414872	95.0000153	1	0	0	0	0
2024-12-06 23:27:40	24.047707992	95.245256	95.0000153	1	0	0	0	0
2024-12-06 23:27:50	24.080331152	95.034808344	95.0000153	1	0	0	0	0
2024-12-06 23:28:00	24.05474664	95.1774976	95.0000153	1	0	0	0	0
2024-12-06 23:28:10	24.090210799999998	94.929875828	95.0000153	1	0	0	0	0
2024-12-06 23:28:20	24.052574124	95.1773452	95.0000153	1	0	0	0	0
2024-12-06 23:28:30	24.043854191999998	95.281288	95.0000153	1	0	0	0	0
2024-12-06 23:28:40	24.108429072	94.8769736	95.0000153	1	0	0	0	0
2024-12-06 23:28:50	24.05403035294118	95.28667352941176	95.0000153	1	0	0	0	0
2024-12-06 23:29:00	24.051192928	95.2665976	95.0000153	1	0	0	0	0
2024-12-06 23:29:10	24.077839439999998	95.07492444	95.0000153	1	0	0	0	0
2024-12-06 23:29:20	24.049367351999997	95.2746156	95.0000153	1	0	0	0	0
2024-12-06 23:29:30	24.0275228	95.35239502799999	95.0000153	1	0	0	0	0
2024-12-06 23:29:40	24.063549064	95.0914824	95.0000153	1	0	0	0	0
2024-12-06 23:29:50	24.074069219607843	95.28246	95.0000153	1	0	0	0	0
2024-12-06 23:30:00	24.040256844	95.1327376	95.0000153	1	0	0	0	0
2024-12-06 23:30:10	24.100898712	94.710405256	95.0000153	1	0	0	0	0
2024-12-06 23:30:20	24.029108192	95.20827080000001	95.0000153	1	0	0	0	0
2024-12-06 23:30:30	24.036163536	95.1513396	95.0000153	1	0	0	0	0
2024-12-06 23:30:40	24.081636392	94.8416832	95.0000153	1	0	0	0	0
2024-12-06 23:30:50	24.06984195490196	94.87815814117647	95.0000153	1	0	0	0	0
2024-12-06 23:31:00	24.11095064	94.714325572	95.0000153	1	0	0	0	0
2024-12-06 23:31:10	24.064337148	95.0491308	95.0000153	1	0	0	0	0
2024-12-06 23:31:20	24.066783643999997	95.003908872	95.0000153	1	0	0	0	0
2024-12-06 23:31:30	24.010236456	95.31972361599999	95.0000153	1	0	0	0	0
2024-12-06 23:31:40	24.04988476	95.059774864	95.0000153	1	0	0	0	0
2024-12-06 23:31:50	24.050816338461537	95.14442	95.0000153	1	0	0	0	0
2024-12-06 23:32:00	24.039599216	95.06051000000001	95.0000153	1	0	0	0	0
2024-12-06 23:32:10	24.032380088	95.085485648	95.0000153	1	0	0	0	0
2024-12-06 23:32:20	24.032380088	95.085485648	95.0000153	1	0	0	0	0
2024-12-06 23:32:30	24.034984676	95.094438	95.0000153	1	0	0	0	0
2024-12-06 23:32:40	24.02372214	95.1336276	95.0000153	1	0	0	0	0
2024-12-06 23:32:50	23.969796823076923	95.22376615384616	95.0000153	1	0	0	0	0
2024-12-06 23:33:00	24.001026444	95.26281639999999	95.0000153	1	0	0	0	0
2024-12-06 23:33:10	24.058294976000003	94.921896	95.0000153	1	0	0	0	0
2024-12-06 23:33:20	24.003889356	95.213965892	95.0000153	1	0	0	0	0
2024-12-06 23:33:30	23.9828888	95.348820032	95.0000153	1	0	0	0	0
2024-12-06 23:33:40	24.0372124	95.01057999999999	95.0000153	1	0	0	0	0
2024-12-06 23:33:50	24.01682556862745	95.03235196078431	95.0000153	1	0	0	0	0
2024-12-06 23:34:00	24.035468712	95.019987992	95.0000153	1	0	0	0	0
2024-12-06 23:34:10	24.09014708	94.665062328	95.0000153	1	0	0	0	0
2024-12-06 23:34:20	24.080324872000002	94.72922174	95.0000153	1	0	0	0	0
2024-12-06 23:34:30	24.037691348	95.014996	95.0000153	1	0	0	0	0
2024-12-06 23:34:40	24.033240724	95.065474	95.0000153	1	0	0	0	0
2024-12-06 23:34:50	24.046728204	94.98137908000001	95.0000153	1	0	0	0	0
2024-12-06 23:35:00	24.040385611999998	94.9776686	95.0000153	1	0	0	0	0
2024-12-06 23:35:10	23.985147676	95.264033828	95.0000153	1	0	0	0	0
2024-12-06 23:35:20	24.031074603999997	94.93729400000001	95.0000153	1	0	0	0	0
2024-12-06 23:35:30	23.979099859999998	95.3175272	95.0000153	1	0	0	0	0
2024-12-06 23:35:40	24.024252488	94.9694452	95.0000153	1	0	0	0	0
2024-12-06 23:35:50	24.058576046969698	94.75646719848486	95.0000153	1	0	0	0	0
2024-12-06 23:36:00	24.058576046969698	94.75646719848486	95.0000153	1	0	0	0	0
2024-12-06 23:36:10	24.066884732000002	94.697601676	95.0000153	1	0	0	0	0
2024-12-06 23:36:20	24.001201211999998	95.078897184	95.0000153	1	0	0	0	0
2024-12-06 23:36:30	24.001201211999998	95.078897184	95.0000153	1	0	0	0	0
2024-12-06 23:36:40	24.022587496	94.9368264	95.0000153	1	0	0	0	0
2024-12-06 23:36:50	24.01750368	94.83725082400001	95.0000153	1	0	0	0	0
2024-12-06 23:37:00	24.01750368	94.83725082400001	95.0000153	1	0	0	0	0
2024-12-06 23:37:10	23.998496536	95.04731525599999	95.0000153	1	0	0	0	0
2024-12-06 23:37:20	23.968905380000002	95.213022	95.0000153	1	0	0	0	0
2024-12-06 23:37:30	23.964215804	95.2382616	95.0000153	1	0	0	0	0
2024-12-06 23:37:40	23.964492831999998	95.2324188	95.0000153	1	0	0	0	0
2024-12-06 23:37:50	24.013532796	94.995929	95.0000153	1	0	0	0	0
2024-12-06 23:38:00	23.979025784	95.0519156	95.0000153	1	0	0	0	0
2024-12-06 23:38:10	23.968547360000002	95.15074956000001	95.0000153	1	0	0	0	0
2024-12-06 23:38:20	23.967521624	95.1288048	95.0000153	1	0	0	0	0
2024-12-06 23:38:30	24.041772960000003	94.654180936	95.0000153	1	0	0	0	0
2024-12-06 23:38:40	24.019341956	94.79287322	95.0000153	1	0	0	0	0
2024-12-06 23:38:50	24.020880443137255	95.06380250980392	95.0000153	1	0	0	0	0
2024-12-06 23:39:00	23.984289200000003	95.0403284	95.0000153	1	0	0	0	0
2024-12-06 23:39:10	23.9835556	95.01257805600001	95.0000153	1	0	0	0	0
2024-12-06 23:39:20	23.981162167999997	95.018556972	95.0000153	1	0	0	0	0
2024-12-06 23:39:30	23.943074804000002	95.2798068	95.0000153	1	0	0	0	0
2024-12-06 23:39:40	23.983940616	94.954785144	95.0000153	1	0	0	0	0
2024-12-06 23:39:50	23.969073468627453	95.36723696470588	95.0000153	1	0	0	0	0
2024-12-06 23:40:00	23.924854944	95.3088588	95.0000153	1	0	0	0	0
2024-12-06 23:40:10	23.925434532	95.2771996	95.0000153	1	0	0	0	0
2024-12-06 23:40:20	23.9490888	95.0533328	95.0000153	1	0	0	0	0
2024-12-06 23:40:30	23.921452860000002	95.2330708	95.0000153	1	0	0	0	0
2024-12-06 23:40:40	23.9530128	95.06440880000001	95.0000153	1	0	0	0	0
2024-12-06 23:40:50	24.018139296	94.85330041600001	95.0000153	1	0	0	0	0
2024-12-06 23:41:00	23.92763108	95.222967524	95.0000153	1	0	0	0	0
2024-12-06 23:41:10	23.933950304	95.1941968	95.0000153	1	0	0	0	0
2024-12-06 23:41:20	24.01791548	94.68475719999999	95.0000153	1	0	0	0	0
2024-12-06 23:41:30	23.973329528	94.92586516	95.0000153	1	0	0	0	0
2024-12-06 23:41:40	23.974666496	94.9306448	95.0000153	1	0	0	0	0
2024-12-06 23:41:50	23.922795711538463	95.4076591846154	95.0000153	1	0	0	0	0
2024-12-06 23:42:00	23.85838938	95.566741112	95.0000153	1	0	0	0	0
2024-12-06 23:42:10	23.966985872	94.9867664	96	1	0	0	0	0
2024-12-06 23:42:20	23.969011144	95.2297572	96	1	0	0	0	0
2024-12-06 23:42:30	24.033877659999998	94.8987876	96	1	0	0	0	0
2024-12-06 23:42:40	24.039736288	95.066317184	96	1	0	0	0	0
2024-12-06 23:42:50	24.147544072000002	95.209874	96	1	0	0	0	0
2024-12-06 23:43:00	24.114047564	94.979256	96	1	0	0	0	0
2024-12-06 23:43:10	24.178664584	94.75626319999999	96	1	0	0	0	0
2024-12-06 23:43:20	24.16235802	95.091083032	96	1	0	0	0	0
2024-12-06 23:43:30	24.226960032	94.850676412	96	1	0	0	0	0
2024-12-06 23:43:40	24.2133802	95.090414	96	1	0	0	0	0
2024-12-06 23:43:50	24.221969558823528	94.86276140196078	96	1	0	0	0	0
2024-12-06 23:44:00	24.254514632	95.1886352	96	1	0	0	0	0
2024-12-06 23:44:10	24.299288432	95.06736880000001	96	1	0	0	0	0
2024-12-06 23:44:20	24.385724316	94.68705159999999	96	1	0	0	0	0
2024-12-06 23:44:30	24.391018188	94.8570452	96	1	0	0	0	0
2024-12-06 23:44:40	24.394060052	95.0332844	96	1	0	0	0	0
2024-12-06 23:44:50	24.448372166666665	95.096723	96	1	0	0	0	0
2024-12-06 23:45:00	24.529101768	94.555746312	96	1	0	0	0	0
2024-12-06 23:45:10	24.509446136	94.9250124	96	1	0	0	0	0
2024-12-06 23:45:20	24.489706352	95.209236	96	1	0	0	0	0
2024-12-06 23:45:30	24.47925768	95.46108840000001	96	1	0	0	0	0
2024-12-06 23:45:40	24.594565371999998	94.9212676	96	1	0	0	0	0
2024-12-06 23:45:50	24.602110168	95.11571934	96	1	0	0	0	0
2024-12-06 23:46:00	24.581370195999998	95.403529492	96	1	0	0	0	0
2024-12-06 23:46:10	24.712198764	94.809233436	96	1	0	0	0	0
2024-12-06 23:46:20	24.679817004	95.172567612	96	1	0	0	0	0
2024-12-06 23:46:30	24.718021856	95.1394248	96	1	0	0	0	0
2024-12-06 23:46:40	24.735012148000003	95.19087917600001	96	1	0	0	0	0
2024-12-06 23:46:50	24.76814245882353	95.31296137254901	96	1	0	0	0	0
2024-12-06 23:47:00	24.793216188	95.1755892	96	1	0	0	0	0
2024-12-06 23:47:10	24.829418684	95.12618880000001	96	1	0	0	0	0
2024-12-06 23:47:20	24.856073467999998	95.0844956	96	1	0	0	0	0
2024-12-06 23:47:30	24.871822088	95.2107664	96	1	0	0	0	0
2024-12-06 23:47:40	24.9290891	94.9791708	96	1	0	0	0	0
2024-12-06 23:47:50	24.983215471999998	95.040076536	96	1	0	0	0	0
2024-12-06 23:48:00	24.876475776	95.652632	96	1	0	0	0	0
2024-12-06 23:48:10	24.894225112	95.6470824	96	1	0	0	0	0
2024-12-06 23:48:20	24.995474416	95.11576481600001	96	1	0	0	0	0
2024-12-06 23:48:30	25.017351416	95.11489395599999	96	1	0	0	0	0
2024-12-06 23:48:40	25.05819734	95.035669208	96	1	0	0	0	0
2024-12-06 23:48:50	25.008587788	95.345578	96	1	0	0	0	0
2024-12-06 23:49:00	25.095951564	95.024846	96	1	0	0	0	0
2024-12-06 23:49:10	25.067391124	95.544873676	97.99997	1	0	0	0	0
2024-12-06 23:49:20	25.138029636000002	95.618202444	97.99997	1	0	0	0	0
2024-12-06 23:49:30	25.2773876	95.253376	97.99997	1	0	0	0	0
2024-12-06 23:49:40	25.345706800000002	95.340205992	97.99997	1	0	0	0	0
2024-12-06 23:49:50	25.406486555999997	95.305948	97.99997	1	0	0	0	0
2024-12-06 23:50:00	25.473963308000002	95.5425004	97.99997	1	0	0	0	0
2024-12-06 23:50:10	25.479117056	95.95737858400001	97.99997	1	0	0	0	0
2024-12-06 23:50:20	25.584197052	95.6936644	97.99997	1	0	0	0	0
2024-12-06 23:50:30	25.530487476	96.4380836	97.99997	1	0	0	0	0
2024-12-06 23:50:40	25.521646876000002	96.78307079999999	97.99997	1	0	0	0	0
2024-12-06 23:50:50	25.481645784313724	97.2462634509804	97.99997	1	0	0	0	0
2024-12-06 23:51:00	25.502572016	97.2339852	97.99997	1	0	0	0	0
2024-12-06 23:51:10	25.511367532	97.31803316	97.99997	1	0	0	0	0
2024-12-06 23:51:20	25.505886424	97.48021	97.99997	1	0	0	0	0
2024-12-06 23:51:30	25.552237419999997	97.2945232	97.99997	1	0	0	0	0
2024-12-06 23:51:40	25.565393512	97.38407850399999	97.99997	1	0	0	0	0
2024-12-06 23:51:50	25.638515276	97.369659464	97.99997	1	0	0	0	0
2024-12-06 23:52:00	25.547834216	97.8109576	97.99997	1	0	0	0	0
2024-12-06 23:52:10	25.597547304000003	97.5737396	97.99997	1	0	0	0	0
2024-12-06 23:52:20	25.584378956000002	97.7271296	97.99997	1	0	0	0	0
2024-12-06 23:52:30	25.58026646	97.762999612	97.99997	1	0	0	0	0
2024-12-06 23:52:40	25.59167232	97.733007956	97.99997	1	0	0	0	0
2024-12-06 23:52:50	25.553677632	97.9846852	97.99997	1	0	0	0	0
2024-12-06 23:53:00	25.560976516	97.8909716	97.99997	1	0	0	0	0
2024-12-06 23:53:10	25.525363736	98.172835152	97.99997	1	0	0	0	0
2024-12-06 23:53:20	25.51691284	98.18969217200001	97.99997	1	0	0	0	0
2024-12-06 23:53:30	25.545010076	98.00410959999999	97.99997	1	0	0	0	0
2024-12-06 23:53:40	25.527238892	98.0789416	97.99997	1	0	0	0	0
2024-12-06 23:53:50	25.550900868	97.79899040000001	97.99997	1	0	0	0	0
2024-12-06 23:54:00	25.526052552	98.069921032	97.99997	1	0	0	0	0
2024-12-06 23:54:10	25.583005063999998	97.75058608	98.91995546400001	1	0	0	0	0
2024-12-06 23:54:20	25.461963492	98.6574712	98.9999542	1	0	0	0	0
2024-12-06 23:54:30	25.551517364	98.2588364	98.9999542	1	0	0	0	0
2024-12-06 23:54:40	25.591347547999998	98.1574068	98.9999542	1	0	0	0	0
2024-12-06 23:54:50	25.657326092	98.137598	98.9999542	1	0	0	0	0
2024-12-06 23:55:00	25.700770096	97.882374	98.9999542	1	0	0	0	0
2024-12-06 23:55:10	25.719697584	97.9122792	98.9999542	1	0	0	0	0
2024-12-06 23:55:20	25.671631515999998	98.42929199999999	98.9999542	1	0	0	0	0
2024-12-06 23:55:30	25.597176272	98.98881	98.9999542	1	0	0	0	0
2024-12-06 23:55:40	25.6120008	98.85162608	98.9999542	1	0	0	0	0
2024-12-06 23:55:50	25.616123163999998	98.8564488	98.9999542	1	0	0	0	0
2024-12-06 23:56:00	25.585251583999998	99.059494044	98.9999542	1	0	0	0	0
2024-12-06 23:56:10	25.6098348	98.8895096	98.9999542	1	0	0	0	0
2024-12-06 23:56:20	25.598514048	98.9666008	98.9999542	1	0	0	0	0
2024-12-06 23:56:30	25.590928912	99.057621208	98.9999542	1	0	0	0	0
2024-12-06 23:56:40	25.579704592000002	99.1091816	98.9999542	1	0	0	0	0
2024-12-06 23:56:50	25.583088548000003	99.335366768	98.9999542	1	0	0	0	0
2024-12-06 23:57:00	25.581378	99.014125576	98.9999542	1	0	0	0	0
2024-12-06 23:57:10	25.539792463999998	99.267046852	98.9999542	1	0	0	0	0
2024-12-06 23:57:20	25.546040436	99.187056	98.9999542	1	0	0	0	0
2024-12-06 23:57:30	25.560688332	99.1057636	98.9999542	1	0	0	0	0
2024-12-06 23:57:40	25.553389656	99.169583248	98.9999542	1	0	0	0	0
2024-12-06 23:57:50	25.582930804	99.08766159999999	98.9999542	1	0	0	0	0
2024-12-06 23:58:00	25.528504423999998	99.255754844	98.9999542	1	0	0	0	0
2024-12-06 23:58:10	25.575466232	98.9187128	98.9999542	1	0	0	0	0
2024-12-06 23:58:20	25.590282496	98.87701834399999	98.9999542	1	0	0	0	0
2024-12-06 23:58:30	25.559976799999998	99.066319576	98.9999542	1	0	0	0	0
2024-12-06 23:58:40	25.589059512	98.9014996	98.9999542	1	0	0	0	0
2024-12-06 23:58:50	25.523740399999998	98.980241936	98.9999542	1	0	0	0	0
2024-12-06 23:59:00	25.571016703999998	98.993733248	98.9999542	1	0	0	0	0
2024-12-06 23:59:10	25.5849452	98.86108999999999	98.9999542	1	0	0	0	0
2024-12-06 23:59:20	25.50892758	99.3426228	98.9999542	1	0	0	0	0
2024-12-06 23:59:30	25.497491904	99.38322120000001	98.9999542	1	0	0	0	0
2024-12-06 23:59:40	25.55951206	98.95018252	98.9999542	1	0	0	0	0
2024-12-06 23:59:50	25.513392976	98.992227208	98.9999542	1	0	0	0	0
2024-12-07 00:00:00	25.528554579999998	99.070845028	98.9999542	1	0	0	0	0
