PROCESSDATA	2411FIC20102 Data	yyyy-MM-dd HH:mm:ss
8	10	2024-06-09 07:50:00	751
tagname	2411FIC20102.MV	2411FIC20102.PV	2411FIC20102.SV	2411FIC20102.MODE	bOpOFL	bPvOFL	bSpOFL	bAutOFL
desc	回炼油返塔_OP	回炼油返塔_PV	回炼油返塔_SP	Aut	bOpOFL	bPvOFL	bSpOFL	bAutOFL
fsMax=1.332628183999999	fsMin=0	fsGridNum=10	fdMax=1.332628183999999tfdMin=0	fdGridNum=10	v0GridNum=10	L=24
2024-06-09 07:50:00	25.573757344	102.24161308000001	102.499916	1	0	0	0	0
2024-06-09 07:50:10	25.51090538	102.49524488	102.499916	1	0	0	0	0
2024-06-09 07:50:20	25.51412538	102.63304002	102.499916	1	0	0	0	0
2024-06-09 07:50:30	25.491953922	102.61439572	102.499916	1	0	0	0	0
2024-06-09 07:50:40	25.512144587234044	102.52995161702127	102.499916	1	0	0	0	0
2024-06-09 07:50:50	25.526647586	102.38684518000001	102.499916	1	0	0	0	0
2024-06-09 07:51:00	25.491336284	102.51320197999999	102.499916	1	0	0	0	0
2024-06-09 07:51:10	25.50849835	102.38715054	102.499916	1	0	0	0	0
2024-06-09 07:51:20	25.51864265	102.56321446000001	102.499916	1	0	0	0	0
2024-06-09 07:51:30	25.503844554	102.55298372	102.499916	1	0	0	0	0
2024-06-09 07:51:40	25.532355353191488	102.44612123404255	102.499916	1	0	0	0	0
2024-06-09 07:51:50	25.50626763	102.4875428	102.499916	1	0	0	0	0
2024-06-09 07:52:00	25.476510077999997	102.48054456	102.499916	1	0	0	0	0
2024-06-09 07:52:10	25.561342516	102.38093006	102.499916	1	0	0	0	0
2024-06-09 07:52:20	25.514495872	102.55142957999999	102.499916	1	0	0	0	0
2024-06-09 07:52:30	25.600594312000002	102.01035812	102.499916	1	0	0	0	0
2024-06-09 07:52:40	25.511182684905663	102.62111052830188	102.499916	1	0	0	0	0
2024-06-09 07:52:50	25.530868310000002	102.27446802	102.499916	1	0	0	0	0
2024-06-09 07:53:00	25.546294386	102.36768238	102.499916	1	0	0	0	0
2024-06-09 07:53:10	25.51075136	102.49684606000001	102.499916	1	0	0	0	0
2024-06-09 07:53:20	25.545100024	102.53329624	102.499916	1	0	0	0	0
2024-06-09 07:53:30	25.545100024	102.53329624	102.499916	1	0	0	0	0
2024-06-09 07:53:40	25.545100024	102.53329624	102.499916	1	0	0	0	0
2024-06-09 07:53:50	25.545100024	102.53329624	102.499916	1	0	0	0	0
2024-06-09 07:54:00	25.545100024	102.53329624	102.499916	1	0	0	0	0
2024-06-09 07:54:10	25.545100024	102.53329624	102.499916	1	0	0	0	0
2024-06-09 07:54:20	25.545100024	102.53329624	102.499916	1	0	0	0	0
2024-06-09 07:54:30	25.545100024	102.53329624	102.499916	1	0	0	0	0
2024-06-09 07:54:40	25.545100024	102.53329624	102.499916	1	0	0	0	0
2024-06-09 07:54:50	25.545100024	102.53329624	102.499916	1	0	0	0	0
2024-06-09 07:55:00	25.545100024	102.53329624	102.499916	1	0	0	0	0
2024-06-09 07:55:10	25.523888522	102.50061616	102.499916	1	0	0	0	0
2024-06-09 07:55:20	25.536733466	102.41939126	102.499916	1	0	0	0	0
2024-06-09 07:55:30	25.51990131	102.5628985	102.499916	1	0	0	0	0
2024-06-09 07:55:40	25.500182809433962	102.61538030188679	102.499916	1	0	0	0	0
2024-06-09 07:55:50	25.484197996	102.5494324	102.499916	1	0	0	0	0
2024-06-09 07:56:00	25.508703264	102.58464068	102.499916	1	0	0	0	0
2024-06-09 07:56:10	25.501600544	102.77437734	102.499916	1	0	0	0	0
2024-06-09 07:56:20	25.5974645	102.36372326	102.499916	1	0	0	0	0
2024-06-09 07:56:30	25.440530539999997	103.01281322	102.499916	1	0	0	0	0
2024-06-09 07:56:40	25.542507403773584	102.32961858490566	102.499916	1	0	0	0	0
2024-06-09 07:56:50	25.51522261	102.56870748	102.499916	1	0	0	0	0
2024-06-09 07:57:00	25.518924142	102.52150848	102.499916	1	0	0	0	0
2024-06-09 07:57:10	25.496168202	102.41069327999999	102.499916	1	0	0	0	0
2024-06-09 07:57:20	25.501037435999997	102.62847486000001	102.499916	1	0	0	0	0
2024-06-09 07:57:30	25.531579634	102.38436966	102.499916	1	0	0	0	0
2024-06-09 07:57:40	25.528883020754716	102.35800532075471	102.499916	1	0	0	0	0
2024-06-09 07:57:50	25.457995882	102.65321832000001	102.499916	1	0	0	0	0
2024-06-09 07:58:00	25.530370082	102.49878706	102.499916	1	0	0	0	0
2024-06-09 07:58:10	25.494726446	102.63045934	102.499916	1	0	0	0	0
2024-06-09 07:58:20	25.496716728	102.4700553	102.499916	1	0	0	0	0
2024-06-09 07:58:30	25.463363854	102.79618067999999	102.499916	1	0	0	0	0
2024-06-09 07:58:40	25.463363854	102.79618067999999	102.499916	1	0	0	0	0
2024-06-09 07:58:50	25.463363854	102.79618067999999	102.499916	1	0	0	0	0
2024-06-09 07:59:00	25.463363854	102.79618067999999	102.499916	1	0	0	0	0
2024-06-09 07:59:10	25.463363854	102.79618067999999	102.499916	1	0	0	0	0
2024-06-09 07:59:20	25.463363854	102.79618067999999	102.499916	1	0	0	0	0
2024-06-09 07:59:30	25.463363854	102.79618067999999	102.499916	1	0	0	0	0
2024-06-09 07:59:40	25.463363854	102.79618067999999	102.499916	1	0	0	0	0
2024-06-09 07:59:50	25.463363854	102.79618067999999	102.499916	1	0	0	0	0
2024-06-09 08:00:00	25.463363854	102.79618067999999	102.499916	1	0	0	0	0
2024-06-09 08:00:10	25.543615184	102.61316748	102.499916	1	0	0	0	0
2024-06-09 08:00:20	25.516027638	102.4806867	102.499916	1	0	0	0	0
2024-06-09 08:00:30	25.492293269999998	102.67673882	102.499916	1	0	0	0	0
2024-06-09 08:00:40	25.52867873846154	102.38376561538462	102.499916	1	0	0	0	0
2024-06-09 08:00:50	25.564359174	101.99847489999999	102.499916	1	0	0	0	0
2024-06-09 08:01:00	25.51634697	102.82077948	102.499916	1	0	0	0	0
2024-06-09 08:01:10	25.5462652	102.29097766000001	102.499916	1	0	0	0	0
2024-06-09 08:01:20	25.515973308	102.52252222	102.499916	1	0	0	0	0
2024-06-09 08:01:30	25.546193918	102.41030262	102.499916	1	0	0	0	0
2024-06-09 08:01:40	25.535921350943397	102.4611292264151	102.499916	1	0	0	0	0
2024-06-09 08:01:50	25.527442428	102.52529518	102.499916	1	0	0	0	0
2024-06-09 08:02:00	25.509549264	102.53828936	102.499916	1	0	0	0	0
2024-06-09 08:02:10	25.48679658	102.71398984	102.499916	1	0	0	0	0
2024-06-09 08:02:20	25.544322918	102.3683326	102.499916	1	0	0	0	0
2024-06-09 08:02:30	25.560216308	102.34977628	102.499916	1	0	0	0	0
2024-06-09 08:02:40	25.5509464	102.508059	102.499916	1	0	0	0	0
2024-06-09 08:02:50	25.533561252000002	102.54487700000001	102.499916	1	0	0	0	0
2024-06-09 08:03:00	25.569350022	102.34528826	102.499916	1	0	0	0	0
2024-06-09 08:03:10	25.557264796000002	102.66996826	102.499916	1	0	0	0	0
2024-06-09 08:03:20	25.571040442	102.3231782	102.499916	1	0	0	0	0
2024-06-09 08:03:30	25.537534012000002	102.54496608	102.499916	1	0	0	0	0
2024-06-09 08:03:40	25.537534012000002	102.54496608	102.499916	1	0	0	0	0
2024-06-09 08:03:50	25.537534012000002	102.54496608	102.499916	1	0	0	0	0
2024-06-09 08:04:00	25.537534012000002	102.54496608	102.499916	1	0	0	0	0
2024-06-09 08:04:10	25.537534012000002	102.54496608	102.499916	1	0	0	0	0
2024-06-09 08:04:20	25.537534012000002	102.54496608	102.499916	1	0	0	0	0
2024-06-09 08:04:30	25.537534012000002	102.54496608	102.499916	1	0	0	0	0
2024-06-09 08:04:40	25.537534012000002	102.54496608	102.499916	1	0	0	0	0
2024-06-09 08:04:50	25.537534012000002	102.54496608	102.499916	1	0	0	0	0
2024-06-09 08:05:00	25.537534012000002	102.54496608	102.499916	1	0	0	0	0
2024-06-09 08:05:10	25.588618758	102.78094054	102.499916	1	0	0	0	0
2024-06-09 08:05:20	25.537831252	102.59875874	102.499916	1	0	0	0	0
2024-06-09 08:05:30	25.532096296	102.56524551999999	102.499916	1	0	0	0	0
2024-06-09 08:05:40	25.49784203207547	102.80397586792452	102.499916	1	0	0	0	0
2024-06-09 08:05:50	25.557874546	102.58773122	102.499916	1	0	0	0	0
2024-06-09 08:06:00	25.559987111999998	102.34592336	102.499916	1	0	0	0	0
2024-06-09 08:06:10	25.573214038	102.53392094	102.499916	1	0	0	0	0
2024-06-09 08:06:20	25.492366179999998	102.87462586	102.499916	1	0	0	0	0
2024-06-09 08:06:30	25.535766636	102.55915754	102.499916	1	0	0	0	0
2024-06-09 08:06:40	25.554005884615385	102.46637615384616	102.499916	1	0	0	0	0
2024-06-09 08:06:50	25.542497882	102.66511982	102.499916	1	0	0	0	0
2024-06-09 08:07:00	25.525292044	102.70200136	102.499916	1	0	0	0	0
2024-06-09 08:07:10	25.541330278	103.03392298	102.499916	1	0	0	0	0
2024-06-09 08:07:20	25.49180145	102.6988452	102.499916	1	0	0	0	0
2024-06-09 08:07:30	25.505129252	102.67498896	102.499916	1	0	0	0	0
2024-06-09 08:07:40	25.549684531481482	102.42251577777778	102.499916	1	0	0	0	0
2024-06-09 08:07:50	25.538231932	102.49281976	102.499916	1	0	0	0	0
2024-06-09 08:08:00	25.560168870000002	102.34587162	102.499916	1	0	0	0	0
2024-06-09 08:08:10	25.553362044	102.50057088	102.499916	1	0	0	0	0
2024-06-09 08:08:20	25.53597204	102.43131860000001	102.499916	1	0	0	0	0
2024-06-09 08:08:30	25.5479862	102.4133629	102.499916	1	0	0	0	0
2024-06-09 08:08:40	25.5479862	102.4133629	102.499916	1	0	0	0	0
2024-06-09 08:08:50	25.5479862	102.4133629	102.499916	1	0	0	0	0
2024-06-09 08:09:00	25.5479862	102.4133629	102.499916	1	0	0	0	0
2024-06-09 08:09:10	25.5479862	102.4133629	102.499916	1	0	0	0	0
2024-06-09 08:09:20	25.5479862	102.4133629	102.499916	1	0	0	0	0
2024-06-09 08:09:30	25.5479862	102.4133629	102.499916	1	0	0	0	0
2024-06-09 08:09:40	25.5479862	102.4133629	102.499916	1	0	0	0	0
2024-06-09 08:09:50	25.5479862	102.4133629	102.499916	1	0	0	0	0
2024-06-09 08:10:00	25.5479862	102.4133629	102.499916	1	0	0	0	0
2024-06-09 08:10:10	25.54097148	102.48185556	102.499916	1	0	0	0	0
2024-06-09 08:10:20	25.56172944	102.59165176	102.499916	1	0	0	0	0
2024-06-09 08:10:30	25.493869892	102.78244064	102.499916	1	0	0	0	0
2024-06-09 08:10:40	25.55562634814815	102.21108787037038	102.499916	1	0	0	0	0
2024-06-09 08:10:50	25.532263056	102.56643924000001	102.499916	1	0	0	0	0
2024-06-09 08:11:00	25.55887068	102.29168643999999	102.499916	1	0	0	0	0
2024-06-09 08:11:10	25.557138228	102.31611303999999	102.499916	1	0	0	0	0
2024-06-09 08:11:20	25.592076723999998	102.3116656	102.499916	1	0	0	0	0
2024-06-09 08:11:30	25.497786096	102.74943019999999	102.499916	1	0	0	0	0
2024-06-09 08:11:40	25.5765332	102.26165328571429	102.499916	1	0	0	0	0
2024-06-09 08:11:50	25.549880696	102.37070292	102.499916	1	0	0	0	0
2024-06-09 08:12:00	25.53377756	102.41966548	102.499916	1	0	0	0	0
2024-06-09 08:12:10	25.50701176	102.72032644000001	102.499916	1	0	0	0	0
2024-06-09 08:12:20	25.534465092	102.53854132	102.499916	1	0	0	0	0
2024-06-09 08:12:30	25.504738412000002	102.65629008	102.499916	1	0	0	0	0
2024-06-09 08:12:40	25.542497695652173	102.40701913043478	102.499916	1	0	0	0	0
2024-06-09 08:12:50	25.542993696	102.32623448	102.499916	1	0	0	0	0
2024-06-09 08:13:00	25.53232606	102.31840532	102.499916	1	0	0	0	0
2024-06-09 08:13:10	25.552561048	102.50069536000001	102.499916	1	0	0	0	0
2024-06-09 08:13:20	25.5392	102.44559828	102.499916	1	0	0	0	0
2024-06-09 08:13:30	25.521355876	102.65782608	102.499916	1	0	0	0	0
2024-06-09 08:13:40	25.521355876	102.65782608	102.499916	1	0	0	0	0
2024-06-09 08:13:50	25.521355876	102.65782608	102.499916	1	0	0	0	0
2024-06-09 08:14:00	25.521355876	102.65782608	102.499916	1	0	0	0	0
2024-06-09 08:14:10	25.521355876	102.65782608	102.499916	1	0	0	0	0
2024-06-09 08:14:20	25.521355876	102.65782608	102.499916	1	0	0	0	0
2024-06-09 08:14:30	25.521355876	102.65782608	102.499916	1	0	0	0	0
2024-06-09 08:14:40	25.521355876	102.65782608	102.499916	1	0	0	0	0
2024-06-09 08:14:50	25.521355876	102.65782608	102.499916	1	0	0	0	0
2024-06-09 08:15:00	25.521355876	102.65782608	102.499916	1	0	0	0	0
2024-06-09 08:15:10	25.560431784000002	102.52120092	102.499916	1	0	0	0	0
2024-06-09 08:15:20	25.551906864	102.74096032	102.499916	1	0	0	0	0
2024-06-09 08:15:30	25.512728116	102.69965528	102.499916	1	0	0	0	0
2024-06-09 08:15:40	25.453982463461536	102.92800909615384	102.499916	1	0	0	0	0
2024-06-09 08:15:50	25.544063488	102.72615336	102.499916	1	0	0	0	0
2024-06-09 08:16:00	25.515949239999998	102.72953116	102.499916	1	0	0	0	0
2024-06-09 08:16:10	25.536263948	102.54741544000001	102.499916	1	0	0	0	0
2024-06-09 08:16:20	25.53653602	102.47792416	102.499916	1	0	0	0	0
2024-06-09 08:16:30	25.535922532	102.47140316000001	102.499916	1	0	0	0	0
2024-06-09 08:16:40	25.5068317245283	102.53693828301887	102.499916	1	0	0	0	0
2024-06-09 08:16:50	25.546600496	102.55918316	102.499916	1	0	0	0	0
2024-06-09 08:17:00	25.531759496	102.3467224	102.499916	1	0	0	0	0
2024-06-09 08:17:10	25.532481308	102.45578392	102.499916	1	0	0	0	0
2024-06-09 08:17:20	25.554751500000002	102.1460762	102.499916	1	0	0	0	0
2024-06-09 08:17:30	25.535680904	102.48184776000001	102.499916	1	0	0	0	0
2024-06-09 08:17:40	25.511779240425533	102.55049282978723	102.499916	1	0	0	0	0
2024-06-09 08:17:50	25.530973672000002	102.429273	102.499916	1	0	0	0	0
2024-06-09 08:18:00	25.520567916	102.77102932	102.499916	1	0	0	0	0
2024-06-09 08:18:10	25.550465736	102.3790312	102.499916	1	0	0	0	0
2024-06-09 08:18:20	25.510657972	102.51270916	102.499916	1	0	0	0	0
2024-06-09 08:18:30	25.510657972	102.51270916	102.499916	1	0	0	0	0
2024-06-09 08:18:40	25.510657972	102.51270916	102.499916	1	0	0	0	0
2024-06-09 08:18:50	25.510657972	102.51270916	102.499916	1	0	0	0	0
2024-06-09 08:19:00	25.510657972	102.51270916	102.499916	1	0	0	0	0
2024-06-09 08:19:10	25.510657972	102.51270916	102.499916	1	0	0	0	0
2024-06-09 08:19:20	25.510657972	102.51270916	102.499916	1	0	0	0	0
2024-06-09 08:19:30	25.510657972	102.51270916	102.499916	1	0	0	0	0
2024-06-09 08:19:40	25.510657972	102.51270916	102.499916	1	0	0	0	0
2024-06-09 08:19:50	25.510657972	102.51270916	102.499916	1	0	0	0	0
2024-06-09 08:20:00	25.510657972	102.51270916	102.499916	1	0	0	0	0
2024-06-09 08:20:10	25.513903344	102.70346468	102.499916	1	0	0	0	0
2024-06-09 08:20:20	25.502806988	102.49004148	102.499916	1	0	0	0	0
2024-06-09 08:20:30	25.469912712	102.82459376	102.499916	1	0	0	0	0
2024-06-09 08:20:40	25.519680171153848	102.31347619230769	102.499916	1	0	0	0	0
2024-06-09 08:20:50	25.542571224	102.41128444	102.499916	1	0	0	0	0
2024-06-09 08:21:00	25.48957824	102.90415944	102.499916	1	0	0	0	0
2024-06-09 08:21:10	25.51584386	102.68577124000001	102.499916	1	0	0	0	0
2024-06-09 08:21:20	25.541435488	102.20526699999999	102.499916	1	0	0	0	0
2024-06-09 08:21:30	25.494064336	102.59502216	102.499916	1	0	0	0	0
2024-06-09 08:21:40	25.504635240384616	102.56305663461539	102.499916	1	0	0	0	0
2024-06-09 08:21:50	25.486949488	102.56378783999999	102.499916	1	0	0	0	0
2024-06-09 08:22:00	25.485855716	102.56792191999999	102.499916	1	0	0	0	0
2024-06-09 08:22:10	25.520882592	102.37817152	102.499916	1	0	0	0	0
2024-06-09 08:22:20	25.505520424	102.38258936	102.499916	1	0	0	0	0
2024-06-09 08:22:30	25.522990976	102.38876528	102.499916	1	0	0	0	0
2024-06-09 08:22:40	25.533085961702128	102.31585017021277	102.499916	1	0	0	0	0
2024-06-09 08:22:50	25.531690556	102.40370328	102.499916	1	0	0	0	0
2024-06-09 08:23:00	25.503331600000003	102.60700264	102.499916	1	0	0	0	0
2024-06-09 08:23:10	25.540524127999998	102.39635163999999	102.499916	1	0	0	0	0
2024-06-09 08:23:20	25.467383855999998	102.93868567999999	102.499916	1	0	0	0	0
2024-06-09 08:23:30	25.427823615999998	102.94935396	102.499916	1	0	0	0	0
2024-06-09 08:23:40	25.427823615999998	102.94935396	102.499916	1	0	0	0	0
2024-06-09 08:23:50	25.427823615999998	102.94935396	102.499916	1	0	0	0	0
2024-06-09 08:24:00	25.427823615999998	102.94935396	102.499916	1	0	0	0	0
2024-06-09 08:24:10	25.427823615999998	102.94935396	102.499916	1	0	0	0	0
2024-06-09 08:24:20	25.427823615999998	102.94935396	102.499916	1	0	0	0	0
2024-06-09 08:24:30	25.427823615999998	102.94935396	102.499916	1	0	0	0	0
2024-06-09 08:24:40	25.427823615999998	102.94935396	102.499916	1	0	0	0	0
2024-06-09 08:24:50	25.427823615999998	102.94935396	102.499916	1	0	0	0	0
2024-06-09 08:25:00	25.427823615999998	102.94935396	102.499916	1	0	0	0	0
2024-06-09 08:25:10	25.448357744	102.98461092000001	102.499916	1	0	0	0	0
2024-06-09 08:25:20	25.440871152	102.62540912	102.499916	1	0	0	0	0
2024-06-09 08:25:30	25.470115216	102.64808356	102.499916	1	0	0	0	0
2024-06-09 08:25:40	25.50455686153846	102.36626046153846	102.499916	1	0	0	0	0
2024-06-09 08:25:50	25.499197715999998	102.4615664	102.499916	1	0	0	0	0
2024-06-09 08:26:00	25.517539848	102.45600132	102.499916	1	0	0	0	0
2024-06-09 08:26:10	25.513233191999998	102.63712744	102.499916	1	0	0	0	0
2024-06-09 08:26:20	25.505508496	102.60886052000001	102.499916	1	0	0	0	0
2024-06-09 08:26:30	25.474793236	102.61056004000001	102.499916	1	0	0	0	0
2024-06-09 08:26:40	25.486316556603775	102.40026635849057	102.499916	1	0	0	0	0
2024-06-09 08:26:50	25.486619508	102.51243316	102.499916	1	0	0	0	0
2024-06-09 08:27:00	25.518187144	102.54499256	102.499916	1	0	0	0	0
2024-06-09 08:27:10	25.440652336000003	102.74812004	102.499916	1	0	0	0	0
2024-06-09 08:27:20	25.468670036	102.57490127999999	102.499916	1	0	0	0	0
2024-06-09 08:27:30	25.492507188	102.47632968	102.499916	1	0	0	0	0
2024-06-09 08:27:40	25.46195165714286	102.61787285714286	102.499916	1	0	0	0	0
2024-06-09 08:27:50	25.444990624	102.77892623999999	102.499916	1	0	0	0	0
2024-06-09 08:28:00	25.442784876	102.40431052	102.499916	1	0	0	0	0
2024-06-09 08:28:10	25.488488024	102.54559008	102.499916	1	0	0	0	0
2024-06-09 08:28:20	25.447029324	102.44367156	102.499916	1	0	0	0	0
2024-06-09 08:28:30	25.489226784	102.41684608	102.499916	1	0	0	0	0
2024-06-09 08:28:40	25.489226784	102.41684608	102.499916	1	0	0	0	0
2024-06-09 08:28:50	25.489226784	102.41684608	102.499916	1	0	0	0	0
2024-06-09 08:29:00	25.489226784	102.41684608	102.499916	1	0	0	0	0
2024-06-09 08:29:10	25.489226784	102.41684608	102.499916	1	0	0	0	0
2024-06-09 08:29:20	25.489226784	102.41684608	102.499916	1	0	0	0	0
2024-06-09 08:29:30	25.489226784	102.41684608	102.499916	1	0	0	0	0
2024-06-09 08:29:40	25.489226784	102.41684608	102.499916	1	0	0	0	0
2024-06-09 08:29:50	25.489226784	102.41684608	102.499916	1	0	0	0	0
2024-06-09 08:30:00	25.489226784	102.41684608	102.499916	1	0	0	0	0
2024-06-09 08:30:10	25.446525344	102.50644528	102.499916	1	0	0	0	0
2024-06-09 08:30:20	25.471730492000002	102.3109062	102.499916	1	0	0	0	0
2024-06-09 08:30:30	25.4250464	102.69978648	102.499916	1	0	0	0	0
2024-06-09 08:30:40	25.404952055769233	102.80667353846154	102.499916	1	0	0	0	0
2024-06-09 08:30:50	25.383959336	102.87807072	102.499916	1	0	0	0	0
2024-06-09 08:31:00	25.45234934	102.66800088	102.499916	1	0	0	0	0
2024-06-09 08:31:10	25.428735788	102.55683892	102.499916	1	0	0	0	0
2024-06-09 08:31:20	25.450378832	102.41298864	102.499916	1	0	0	0	0
2024-06-09 08:31:30	25.430114048	102.5178102	102.499916	1	0	0	0	0
2024-06-09 08:31:40	25.47159819423077	102.26988365384615	102.499916	1	0	0	0	0
2024-06-09 08:31:50	25.443512988000002	102.474455	102.499916	1	0	0	0	0
2024-06-09 08:32:00	25.447462728	102.38847059999999	102.499916	1	0	0	0	0
2024-06-09 08:32:10	25.544582412	102.03445636	102.499916	1	0	0	0	0
2024-06-09 08:32:20	25.457403044	102.52789032000001	102.499916	1	0	0	0	0
2024-06-09 08:32:30	25.424853896	102.69527396	102.499916	1	0	0	0	0
2024-06-09 08:32:40	25.442772467924527	102.64454371698113	101.91501911320755	1	0	0	0	0
2024-06-09 08:32:50	25.39267446	102.72141228000001	101.499931	1	0	0	0	0
2024-06-09 08:33:00	25.410926544	102.3614328	101.499931	1	0	0	0	0
2024-06-09 08:33:10	25.339188156000002	102.59451876	101.499931	1	0	0	0	0
2024-06-09 08:33:20	25.329454064	102.520768	101.499931	1	0	0	0	0
2024-06-09 08:33:30	25.329454064	102.520768	101.499931	1	0	0	0	0
2024-06-09 08:33:40	25.329454064	102.520768	101.499931	1	0	0	0	0
2024-06-09 08:33:50	25.329454064	102.520768	101.499931	1	0	0	0	0
2024-06-09 08:34:00	25.329454064	102.520768	101.499931	1	0	0	0	0
2024-06-09 08:34:10	25.329454064	102.520768	101.499931	1	0	0	0	0
2024-06-09 08:34:20	25.329454064	102.520768	101.499931	1	0	0	0	0
2024-06-09 08:34:30	25.329454064	102.520768	101.499931	1	0	0	0	0
2024-06-09 08:34:40	25.329454064	102.520768	101.499931	1	0	0	0	0
2024-06-09 08:34:50	25.329454064	102.520768	101.499931	1	0	0	0	0
2024-06-09 08:35:00	25.329454064	102.520768	101.499931	1	0	0	0	0
2024-06-09 08:35:10	24.994478464	102.57109412	101.499931	1	0	0	0	0
2024-06-09 08:35:20	24.9334646	102.84225808	101.499931	1	0	0	0	0
2024-06-09 08:35:30	24.885629348000002	102.59698496	101.499931	1	0	0	0	0
2024-06-09 08:35:40	24.851139688	102.57737904	101.499931	1	0	0	0	0
2024-06-09 08:35:50	24.858795392	102.58327728	101.499931	1	0	0	0	0
2024-06-09 08:36:00	24.813683732	102.65654092	101.499931	1	0	0	0	0
2024-06-09 08:36:10	24.805116423999998	102.41057996	101.499931	1	0	0	0	0
2024-06-09 08:36:20	24.749822392	102.56686563999999	101.499931	1	0	0	0	0
2024-06-09 08:36:30	24.6564261	102.85771476	101.499931	1	0	0	0	0
2024-06-09 08:36:40	24.68044065	102.47316749999999	101.499931	1	0	0	0	0
2024-06-09 08:36:50	24.619638048	102.70173476000001	101.499931	1	0	0	0	0
2024-06-09 08:37:00	24.5757056	102.56835456	101.499931	1	0	0	0	0
2024-06-09 08:37:10	24.573982752	102.59736632	101.499931	1	0	0	0	0
2024-06-09 08:37:20	24.533239508	102.46155904000001	101.499931	1	0	0	0	0
2024-06-09 08:37:30	24.536800756	102.3444968	101.499931	1	0	0	0	0
2024-06-09 08:37:40	24.480907045454547	102.51831436363636	101.499931	1	0	0	0	0
2024-06-09 08:37:50	24.465614416	102.55863352	101.499931	1	0	0	0	0
2024-06-09 08:38:00	24.423482928	102.46147228	101.499931	1	0	0	0	0
2024-06-09 08:38:10	24.395870640000002	102.72922432	101.499931	1	0	0	0	0
2024-06-09 08:38:20	24.342571896	102.6550898	101.499931	1	0	0	0	0
2024-06-09 08:38:30	24.343469852	102.37827192	101.499931	1	0	0	0	0
2024-06-09 08:38:40	24.343469852	102.37827192	101.499931	1	0	0	0	0
2024-06-09 08:38:50	24.343469852	102.37827192	101.499931	1	0	0	0	0
2024-06-09 08:39:00	24.343469852	102.37827192	101.499931	1	0	0	0	0
2024-06-09 08:39:10	24.343469852	102.37827192	101.499931	1	0	0	0	0
2024-06-09 08:39:20	24.343469852	102.37827192	101.499931	1	0	0	0	0
2024-06-09 08:39:30	24.343469852	102.37827192	101.499931	1	0	0	0	0
2024-06-09 08:39:40	24.343469852	102.37827192	101.499931	1	0	0	0	0
2024-06-09 08:39:50	24.343469852	102.37827192	101.499931	1	0	0	0	0
2024-06-09 08:40:00	24.343469852	102.37827192	101.499931	1	0	0	0	0
2024-06-09 08:40:10	23.99443032	102.50432768	101.499931	1	0	0	0	0
2024-06-09 08:40:20	23.983104592	102.43455884	101.499931	1	0	0	0	0
2024-06-09 08:40:30	23.903961031999998	102.76991212	101.499931	1	0	0	0	0
2024-06-09 08:40:40	23.86652723902439	102.7908967317073	101.499931	1	0	0	0	0
2024-06-09 08:40:50	23.862064804000003	102.95925408000001	101.499931	1	0	0	0	0
2024-06-09 08:41:00	23.861206868	102.52465584000001	101.499931	1	0	0	0	0
2024-06-09 08:41:10	23.795186184000002	102.60494656	101.499931	1	0	0	0	0
2024-06-09 08:41:20	23.761433735999997	102.51237952	101.499931	1	0	0	0	0
2024-06-09 08:41:30	23.718698764	102.70113472	101.499931	1	0	0	0	0
2024-06-09 08:41:40	23.729548085106384	102.56574074468085	101.499931	1	0	0	0	0
2024-06-09 08:41:50	23.687778544	102.39045692	101.499931	1	0	0	0	0
2024-06-09 08:42:00	23.64745092	102.36715316	101.499931	1	0	0	0	0
2024-06-09 08:42:10	23.688999664	101.9383496	101.499931	1	0	0	0	0
2024-06-09 08:42:20	23.691039496000002	102.0794666	101.499931	1	0	0	0	0
2024-06-09 08:42:30	23.645366192	102.18172971999999	101.499931	1	0	0	0	0
2024-06-09 08:42:40	23.633525363829786	102.23038695744681	101.499931	1	0	0	0	0
2024-06-09 08:42:50	23.597383104	102.19787304	101.499931	1	0	0	0	0
2024-06-09 08:43:00	23.582009236	102.00367784	101.499931	1	0	0	0	0
2024-06-09 08:43:10	23.617838312	102.12722392	101.499931	1	0	0	0	0
2024-06-09 08:43:20	23.588277679999997	101.99513504	101.499931	1	0	0	0	0
2024-06-09 08:43:30	23.576524115999998	101.96020156	101.499931	1	0	0	0	0
2024-06-09 08:43:40	23.576524115999998	101.96020156	101.499931	1	0	0	0	0
2024-06-09 08:43:50	23.576524115999998	101.96020156	101.499931	1	0	0	0	0
2024-06-09 08:44:00	23.576524115999998	101.96020156	101.499931	1	0	0	0	0
2024-06-09 08:44:10	23.576524115999998	101.96020156	101.499931	1	0	0	0	0
2024-06-09 08:44:20	23.576524115999998	101.96020156	101.499931	1	0	0	0	0
2024-06-09 08:44:30	23.576524115999998	101.96020156	101.499931	1	0	0	0	0
2024-06-09 08:44:40	23.576524115999998	101.96020156	101.499931	1	0	0	0	0
2024-06-09 08:44:50	23.576524115999998	101.96020156	101.499931	1	0	0	0	0
2024-06-09 08:45:00	23.576524115999998	101.96020156	101.499931	1	0	0	0	0
2024-06-09 08:45:10	23.49979572	101.84985184	101.499931	1	0	0	0	0
2024-06-09 08:45:20	23.518944956000002	101.57378608	101.499931	1	0	0	0	0
2024-06-09 08:45:30	23.424270456	102.16860464	101.499931	1	0	0	0	0
2024-06-09 08:45:40	23.474675844680853	101.71888080851063	101.499931	1	0	0	0	0
2024-06-09 08:45:50	23.4734092	101.86861972	101.499931	1	0	0	0	0
2024-06-09 08:46:00	23.431672284	101.65422284	101.499931	1	0	0	0	0
2024-06-09 08:46:10	23.45989432	101.82617552	101.499931	1	0	0	0	0
2024-06-09 08:46:20	23.446442184	101.73051896	101.499931	1	0	0	0	0
2024-06-09 08:46:30	23.43184808	101.80311492	101.499931	1	0	0	0	0
2024-06-09 08:46:40	23.422292297872342	101.87080068085106	101.499931	1	0	0	0	0
2024-06-09 08:46:50	23.433652608	101.49307584	101.499931	1	0	0	0	0
2024-06-09 08:47:00	23.4201912	101.65766016	101.499931	1	0	0	0	0
2024-06-09 08:47:10	23.423304676	101.65324048	101.499931	1	0	0	0	0
2024-06-09 08:47:20	23.457262572	101.42536168	101.499931	1	0	0	0	0
2024-06-09 08:47:30	23.41725	101.68225752	101.499931	1	0	0	0	0
2024-06-09 08:47:40	23.440635744230768	101.416464	101.499931	1	0	0	0	0
2024-06-09 08:47:50	23.456658416	101.59951968	101.499931	1	0	0	0	0
2024-06-09 08:48:00	23.435947600000002	101.32781847999999	101.499931	1	0	0	0	0
2024-06-09 08:48:10	23.494539984	101.31447648	101.499931	1	0	0	0	0
2024-06-09 08:48:20	23.43654304	101.54805924	101.499931	1	0	0	0	0
2024-06-09 08:48:30	23.436157536	101.56083884	101.499931	1	0	0	0	0
2024-06-09 08:48:40	23.436157536	101.56083884	101.499931	1	0	0	0	0
2024-06-09 08:48:50	23.436157536	101.56083884	101.499931	1	0	0	0	0
2024-06-09 08:49:00	23.436157536	101.56083884	101.499931	1	0	0	0	0
2024-06-09 08:49:10	23.436157536	101.56083884	101.499931	1	0	0	0	0
2024-06-09 08:49:20	23.436157536	101.56083884	101.499931	1	0	0	0	0
2024-06-09 08:49:30	23.436157536	101.56083884	101.499931	1	0	0	0	0
2024-06-09 08:49:40	23.436157536	101.56083884	101.499931	1	0	0	0	0
2024-06-09 08:49:50	23.436157536	101.56083884	101.499931	1	0	0	0	0
2024-06-09 08:50:00	23.436157536	101.56083884	101.499931	1	0	0	0	0
2024-06-09 08:50:10	23.349622791999998	101.83451976	101.499931	1	0	0	0	0
2024-06-09 08:50:20	23.428718363999998	101.5780376	101.499931	1	0	0	0	0
2024-06-09 08:50:30	23.326545884	101.82158336	99.9999542	1	0	0	0	0
2024-06-09 08:50:40	23.312454353846157	101.46032298076923	99.9999542	1	0	0	0	0
2024-06-09 08:50:50	23.329985928	101.2302904	99.9999542	1	0	0	0	0
2024-06-09 08:51:00	23.265635888	101.0821306	99.9999542	1	0	0	0	0
2024-06-09 08:51:10	23.585101824	99.122528	99.9999542	1	0	0	0	0
2024-06-09 08:51:20	23.683382836	98.755052544	99.9999542	1	0	0	0	0
2024-06-09 08:51:30	23.779875744	98.504799544	99.9999542	1	0	0	0	0
2024-06-09 08:51:40	23.783916602127658	98.86839042553191	99.9999542	1	0	0	0	0
2024-06-09 08:51:50	23.724274664	99.23383	99.9999542	1	0	0	0	0
2024-06-09 08:52:00	23.803268828	99.022566	99.9999542	1	0	0	0	0
2024-06-09 08:52:10	23.862888976	99.06162928	99.9999542	1	0	0	0	0
2024-06-09 08:52:20	23.913287200000003	98.84228568	99.9999542	1	0	0	0	0
2024-06-09 08:52:30	23.984692252	98.536484364	99.9999542	1	0	0	0	0
2024-06-09 08:52:40	23.93654450425532	98.84778078297873	99.9999542	1	0	0	0	0
2024-06-09 08:52:50	24.02425264	98.8427596	99.9999542	1	0	0	0	0
2024-06-09 08:53:00	24.0754576	98.8714008	99.9999542	1	0	0	0	0
2024-06-09 08:53:10	24.084489152	98.836663648	99.9999542	1	0	0	0	0
2024-06-09 08:53:20	24.06913716	98.96909600000001	99.9999542	1	0	0	0	0
2024-06-09 08:53:30	24.124011744	99.007656412	99.9999542	1	0	0	0	0
2024-06-09 08:53:40	24.124011744	99.007656412	99.9999542	1	0	0	0	0
2024-06-09 08:53:50	24.124011744	99.007656412	99.9999542	1	0	0	0	0
2024-06-09 08:54:00	24.124011744	99.007656412	99.9999542	1	0	0	0	0
2024-06-09 08:54:10	24.124011744	99.007656412	99.9999542	1	0	0	0	0
2024-06-09 08:54:20	24.124011744	99.007656412	99.9999542	1	0	0	0	0
2024-06-09 08:54:30	24.124011744	99.007656412	99.9999542	1	0	0	0	0
2024-06-09 08:54:40	24.124011744	99.007656412	99.9999542	1	0	0	0	0
2024-06-09 08:54:50	24.124011744	99.007656412	99.9999542	1	0	0	0	0
2024-06-09 08:55:00	24.124011744	99.007656412	99.9999542	1	0	0	0	0
2024-06-09 08:55:10	24.479501648	98.8116696	99.9999542	1	0	0	0	0
2024-06-09 08:55:20	24.531117124	98.8710092	99.9999542	1	0	0	0	0
2024-06-09 08:55:30	24.545299376	98.9544492	99.9999542	1	0	0	0	0
2024-06-09 08:55:40	24.57538040212766	98.96645661489362	99.9999542	1	0	0	0	0
2024-06-09 08:55:50	24.656234644	98.75073760000001	99.9999542	1	0	0	0	0
2024-06-09 08:56:00	24.709693548	98.4166368	99.9999542	1	0	0	0	0
2024-06-09 08:56:10	24.721051016	98.7298072	99.9999542	1	0	0	0	0
2024-06-09 08:56:20	24.739056104000003	98.7894636	99.9999542	1	0	0	0	0
2024-06-09 08:56:30	24.798877072	98.72194986000001	99.9999542	1	0	0	0	0
2024-06-09 08:56:40	24.812963534042552	99.05407638297872	99.9999542	1	0	0	0	0
2024-06-09 08:56:50	24.87533706	98.84656360000001	99.9999542	1	0	0	0	0
2024-06-09 08:57:00	24.895771028	98.746617748	99.9999542	1	0	0	0	0
2024-06-09 08:57:10	24.918982248	98.93306	99.9999542	1	0	0	0	0
2024-06-09 08:57:20	24.956452972	99.1204	99.9999542	1	0	0	0	0
2024-06-09 08:57:30	25.00632152	98.7845536	99.9999542	1	0	0	0	0
2024-06-09 08:57:40	25.05736754893617	98.60282036595744	99.9999542	1	0	0	0	0
2024-06-09 08:57:50	25.046893172	98.883022	99.9999542	1	0	0	0	0
2024-06-09 08:58:00	25.150435988	98.6546224	99.9999542	1	0	0	0	0
2024-06-09 08:58:10	25.17159552	98.67919068799999	99.9999542	1	0	0	0	0
2024-06-09 08:58:20	25.17271578	99.028425664	99.9999542	1	0	0	0	0
2024-06-09 08:58:30	25.17271578	99.028425664	99.9999542	1	0	0	0	0
2024-06-09 08:58:40	25.17271578	99.028425664	99.9999542	1	0	0	0	0
2024-06-09 08:58:50	25.17271578	99.028425664	99.9999542	1	0	0	0	0
2024-06-09 08:59:00	25.17271578	99.028425664	99.9999542	1	0	0	0	0
2024-06-09 08:59:10	25.17271578	99.028425664	99.9999542	1	0	0	0	0
2024-06-09 08:59:20	25.17271578	99.028425664	99.9999542	1	0	0	0	0
2024-06-09 08:59:30	25.17271578	99.028425664	99.9999542	1	0	0	0	0
2024-06-09 08:59:40	25.17271578	99.028425664	99.9999542	1	0	0	0	0
2024-06-09 08:59:50	25.17271578	99.028425664	99.9999542	1	0	0	0	0
2024-06-09 09:00:00	25.17271578	99.028425664	99.9999542	1	0	0	0	0
2024-06-09 09:00:10	25.394333048	99.447690064	99.9999542	1	0	0	0	0
2024-06-09 09:00:20	25.430919652	99.242042668	99.9999542	1	0	0	0	0
2024-06-09 09:00:30	25.383852644	99.68009359999999	99.9999542	1	0	0	0	0
2024-06-09 09:00:40	25.444286844230767	99.40697423076924	99.9999542	1	0	0	0	0
2024-06-09 09:00:50	25.44169054	99.4871784	99.9999542	1	0	0	0	0
2024-06-09 09:01:00	25.469860752	99.5883524	99.9999542	1	0	0	0	0
2024-06-09 09:01:10	25.448295968	99.53188320000001	99.9999542	1	0	0	0	0
2024-06-09 09:01:20	25.50036632	99.4236188	99.9999542	1	0	0	0	0
2024-06-09 09:01:30	25.506863564	99.492355264	99.9999542	1	0	0	0	0
2024-06-09 09:01:40	25.53090988269231	99.24820632115384	99.9999542	1	0	0	0	0
2024-06-09 09:01:50	25.459088304	99.7782676	99.9999542	1	0	0	0	0
2024-06-09 09:02:00	25.584432672000002	99.4945656	99.9999542	1	0	0	0	0
2024-06-09 09:02:10	25.512312392000002	99.6598244	99.9999542	1	0	0	0	0
2024-06-09 09:02:20	25.567139336	99.65813	99.9999542	1	0	0	0	0
2024-06-09 09:02:30	25.558286980000002	99.6521032	99.9999542	1	0	0	0	0
2024-06-09 09:02:40	25.561191358490564	99.64749471698113	99.9999542	1	0	0	0	0
2024-06-09 09:02:50	25.516874056	99.989176344	99.9999542	1	0	0	0	0
2024-06-09 09:03:00	25.53525072	99.918426528	99.9999542	1	0	0	0	0
2024-06-09 09:03:10	25.617995387999997	99.55818572	99.9999542	1	0	0	0	0
2024-06-09 09:03:20	25.596955392	99.794661348	99.9999542	1	0	0	0	0
2024-06-09 09:03:30	25.598044436	99.7118988	99.9999542	1	0	0	0	0
2024-06-09 09:03:40	25.598044436	99.7118988	99.9999542	1	0	0	0	0
2024-06-09 09:03:50	25.598044436	99.7118988	99.9999542	1	0	0	0	0
2024-06-09 09:04:00	25.598044436	99.7118988	99.9999542	1	0	0	0	0
2024-06-09 09:04:10	25.598044436	99.7118988	99.9999542	1	0	0	0	0
2024-06-09 09:04:20	25.598044436	99.7118988	99.9999542	1	0	0	0	0
2024-06-09 09:04:30	25.598044436	99.7118988	99.9999542	1	0	0	0	0
2024-06-09 09:04:40	25.598044436	99.7118988	99.9999542	1	0	0	0	0
2024-06-09 09:04:50	25.598044436	99.7118988	99.9999542	1	0	0	0	0
2024-06-09 09:05:00	25.598044436	99.7118988	99.9999542	1	0	0	0	0
2024-06-09 09:05:10	25.612744688	99.88533579199999	99.9999542	1	0	0	0	0
2024-06-09 09:05:20	25.588327704	100.16691616	99.9999542	1	0	0	0	0
2024-06-09 09:05:30	25.549045508	100.263312	99.9999542	1	0	0	0	0
2024-06-09 09:05:40	25.637823461538463	99.67723326923077	99.9999542	1	0	0	0	0
2024-06-09 09:05:50	25.60499874	99.91209	99.9999542	1	0	0	0	0
2024-06-09 09:06:00	25.616465136	99.93192690400001	99.9999542	1	0	0	0	0
2024-06-09 09:06:10	25.599886756	100.054686112	99.9999542	1	0	0	0	0
2024-06-09 09:06:20	25.6229968	99.51582006400001	99.9999542	1	0	0	0	0
2024-06-09 09:06:30	25.613925188	99.96541376	99.9999542	1	0	0	0	0
2024-06-09 09:06:40	25.586394972	100.20252966	99.9999542	1	0	0	0	0
2024-06-09 09:06:50	25.661942048	99.6885272	99.9999542	1	0	0	0	0
2024-06-09 09:07:00	25.679053044	99.7714876	99.9999542	1	0	0	0	0
2024-06-09 09:07:10	25.65918438	99.84412880000001	99.9999542	1	0	0	0	0
2024-06-09 09:07:20	25.62742614	99.95358159999999	99.9999542	1	0	0	0	0
2024-06-09 09:07:30	25.618789724	100.08102908	99.9999542	1	0	0	0	0
2024-06-09 09:07:40	25.631393088679246	99.96576341509434	99.9999542	1	0	0	0	0
2024-06-09 09:07:50	25.62541868	99.9524588	99.9999542	1	0	0	0	0
2024-06-09 09:08:00	25.620380192	100.16120212	99.9999542	1	0	0	0	0
2024-06-09 09:08:10	25.661844412	100.068018072	99.9999542	1	0	0	0	0
2024-06-09 09:08:20	25.599710404	100.1444354	99.9999542	1	0	0	0	0
2024-06-09 09:08:30	25.691361144000002	99.661500208	99.9999542	1	0	0	0	0
2024-06-09 09:08:40	25.691361144000002	99.661500208	99.9999542	1	0	0	0	0
2024-06-09 09:08:50	25.691361144000002	99.661500208	99.9999542	1	0	0	0	0
2024-06-09 09:09:00	25.691361144000002	99.661500208	99.9999542	1	0	0	0	0
2024-06-09 09:09:10	25.691361144000002	99.661500208	99.9999542	1	0	0	0	0
2024-06-09 09:09:20	25.691361144000002	99.661500208	99.9999542	1	0	0	0	0
2024-06-09 09:09:30	25.691361144000002	99.661500208	99.9999542	1	0	0	0	0
2024-06-09 09:09:40	25.691361144000002	99.661500208	99.9999542	1	0	0	0	0
2024-06-09 09:09:50	25.691361144000002	99.661500208	99.9999542	1	0	0	0	0
2024-06-09 09:10:00	25.691361144000002	99.661500208	99.9999542	1	0	0	0	0
2024-06-09 09:10:10	25.653053884	99.85801119999999	99.9999542	1	0	0	0	0
2024-06-09 09:10:20	25.618078144	99.97991112	99.9999542	1	0	0	0	0
2024-06-09 09:10:30	25.606573519999998	100.12484992	99.9999542	1	0	0	0	0
2024-06-09 09:10:40	25.630958886538462	99.96028288461538	99.9999542	1	0	0	0	0
2024-06-09 09:10:50	25.576943092	100.06319144	99.9999542	1	0	0	0	0
2024-06-09 09:11:00	25.592139124	99.906949008	99.9999542	1	0	0	0	0
2024-06-09 09:11:10	25.611158436	100.1075192	99.9999542	1	0	0	0	0
2024-06-09 09:11:20	25.601260663999998	100.24248428	99.9999542	1	0	0	0	0
2024-06-09 09:11:30	25.613436784	99.9938816	99.9999542	1	0	0	0	0
2024-06-09 09:11:40	25.597223234615385	100.18645061538462	99.9999542	1	0	0	0	0
2024-06-09 09:11:50	25.5998112	99.98375832	99.9999542	1	0	0	0	0
2024-06-09 09:12:00	25.5957285	100.04750208	99.9999542	1	0	0	0	0
2024-06-09 09:12:10	25.601325872	99.76487775999999	99.9999542	1	0	0	0	0
2024-06-09 09:12:20	25.587954872	100.1187794	99.9999542	1	0	0	0	0
2024-06-09 09:12:30	25.581373376	100.13251928000001	99.9999542	1	0	0	0	0
2024-06-09 09:12:40	25.540364875	100.23431886538462	99.9999542	1	0	0	0	0
2024-06-09 09:12:50	25.586833504	99.99054792	99.9999542	1	0	0	0	0
2024-06-09 09:13:00	25.541996368	100.22091132	99.9999542	1	0	0	0	0
2024-06-09 09:13:10	25.6087816	99.933309248	99.9999542	1	0	0	0	0
2024-06-09 09:13:20	25.620847472	100.05102964	99.9999542	1	0	0	0	0
2024-06-09 09:13:30	25.620847472	100.05102964	99.9999542	1	0	0	0	0
2024-06-09 09:13:40	25.620847472	100.05102964	99.9999542	1	0	0	0	0
2024-06-09 09:13:50	25.620847472	100.05102964	99.9999542	1	0	0	0	0
2024-06-09 09:14:00	25.620847472	100.05102964	99.9999542	1	0	0	0	0
2024-06-09 09:14:10	25.620847472	100.05102964	99.9999542	1	0	0	0	0
2024-06-09 09:14:20	25.620847472	100.05102964	99.9999542	1	0	0	0	0
2024-06-09 09:14:30	25.620847472	100.05102964	99.9999542	1	0	0	0	0
2024-06-09 09:14:40	25.620847472	100.05102964	99.9999542	1	0	0	0	0
2024-06-09 09:14:50	25.620847472	100.05102964	99.9999542	1	0	0	0	0
2024-06-09 09:15:00	25.620847472	100.05102964	99.9999542	1	0	0	0	0
2024-06-09 09:15:10	25.572230832000002	100.00952432	99.9999542	1	0	0	0	0
2024-06-09 09:15:20	25.542384260000002	100.09508543999999	99.9999542	1	0	0	0	0
2024-06-09 09:15:30	25.557910236	100.0913264	99.9999542	1	0	0	0	0
2024-06-09 09:15:40	25.600381208510637	99.81137668085107	99.9999542	1	0	0	0	0
2024-06-09 09:15:50	25.545006	100.26376096	99.9999542	1	0	0	0	0
2024-06-09 09:16:00	25.584744944	100.06977732	99.9999542	1	0	0	0	0
2024-06-09 09:16:10	25.555137712	100.23051028	99.9999542	1	0	0	0	0
2024-06-09 09:16:20	25.555614780000003	99.92982426399999	99.9999542	1	0	0	0	0
2024-06-09 09:16:30	25.555722828	100.03871616	99.9999542	1	0	0	0	0
2024-06-09 09:16:40	25.504749911111112	100.44492361111111	99.9999542	1	0	0	0	0
2024-06-09 09:16:50	25.504270408	100.39436536	99.9999542	1	0	0	0	0
2024-06-09 09:17:00	25.520041556	100.22207999999999	99.9999542	1	0	0	0	0
2024-06-09 09:17:10	25.50654804	100.32672384	99.9999542	1	0	0	0	0
2024-06-09 09:17:20	25.525390683999998	99.86968690399999	99.9999542	1	0	0	0	0
2024-06-09 09:17:30	25.528307068	100.036656792	99.9999542	1	0	0	0	0
2024-06-09 09:17:40	25.484131733962265	100.46575037735849	99.9999542	1	0	0	0	0
2024-06-09 09:17:50	25.504789592	100.12818136	99.9999542	1	0	0	0	0
2024-06-09 09:18:00	25.553003739999998	99.84015461599999	99.9999542	1	0	0	0	0
2024-06-09 09:18:10	25.511318836	100.0730896	99.9999542	1	0	0	0	0
2024-06-09 09:18:20	25.424445476	100.40606596	99.9999542	1	0	0	0	0
2024-06-09 09:18:30	25.456064256	100.3118812	99.9999542	1	0	0	0	0
2024-06-09 09:18:40	25.456064256	100.3118812	99.9999542	1	0	0	0	0
2024-06-09 09:18:50	25.456064256	100.3118812	99.9999542	1	0	0	0	0
2024-06-09 09:19:00	25.456064256	100.3118812	99.9999542	1	0	0	0	0
2024-06-09 09:19:10	25.456064256	100.3118812	99.9999542	1	0	0	0	0
2024-06-09 09:19:20	25.456064256	100.3118812	99.9999542	1	0	0	0	0
2024-06-09 09:19:30	25.456064256	100.3118812	99.9999542	1	0	0	0	0
2024-06-09 09:19:40	25.456064256	100.3118812	99.9999542	1	0	0	0	0
2024-06-09 09:19:50	25.456064256	100.3118812	99.9999542	1	0	0	0	0
2024-06-09 09:20:00	25.456064256	100.3118812	99.9999542	1	0	0	0	0
2024-06-09 09:20:10	25.437430384	100.24815908000001	99.9999542	1	0	0	0	0
2024-06-09 09:20:20	25.4118577	100.18408292	99.9999542	1	0	0	0	0
2024-06-09 09:20:30	25.43098608	100.12867143999999	99.9999542	1	0	0	0	0
2024-06-09 09:20:40	25.471302096153845	99.90697124230769	99.9999542	1	0	0	0	0
2024-06-09 09:20:50	25.437128175999998	100.03973687999999	99.9999542	1	0	0	0	0
2024-06-09 09:21:00	25.377274399999997	100.17529324	99.9999542	1	0	0	0	0
2024-06-09 09:21:10	25.445565252	99.880607072	99.9999542	1	0	0	0	0
2024-06-09 09:21:20	25.433863336	99.97054969599999	99.9999542	1	0	0	0	0
2024-06-09 09:21:30	25.399572872	100.2376486	99.9999542	1	0	0	0	0
2024-06-09 09:21:40	25.42895188846154	100.06195519230769	99.9999542	1	0	0	0	0
2024-06-09 09:21:50	25.420330596	100.160264	99.9999542	1	0	0	0	0
2024-06-09 09:22:00	25.4204492	100.10777916	99.9999542	1	0	0	0	0
2024-06-09 09:22:10	25.405941244	99.97333498	99.9999542	1	0	0	0	0
2024-06-09 09:22:20	25.426667344	100.06279088000001	99.9999542	1	0	0	0	0
2024-06-09 09:22:30	25.406650152	100.07201076	99.9999542	1	0	0	0	0
2024-06-09 09:22:40	25.406168186792453	100.03724345283018	99.9999542	1	0	0	0	0
2024-06-09 09:22:50	25.451921708	99.872643056	99.9999542	1	0	0	0	0
2024-06-09 09:23:00	25.415862948	99.905262456	99.9999542	1	0	0	0	0
2024-06-09 09:23:10	25.40976576	100.043903152	99.9999542	1	0	0	0	0
2024-06-09 09:23:20	25.397141644	100.07233480000001	99.9999542	1	0	0	0	0
2024-06-09 09:23:30	25.407307968	100.0244384	99.9999542	1	0	0	0	0
2024-06-09 09:23:40	25.407307968	100.0244384	99.9999542	1	0	0	0	0
2024-06-09 09:23:50	25.407307968	100.0244384	99.9999542	1	0	0	0	0
2024-06-09 09:24:00	25.407307968	100.0244384	99.9999542	1	0	0	0	0
2024-06-09 09:24:10	25.407307968	100.0244384	99.9999542	1	0	0	0	0
2024-06-09 09:24:20	25.407307968	100.0244384	99.9999542	1	0	0	0	0
2024-06-09 09:24:30	25.407307968	100.0244384	99.9999542	1	0	0	0	0
2024-06-09 09:24:40	25.407307968	100.0244384	99.9999542	1	0	0	0	0
2024-06-09 09:24:50	25.407307968	100.0244384	99.9999542	1	0	0	0	0
2024-06-09 09:25:00	25.407307968	100.0244384	99.9999542	1	0	0	0	0
2024-06-09 09:25:10	25.321468812	100.2171436	99.9999542	1	0	0	0	0
2024-06-09 09:25:20	25.321027772	100.18824316	99.9999542	1	0	0	0	0
2024-06-09 09:25:30	25.301673179999998	100.3257926	99.9999542	1	0	0	0	0
2024-06-09 09:25:40	25.291048973076922	100.45233621153847	99.9999542	1	0	0	0	0
2024-06-09 09:25:50	25.315459848	100.14311616	99.9999542	1	0	0	0	0
2024-06-09 09:26:00	25.273139924000002	100.25094144	99.9999542	1	0	0	0	0
2024-06-09 09:26:10	25.287419576	100.12089128	99.9999542	1	0	0	0	0
2024-06-09 09:26:20	25.252382068000003	100.30907368	99.9999542	1	0	0	0	0
2024-06-09 09:26:30	25.279271328	100.17660719999999	99.9999542	1	0	0	0	0
2024-06-09 09:26:40	25.308054009615386	99.94619601923077	99.9999542	1	0	0	0	0
2024-06-09 09:26:50	25.281254392	100.26170408	99.9999542	1	0	0	0	0
2024-06-09 09:27:00	25.247563024	100.1378168	99.9999542	1	0	0	0	0
2024-06-09 09:27:10	25.273271632	100.18211068	99.9999542	1	0	0	0	0
2024-06-09 09:27:20	25.281669696	99.8501728	99.9999542	1	0	0	0	0
2024-06-09 09:27:30	25.25712896	100.1770416	99.9999542	1	0	0	0	0
2024-06-09 09:27:40	25.24670148292683	100.19933709756097	99.9999542	1	0	0	0	0
2024-06-09 09:27:50	25.268594096	99.955563476	99.9999542	1	0	0	0	0
2024-06-09 09:28:00	25.212107348	100.1185336	99.9999542	1	0	0	0	0
2024-06-09 09:28:10	25.20438718	100.27019428	99.9999542	1	0	0	0	0
2024-06-09 09:28:20	25.243615288	100.106696	99.9999542	1	0	0	0	0
2024-06-09 09:28:30	25.207837932	100.27692664	99.9999542	1	0	0	0	0
2024-06-09 09:28:40	25.207837932	100.27692664	99.9999542	1	0	0	0	0
2024-06-09 09:28:50	25.207837932	100.27692664	99.9999542	1	0	0	0	0
2024-06-09 09:29:00	25.207837932	100.27692664	99.9999542	1	0	0	0	0
2024-06-09 09:29:10	25.207837932	100.27692664	99.9999542	1	0	0	0	0
2024-06-09 09:29:20	25.207837932	100.27692664	99.9999542	1	0	0	0	0
2024-06-09 09:29:30	25.207837932	100.27692664	99.9999542	1	0	0	0	0
2024-06-09 09:29:40	25.207837932	100.27692664	99.9999542	1	0	0	0	0
2024-06-09 09:29:50	25.207837932	100.27692664	99.9999542	1	0	0	0	0
2024-06-09 09:30:00	25.207837932	100.27692664	99.9999542	1	0	0	0	0
2024-06-09 09:30:10	25.179518116	100.05545072	99.9999542	1	0	0	0	0
2024-06-09 09:30:20	25.160147876	100.12931632	99.9999542	1	0	0	0	0
2024-06-09 09:30:30	25.141639384	100.2460128	99.9999542	1	0	0	0	0
2024-06-09 09:30:40	25.12164771153846	100.31369107692308	99.9999542	1	0	0	0	0
2024-06-09 09:30:50	25.1216372	100.1999122	99.9999542	1	0	0	0	0
2024-06-09 09:31:00	25.121141304000002	100.32846912	99.9999542	1	0	0	0	0
2024-06-09 09:31:10	25.091478332	100.05744248	99.9999542	1	0	0	0	0
2024-06-09 09:31:20	25.119474959999998	100.13887679999999	99.9999542	1	0	0	0	0
2024-06-09 09:31:30	25.049591424	100.53252956	99.9999542	1	0	0	0	0
2024-06-09 09:31:40	25.07138680851064	99.96514933829788	99.9999542	1	0	0	0	0
2024-06-09 09:31:50	25.066466808	100.3703508	99.9999542	1	0	0	0	0
2024-06-09 09:32:00	25.090936136	100.26690692	99.9999542	1	0	0	0	0
2024-06-09 09:32:10	25.084041816	99.98887904	99.9999542	1	0	0	0	0
2024-06-09 09:32:20	25.08462494	100.35900296	99.9999542	1	0	0	0	0
2024-06-09 09:32:30	25.085475768	100.066339496	99.9999542	1	0	0	0	0
2024-06-09 09:32:40	25.077940573584904	100.11839418867925	99.9999542	1	0	0	0	0
2024-06-09 09:32:50	25.048202988	99.98085400000001	99.9999542	1	0	0	0	0
2024-06-09 09:33:00	25.059417568	100.20933323999999	99.9999542	1	0	0	0	0
2024-06-09 09:33:10	25.031624692	100.12379224	99.9999542	1	0	0	0	0
2024-06-09 09:33:20	25.020146315999998	100.47474236	99.9999542	1	0	0	0	0
2024-06-09 09:33:30	25.020302032	100.23822644	99.9999542	1	0	0	0	0
2024-06-09 09:33:40	25.020302032	100.23822644	99.9999542	1	0	0	0	0
2024-06-09 09:33:50	25.020302032	100.23822644	99.9999542	1	0	0	0	0
2024-06-09 09:34:00	25.020302032	100.23822644	99.9999542	1	0	0	0	0
2024-06-09 09:34:10	25.020302032	100.23822644	99.9999542	1	0	0	0	0
2024-06-09 09:34:20	25.020302032	100.23822644	99.9999542	1	0	0	0	0
2024-06-09 09:34:30	25.020302032	100.23822644	99.9999542	1	0	0	0	0
2024-06-09 09:34:40	25.020302032	100.23822644	99.9999542	1	0	0	0	0
2024-06-09 09:34:50	25.020302032	100.23822644	99.9999542	1	0	0	0	0
2024-06-09 09:35:00	25.020302032	100.23822644	99.9999542	1	0	0	0	0
2024-06-09 09:35:10	24.918696336	100.37769267200001	99.9999542	1	0	0	0	0
2024-06-09 09:35:20	24.918229868	100.365284	99.9999542	1	0	0	0	0
2024-06-09 09:35:30	24.864721152	100.49841888	99.9999542	1	0	0	0	0
2024-06-09 09:35:40	24.866517256603775	100.59286432075471	99.9999542	1	0	0	0	0
2024-06-09 09:35:50	24.85914738	100.35849296	99.9999542	1	0	0	0	0
2024-06-09 09:36:00	24.861324176	100.272816	99.9999542	1	0	0	0	0
2024-06-09 09:36:10	24.867458148	100.08325128	99.9999542	1	0	0	0	0
2024-06-09 09:36:20	24.882965375999998	100.12209888	99.9999542	1	0	0	0	0
2024-06-09 09:36:30	24.83576842	100.31978768	99.9999542	1	0	0	0	0
2024-06-09 09:36:40	24.82100072777778	100.37899051851852	99.9999542	1	0	0	0	0
2024-06-09 09:36:50	24.795207768	100.44503368	99.9999542	1	0	0	0	0
2024-06-09 09:37:00	24.848821844	99.87702168	99.9999542	1	0	0	0	0
2024-06-09 09:37:10	24.84289644	100.08045064	99.9999542	1	0	0	0	0
2024-06-09 09:37:20	24.787587828	100.41420836	99.9999542	1	0	0	0	0
2024-06-09 09:37:30	24.783373252	100.34854676	99.9999542	1	0	0	0	0
2024-06-09 09:37:40	24.78150062962963	100.19475827777778	99.9999542	1	0	0	0	0
2024-06-09 09:37:50	24.783044044	100.19674927999999	99.9999542	1	0	0	0	0
2024-06-09 09:38:00	24.800790776	99.846164872	99.9999542	1	0	0	0	0
2024-06-09 09:38:10	24.733039832	100.3189204	99.9999542	1	0	0	0	0
2024-06-09 09:38:20	24.73460704	100.50030136	99.9999542	1	0	0	0	0
2024-06-09 09:38:30	24.765815351999997	100.1184608	99.9999542	1	0	0	0	0
2024-06-09 09:38:40	24.765815351999997	100.1184608	99.9999542	1	0	0	0	0
2024-06-09 09:38:50	24.765815351999997	100.1184608	99.9999542	1	0	0	0	0
2024-06-09 09:39:00	24.765815351999997	100.1184608	99.9999542	1	0	0	0	0
2024-06-09 09:39:10	24.765815351999997	100.1184608	99.9999542	1	0	0	0	0
2024-06-09 09:39:20	24.765815351999997	100.1184608	99.9999542	1	0	0	0	0
2024-06-09 09:39:30	24.765815351999997	100.1184608	99.9999542	1	0	0	0	0
2024-06-09 09:39:40	24.765815351999997	100.1184608	99.9999542	1	0	0	0	0
2024-06-09 09:39:50	24.765815351999997	100.1184608	99.9999542	1	0	0	0	0
2024-06-09 09:40:00	24.765815351999997	100.1184608	99.9999542	1	0	0	0	0
2024-06-09 09:40:10	24.695289736	100.10534072	99.9999542	1	0	0	0	0
2024-06-09 09:40:20	24.68122044	100.19593216	99.9999542	1	0	0	0	0
2024-06-09 09:40:30	24.645690904000002	100.39544744	99.9999542	1	0	0	0	0
2024-06-09 09:40:40	24.639056435849056	100.38359333962265	99.9999542	1	0	0	0	0
2024-06-09 09:40:50	24.662826448	100.0254184	99.9999542	1	0	0	0	0
2024-06-09 09:41:00	24.592524431999998	100.71197756	99.9999542	1	0	0	0	0
2024-06-09 09:41:10	24.611363912	100.1612314	99.9999542	1	0	0	0	0
2024-06-09 09:41:20	24.6051513	100.33345824	99.9999542	1	0	0	0	0
2024-06-09 09:41:30	24.591424856	100.30537244	99.9999542	1	0	0	0	0
2024-06-09 09:41:40	24.61289367735849	100.13027086792452	99.9999542	1	0	0	0	0
2024-06-09 09:41:50	24.610004	100.12428772	99.9999542	1	0	0	0	0
2024-06-09 09:42:00	24.543554512	100.61902624	99.9999542	1	0	0	0	0
2024-06-09 09:42:10	24.582836132	100.1442776	99.9999542	1	0	0	0	0
2024-06-09 09:42:20	24.592172427999998	100.18489751999999	99.9999542	1	0	0	0	0
2024-06-09 09:42:30	24.56469676	100.20805372	99.9999542	1	0	0	0	0
2024-06-09 09:42:40	24.513294881132076	100.44964120754717	99.9999542	1	0	0	0	0
2024-06-09 09:42:50	24.558930428	100.181538856	99.9999542	1	0	0	0	0
2024-06-09 09:43:00	24.5414199	100.41899248	99.9999542	1	0	0	0	0
2024-06-09 09:43:10	24.559177456	100.2167726	99.9999542	1	0	0	0	0
2024-06-09 09:43:20	24.488315351999997	100.34543328	99.9999542	1	0	0	0	0
2024-06-09 09:43:30	24.496767816000002	100.3185776	99.9999542	1	0	0	0	0
2024-06-09 09:43:40	24.496767816000002	100.3185776	99.9999542	1	0	0	0	0
2024-06-09 09:43:50	24.496767816000002	100.3185776	99.9999542	1	0	0	0	0
2024-06-09 09:44:00	24.496767816000002	100.3185776	99.9999542	1	0	0	0	0
2024-06-09 09:44:10	24.496767816000002	100.3185776	99.9999542	1	0	0	0	0
2024-06-09 09:44:20	24.496767816000002	100.3185776	99.9999542	1	0	0	0	0
2024-06-09 09:44:30	24.496767816000002	100.3185776	99.9999542	1	0	0	0	0
2024-06-09 09:44:40	24.496767816000002	100.3185776	99.9999542	1	0	0	0	0
2024-06-09 09:44:50	24.496767816000002	100.3185776	99.9999542	1	0	0	0	0
2024-06-09 09:45:00	24.496767816000002	100.3185776	99.9999542	1	0	0	0	0
2024-06-09 09:45:10	24.398289664	100.65343632	99.9999542	1	0	0	0	0
2024-06-09 09:45:20	24.451648284	100.22145492	99.9999542	1	0	0	0	0
2024-06-09 09:45:30	24.392950592	100.4260352	99.9999542	1	0	0	0	0
2024-06-09 09:45:40	24.452190752830187	100.01531510566038	99.9999542	1	0	0	0	0
2024-06-09 09:45:50	24.45122668	100.08025544	99.9999542	1	0	0	0	0
2024-06-09 09:46:00	24.41857738	100.26133796	99.9999542	1	0	0	0	0
2024-06-09 09:46:10	24.408923536	100.13492360000001	99.9999542	1	0	0	0	0
2024-06-09 09:46:20	24.390573568	100.13685772000001	99.9999542	1	0	0	0	0
2024-06-09 09:46:30	24.400650608	100.16442484	99.9999542	1	0	0	0	0
2024-06-09 09:46:40	24.38077698653846	100.28416682692307	99.40380977307693	1	0	0	0	0
2024-06-09 09:46:50	24.345155604	100.13450832	98.99997	1	0	0	0	0
2024-06-09 09:47:00	24.317086052	100.34952752	98.99997	1	0	0	0	0
2024-06-09 09:47:10	24.308353968	100.042905	98.99997	1	0	0	0	0
2024-06-09 09:47:20	24.291497204	100.01225888	98.99997	1	0	0	0	0
2024-06-09 09:47:30	24.244473504	100.03016408	98.99997	1	0	0	0	0
2024-06-09 09:47:40	24.197526415094337	100.13497986792453	98.99997	1	0	0	0	0
2024-06-09 09:47:50	24.11399576	100.53656572	98.99997	1	0	0	0	0
2024-06-09 09:48:00	24.13295728	100.07183768	98.99997	1	0	0	0	0
2024-06-09 09:48:10	24.052677836	100.24286479999999	98.99997	1	0	0	0	0
2024-06-09 09:48:20	24.0151572	100.39718112	98.99997	1	0	0	0	0
2024-06-09 09:48:30	23.999401776	100.19330064	98.99997	1	0	0	0	0
2024-06-09 09:48:40	23.999401776	100.19330064	98.99997	1	0	0	0	0
2024-06-09 09:48:50	23.999401776	100.19330064	98.99997	1	0	0	0	0
2024-06-09 09:49:00	23.999401776	100.19330064	98.99997	1	0	0	0	0
2024-06-09 09:49:10	23.999401776	100.19330064	98.99997	1	0	0	0	0
2024-06-09 09:49:20	23.999401776	100.19330064	98.99997	1	0	0	0	0
2024-06-09 09:49:30	23.999401776	100.19330064	98.99997	1	0	0	0	0
2024-06-09 09:49:40	23.999401776	100.19330064	98.99997	1	0	0	0	0
2024-06-09 09:49:50	23.999401776	100.19330064	98.99997	1	0	0	0	0
2024-06-09 09:50:00	23.999401776	100.19330064	98.99997	1	0	0	0	0
2024-06-09 09:50:10	23.647712816	100.25943656	98.99997	1	0	0	0	0
2024-06-09 09:50:20	23.634895032	99.9127748	98.99997	1	0	0	0	0
2024-06-09 09:50:30	23.588768220000002	100.04265384	98.99997	1	0	0	0	0
2024-06-09 09:50:40	23.531279315384616	100.14478820961538	98.99997	1	0	0	0	0
2024-06-09 09:50:50	23.555288376	99.870629256	98.99997	1	0	0	0	0
2024-06-09 09:51:00	23.516874412	99.8207484	98.99997	1	0	0	0	0
2024-06-09 09:51:10	23.541991988	99.6392428	98.99997	1	0	0	0	0
2024-06-09 09:51:20	23.555228832	99.396008272	98.99997	1	0	0	0	0
2024-06-09 09:51:30	23.4544732	99.91369392	98.99997	1	0	0	0	0
2024-06-09 09:51:40	23.45109576923077	99.87545561538462	98.99997	1	0	0	0	0
2024-06-09 09:51:50	23.461200028	99.5516588	98.99997	1	0	0	0	0
2024-06-09 09:52:00	23.467932288	99.47538879999999	98.99997	1	0	0	0	0
2024-06-09 09:52:10	23.448625192	99.4352456	98.99997	1	0	0	0	0
2024-06-09 09:52:20	23.444162452	99.531258	98.99997	1	0	0	0	0
2024-06-09 09:52:30	23.401155980000002	99.57865	98.99997	1	0	0	0	0
2024-06-09 09:52:40	23.43395673018868	99.32204	98.99997	1	0	0	0	0
2024-06-09 09:52:50	23.359861696	99.698394304	98.99997	1	0	0	0	0
2024-06-09 09:53:00	23.38197666	99.44918679999999	98.99997	1	0	0	0	0
2024-06-09 09:53:10	23.343513512	99.5868432	98.99997	1	0	0	0	0
2024-06-09 09:53:20	23.372176392	99.24258608	98.99997	1	0	0	0	0
2024-06-09 09:53:30	23.364074495999997	99.2958084	98.99997	1	0	0	0	0
2024-06-09 09:53:40	23.364074495999997	99.2958084	98.99997	1	0	0	0	0
2024-06-09 09:53:50	23.364074495999997	99.2958084	98.99997	1	0	0	0	0
2024-06-09 09:54:00	23.364074495999997	99.2958084	98.99997	1	0	0	0	0
2024-06-09 09:54:10	23.364074495999997	99.2958084	98.99997	1	0	0	0	0
2024-06-09 09:54:20	23.364074495999997	99.2958084	98.99997	1	0	0	0	0
2024-06-09 09:54:30	23.364074495999997	99.2958084	98.99997	1	0	0	0	0
2024-06-09 09:54:40	23.364074495999997	99.2958084	98.99997	1	0	0	0	0
2024-06-09 09:54:50	23.364074495999997	99.2958084	98.99997	1	0	0	0	0
2024-06-09 09:55:00	23.364074495999997	99.2958084	98.99997	1	0	0	0	0
