PROCESSDATA	2411FIC20102 Data	yyyy-MM-dd HH:mm:ss
8	10	2024-08-24 21:55:00	751
tagname	2411FIC20102.MV	2411FIC20102.PV	2411FIC20102.SV	2411FIC20102.MODE	bOpOFL	bPvOFL	bSpOFL	bAutOFL
desc	回炼油返塔_OP	回炼油返塔_PV	回炼油返塔_SP	Aut	bOpOFL	bPvOFL	bSpOFL	bAutOFL
fsMax=1.8892118322816884	fsMin=0	fsGridNum=10	fdMax=1.8892118322816884tfdMin=0	fdGridNum=10	v0GridNum=10	L=24
2024-08-24 21:55:00	24.515414752173914	103.02529565217391	102.499992	1	0	0	0	0
2024-08-24 21:55:10	24.547375153658535	102.83062395121951	102.499992	1	0	0	0	0
2024-08-24 21:55:20	24.49406431016949	103.104139	102.499992	1	0	0	0	0
2024-08-24 21:55:30	24.515431834782607	102.76422379710145	102.499992	1	0	0	0	0
2024-08-24 21:55:40	24.50179529180328	102.80025078688524	102.499992	1	0	0	0	0
2024-08-24 21:55:50	24.4453621	103.0940966	102.499992	1	0	0	0	0
2024-08-24 21:56:00	24.464003379999998	102.88966991428572	102.499992	1	0	0	0	0
2024-08-24 21:56:10	24.440101416250002	102.9833070625	102.499992	1	0	0	0	0
2024-08-24 21:56:20	24.48249311111111	102.64404758024692	102.499992	1	0	0	0	0
2024-08-24 21:56:30	24.405878535	102.9922750625	102.499992	1	0	0	0	0
2024-08-24 21:56:40	24.404274153846153	102.91333675	102.499992	1	0	0	0	0
2024-08-24 21:56:50	24.404687483050846	102.87935655932203	102.499992	1	0	0	0	0
2024-08-24 21:57:00	24.4936453525	102.6065999125	102.499992	1	0	0	0	0
2024-08-24 21:57:10	24.410790456338027	102.83646769014084	102.499992	1	0	0	0	0
2024-08-24 21:57:20	24.391578488333334	102.71173825	102.499992	1	0	0	0	0
2024-08-24 21:57:30	24.378286405063292	102.86004101265823	102.499992	1	0	0	0	0
2024-08-24 21:57:40	24.408455019512193	102.56045292682927	102.499992	1	0	0	0	0
2024-08-24 21:57:50	24.35095823	102.929545325	102.499992	1	0	0	0	0
2024-08-24 21:58:00	24.331788664	102.71533448	102.499992	1	0	0	0	0
2024-08-24 21:58:10	24.368066739506173	102.68050933333333	102.499992	1	0	0	0	0
2024-08-24 21:58:20	24.36035380857143	102.9384357	102.499992	1	0	0	0	0
2024-08-24 21:58:30	24.287350907692307	103.07160223076923	102.499992	1	0	0	0	0
2024-08-24 21:58:40	24.315740656000003	102.95302372	102.499992	1	0	0	0	0
2024-08-24 21:58:50	24.313096804918032	102.94557429508197	102.499992	1	0	0	0	0
2024-08-24 21:59:00	24.312832767605634	102.94912864788732	102.499992	1	0	0	0	0
2024-08-24 21:59:10	24.296828764285713	102.80123878571429	102.499992	1	0	0	0	0
2024-08-24 21:59:20	24.274378395061728	102.77499422222223	102.499992	1	0	0	0	0
2024-08-24 21:59:30	24.250935785714283	102.88975484285714	102.499992	1	0	0	0	0
2024-08-24 21:59:40	24.22930553898305	102.97316420338983	102.499992	1	0	0	0	0
2024-08-24 21:59:50	24.23497906065574	102.8708475409836	102.499992	1	0	0	0	0
2024-08-24 22:00:00	24.23019286	102.8101308	102.499992	1	0	0	0	0
2024-08-24 22:00:10	24.23115145942029	102.74159508695652	102.499992	1	0	0	0	0
2024-08-24 22:00:20	24.18375736666667	102.99187316666666	102.499992	1	0	0	0	0
2024-08-24 22:00:30	24.212729911392405	102.75292337974683	102.499992	1	0	0	0	0
2024-08-24 22:00:40	24.230355217241378	102.68778579310344	102.499992	1	0	0	0	0
2024-08-24 22:00:50	24.224445288732394	102.60832663380282	102.499992	1	0	0	0	0
2024-08-24 22:01:00	24.18279665862069	102.88700065517241	102.499992	1	0	0	0	0
2024-08-24 22:01:10	24.2450473025	102.37862282500001	102.499992	1	0	0	0	0
2024-08-24 22:01:20	24.185362393617023	102.75297240425532	102.499992	1	0	0	0	0
2024-08-24 22:01:30	24.194998578947366	102.5789107368421	102.499992	1	0	0	0	0
2024-08-24 22:01:40	24.121016656000002	102.92778440000001	102.499992	1	0	0	0	0
2024-08-24 22:01:50	24.15074595942029	102.72707050724638	102.499992	1	0	0	0	0
2024-08-24 22:02:00	24.14323628813559	102.58675174576271	102.499992	1	0	0	0	0
2024-08-24 22:02:10	24.188985991208792	102.48168098901098	102.499992	1	0	0	0	0
2024-08-24 22:02:20	24.17939518888889	102.50970808641975	102.499992	1	0	0	0	0
2024-08-24 22:02:30	24.163302795652175	102.51641804347825	102.499992	1	0	0	0	0
2024-08-24 22:02:40	24.137524027999998	102.72354688	102.499992	1	0	0	0	0
2024-08-24 22:02:50	24.123688333333334	102.63849366666666	102.499992	1	0	0	0	0
2024-08-24 22:03:00	24.055364188235295	103.29003394117647	102.499992	1	0	0	0	0
2024-08-24 22:03:10	24.10623275857143	102.6543883	102.499992	1	0	0	0	0
2024-08-24 22:03:20	24.059156903999998	103.04261240000001	102.499992	1	0	0	0	0
2024-08-24 22:03:30	24.109599375714286	102.4878389	102.499992	1	0	0	0	0
2024-08-24 22:03:40	24.040997143137254	102.91086050980392	102.499992	1	0	0	0	0
2024-08-24 22:03:50	24.049493013043477	102.75115168115943	102.499992	1	0	0	0	0
2024-08-24 22:04:00	24.008598305	102.7624668	102.499992	1	0	0	0	0
2024-08-24 22:04:10	24.031221066666667	102.76049066666667	102.499992	1	0	0	0	0
2024-08-24 22:04:20	24.09662495	102.307427925	102.499992	1	0	0	0	0
2024-08-24 22:04:30	24.062574043820224	102.49238811235955	102.499992	1	0	0	0	0
2024-08-24 22:04:40	24.032122296226415	102.66193267924528	102.499992	1	0	0	0	0
2024-08-24 22:04:50	24.022308866	102.73423011999999	102.499992	1	0	0	0	0
2024-08-24 22:05:00	24.035959700000003	102.594120625	102.499992	1	0	0	0	0
2024-08-24 22:05:10	24.016400526229507	102.70675534426229	102.499992	1	0	0	0	0
2024-08-24 22:05:20	24.040236863999997	102.48952302000001	102.499992	1	0	0	0	0
2024-08-24 22:05:30	24.02113358888889	102.63418087777778	102.499992	1	0	0	0	0
2024-08-24 22:05:40	23.984769325423727	102.83624074576271	102.499992	1	0	0	0	0
2024-08-24 22:05:50	24.04672626506024	102.38443777108434	102.499992	1	0	0	0	0
2024-08-24 22:06:00	23.996448680851064	102.68546893617021	102.499992	1	0	0	0	0
2024-08-24 22:06:10	23.967967963333333	102.82747683333334	102.499992	1	0	0	0	0
2024-08-24 22:06:20	24.02819952962963	102.44272014814814	102.499992	1	0	0	0	0
2024-08-24 22:06:30	23.998404373333333	102.62733625555556	102.499992	1	0	0	0	0
2024-08-24 22:06:40	23.97294657826087	102.71259310144927	102.499992	1	0	0	0	0
2024-08-24 22:06:50	24.01335850666667	102.45560066666667	102.499992	1	0	0	0	0
2024-08-24 22:07:00	24.013508834285716	102.56818377142856	102.499992	1	0	0	0	0
2024-08-24 22:07:10	24.042695413559322	102.27398586440677	102.499992	1	0	0	0	0
2024-08-24 22:07:20	24.0573486	102.205029	102.499992	1	0	0	0	0
2024-08-24 22:07:30	23.994568803703704	102.50425280246914	102.499992	1	0	0	0	0
2024-08-24 22:07:40	23.997296405882352	102.26580158823529	102.499992	1	0	0	0	0
2024-08-24 22:07:50	23.988242832857143	102.69863808571428	102.499992	1	0	0	0	0
2024-08-24 22:08:00	23.9584418	102.8462572295082	102.499992	1	0	0	0	0
2024-08-24 22:08:10	23.964471188235294	102.75079529411765	102.499992	1	0	0	0	0
2024-08-24 22:08:20	23.97067681290323	102.66740174193548	102.499992	1	0	0	0	0
2024-08-24 22:08:30	23.94928787647059	102.80171561764706	102.499992	1	0	0	0	0
2024-08-24 22:08:40	24.0222841525	102.50419918749999	102.499992	1	0	0	0	0
2024-08-24 22:08:50	24.01369695652174	102.49023634782608	102.499992	1	0	0	0	0
2024-08-24 22:09:00	24.019863570588235	102.45455347058824	102.499992	1	0	0	0	0
2024-08-24 22:09:10	24.00103207246377	102.55080875362319	102.499992	1	0	0	0	0
2024-08-24 22:09:20	23.997265763829787	102.61357070212766	102.499992	1	0	0	0	0
2024-08-24 22:09:30	23.965464191304346	102.69944842028985	102.499992	1	0	0	0	0
2024-08-24 22:09:40	23.953342758823528	102.65822891176471	102.499992	1	0	0	0	0
2024-08-24 22:09:50	23.99276772345679	102.48884975308641	102.499992	1	0	0	0	0
2024-08-24 22:10:00	24.01339076	102.19173035	102.499992	1	0	0	0	0
2024-08-24 22:10:10	24.039716791836735	102.27759232653061	102.499992	1	0	0	0	0
2024-08-24 22:10:20	24.007347644262296	102.49188144262295	102.499992	1	0	0	0	0
2024-08-24 22:10:30	23.89847661948052	103.14619090909092	102.499992	1	0	0	0	0
2024-08-24 22:10:40	23.972155618571428	102.4616833	102.499992	1	0	0	0	0
2024-08-24 22:10:50	23.97400541142857	102.7271295857143	102.499992	1	0	0	0	0
2024-08-24 22:11:00	23.996612825	102.49828025	102.499992	1	0	0	0	0
2024-08-24 22:11:10	24.020368853333334	102.2712988	102.499992	1	0	0	0	0
2024-08-24 22:11:20	24.011014097959183	102.43093581632652	102.499992	1	0	0	0	0
2024-08-24 22:11:30	24.02763101375	102.30694207500001	102.499992	1	0	0	0	0
2024-08-24 22:11:40	24.000267967142857	102.41838577142858	102.499992	1	0	0	0	0
2024-08-24 22:11:50	24.003697778481012	102.51969882278482	102.499992	1	0	0	0	0
2024-08-24 22:12:00	23.95096858	102.88637695999999	102.499992	1	0	0	0	0
2024-08-24 22:12:10	24.074092103333335	102.05633773333334	102.499992	1	0	0	0	0
2024-08-24 22:12:20	24.03501207142857	102.52549289795918	102.499992	1	0	0	0	0
2024-08-24 22:12:30	23.984317811267605	102.71328484507042	102.499992	1	0	0	0	0
2024-08-24 22:12:40	23.9863338	102.71900133333334	102.499992	1	0	0	0	0
2024-08-24 22:12:50	24.054972809876542	102.15087891358026	102.499992	1	0	0	0	0
2024-08-24 22:13:00	24.005429353846154	102.47541846153847	102.499992	1	0	0	0	0
2024-08-24 22:13:10	23.95309906229508	102.48487104918033	102.499992	1	0	0	0	0
2024-08-24 22:13:20	23.975788370212765	102.42272753191489	102.499992	1	0	0	0	0
2024-08-24 22:13:30	24.03729077	102.21733023333333	102.499992	1	0	0	0	0
2024-08-24 22:13:40	24.0200626	102.55339369565218	102.499992	1	0	0	0	0
2024-08-24 22:13:50	24.016820595604397	102.39804948351649	102.499992	1	0	0	0	0
2024-08-24 22:14:00	24.00821987125	102.43566875	102.499992	1	0	0	0	0
2024-08-24 22:14:10	23.95925718367347	102.72964593877552	102.499992	1	0	0	0	0
2024-08-24 22:14:20	23.943595368	102.78422176000001	102.499992	1	0	0	0	0
2024-08-24 22:14:30	23.99526868101266	102.5438806835443	102.499992	1	0	0	0	0
2024-08-24 22:14:40	23.941155925714284	102.79286485714286	102.499992	1	0	0	0	0
2024-08-24 22:14:50	23.97593958	102.43442853333333	102.499992	1	0	0	0	0
2024-08-24 22:15:00	23.96733057875	102.5902	102.499992	1	0	0	0	0
2024-08-24 22:15:10	23.95854522881356	102.45672001694916	102.499992	1	0	0	0	0
2024-08-24 22:15:20	24.087410858536586	101.758971	102.499992	1	0	0	0	0
2024-08-24 22:15:30	24.012604764150943	102.36563694339623	102.499992	1	0	0	0	0
2024-08-24 22:15:40	23.96913569113924	102.67821681012659	102.499992	1	0	0	0	0
2024-08-24 22:15:50	24.003390726760564	102.41950005633804	102.499992	1	0	0	0	0
2024-08-24 22:16:00	24.009940028985508	102.57049547826087	102.499992	1	0	0	0	0
2024-08-24 22:16:10	23.989231343209877	102.71348967901234	102.499992	1	0	0	0	0
2024-08-24 22:16:20	23.957373059322034	102.96202659322034	102.499992	1	0	0	0	0
2024-08-24 22:16:30	24.008431682352942	102.369223	102.499992	1	0	0	0	0
2024-08-24 22:16:40	23.986700720588235	102.51130967647059	102.499992	1	0	0	0	0
2024-08-24 22:16:50	23.968464224752477	102.609719	102.499992	1	0	0	0	0
2024-08-24 22:17:00	24.008618615	102.34397075000001	102.499992	1	0	0	0	0
2024-08-24 22:17:10	23.952778190196078	102.66157096078432	102.499992	1	0	0	0	0
2024-08-24 22:17:20	23.989591746938775	102.44901289795918	102.499992	1	0	0	0	0
2024-08-24 22:17:30	23.984300023333333	102.30467746666666	102.499992	1	0	0	0	0
2024-08-24 22:17:40	24.04031917118644	102.14380291525423	102.499992	1	0	0	0	0
2024-08-24 22:17:50	24.00886751549296	102.38513473239436	102.499992	1	0	0	0	0
2024-08-24 22:18:00	23.98963061625	102.513314	102.499992	1	0	0	0	0
2024-08-24 22:18:10	23.973778713483146	102.60132885393259	102.499992	1	0	0	0	0
2024-08-24 22:18:20	24.030886780000003	102.33520976	102.499992	1	0	0	0	0
2024-08-24 22:18:30	24.005222923529413	102.41325988235293	102.499992	1	0	0	0	0
2024-08-24 22:18:40	24.013522326229506	102.39374918032787	102.499992	1	0	0	0	0
2024-08-24 22:18:50	24.03779414177215	102.45341287341772	102.499992	1	0	0	0	0
2024-08-24 22:19:00	24.031498884285714	102.30497427142858	102.499992	1	0	0	0	0
2024-08-24 22:19:10	24.003519895	102.5087728625	102.499992	1	0	0	0	0
2024-08-24 22:19:20	24.013074200000002	102.41969	102.499992	1	0	0	0	0
2024-08-24 22:19:30	24.034984985074626	102.2826552238806	102.499992	1	0	0	0	0
2024-08-24 22:19:40	24.03558846904762	102.39582228571429	102.499992	1	0	0	0	0
2024-08-24 22:19:50	24.00244466619718	102.54126315492958	102.499992	1	0	0	0	0
2024-08-24 22:20:00	24.04899456625	102.3281226875	102.499992	1	0	0	0	0
2024-08-24 22:20:10	24.056178715714285	102.24330591428571	102.499992	1	0	0	0	0
2024-08-24 22:20:20	24.055241933333335	102.27963766666666	102.499992	1	0	0	0	0
2024-08-24 22:20:30	24.02788226125	102.4842388	102.499992	1	0	0	0	0
2024-08-24 22:20:40	24.04483998983051	102.62534945762712	102.499992	1	0	0	0	0
2024-08-24 22:20:50	24.058190344827587	102.35668220689655	102.499992	1	0	0	0	0
2024-08-24 22:21:00	24.001754666666667	102.69704651851852	102.499992	1	0	0	0	0
2024-08-24 22:21:10	24.05039618227848	102.36447153164556	102.499992	1	0	0	0	0
2024-08-24 22:21:20	24.05045334117647	102.39742052941176	102.499992	1	0	0	0	0
2024-08-24 22:21:30	23.993338743333332	102.759871	102.499992	1	0	0	0	0
2024-08-24 22:21:40	24.05056562040816	102.36198163265306	102.499992	1	0	0	0	0
2024-08-24 22:21:50	24.04303708	102.4145278	102.499992	1	0	0	0	0
2024-08-24 22:22:00	24.037230292307694	102.40873223076923	102.499992	1	0	0	0	0
2024-08-24 22:22:10	24.075055233333334	102.24148212222222	102.499992	1	0	0	0	0
2024-08-24 22:22:20	24.085689776666666	102.1951112	102.499992	1	0	0	0	0
2024-08-24 22:22:30	24.031027532499998	102.5487141	102.499992	1	0	0	0	0
2024-08-24 22:22:40	24.092554785714285	102.18111314285714	102.499992	1	0	0	0	0
2024-08-24 22:22:50	24.040087146666664	102.54834343333333	102.499992	1	0	0	0	0
2024-08-24 22:23:00	24.0809181943662	102.25794519718309	102.499992	1	0	0	0	0
2024-08-24 22:23:10	24.03706247	102.56374107142857	102.83570158571429	1	0	0	0	0
2024-08-24 22:23:20	24.103546208163266	102.4494746122449	102.999985	1	0	0	0	0
2024-08-24 22:23:30	24.10888741	102.451335825	102.999985	1	0	0	0	0
2024-08-24 22:23:40	24.16015202	102.22426055999999	102.999985	1	0	0	0	0
2024-08-24 22:23:50	24.177810536666666	102.25957573333334	102.999985	1	0	0	0	0
2024-08-24 22:24:00	24.18248092125	102.3657747625	102.999985	1	0	0	0	0
2024-08-24 22:24:10	24.143313384810124	102.6724567721519	102.999985	1	0	0	0	0
2024-08-24 22:24:20	24.18680609859155	102.48272333802817	102.999985	1	0	0	0	0
2024-08-24 22:24:30	24.1771055	102.65977463380281	102.999985	1	0	0	0	0
2024-08-24 22:24:40	24.22346734237288	102.44376837288137	102.999985	1	0	0	0	0
2024-08-24 22:24:50	24.21000012727273	102.55944145454545	102.999985	1	0	0	0	0
2024-08-24 22:25:00	24.248046911764707	102.24475326470588	102.999985	1	0	0	0	0
2024-08-24 22:25:10	24.271222279661018	102.31989223728814	102.999985	1	0	0	0	0
2024-08-24 22:25:20	24.30290027	102.33475344	102.999985	1	0	0	0	0
2024-08-24 22:25:30	24.28528136	102.35665565	102.999985	1	0	0	0	0
2024-08-24 22:25:40	24.308589956666665	102.54775096666667	102.999985	1	0	0	0	0
2024-08-24 22:25:50	24.36389770379747	102.29657321518988	102.999985	1	0	0	0	0
2024-08-24 22:26:00	24.408982252459015	102.16314013114754	102.999985	1	0	0	0	0
2024-08-24 22:26:10	24.341480384285713	102.70901385714285	102.999985	1	0	0	0	0
2024-08-24 22:26:20	24.401185265822786	102.4333239113924	102.999985	1	0	0	0	0
2024-08-24 22:26:30	24.39958781234568	102.37351956790124	102.999985	1	0	0	0	0
2024-08-24 22:26:40	24.406887857142856	102.57020071428572	102.999985	1	0	0	0	0
2024-08-24 22:26:50	24.477488151282053	102.30314093589743	102.999985	1	0	0	0	0
2024-08-24 22:27:00	24.434637685714286	102.64205691836735	102.999985	1	0	0	0	0
2024-08-24 22:27:10	24.466172133333334	102.55243025925927	102.999985	1	0	0	0	0
2024-08-24 22:27:20	24.514122394	102.3453501	102.999985	1	0	0	0	0
2024-08-24 22:27:30	24.542379472500002	102.27001985000001	102.999985	1	0	0	0	0
2024-08-24 22:27:40	24.57887671525424	102.16433301694916	102.999985	1	0	0	0	0
2024-08-24 22:27:50	24.526409519999998	102.67940660000001	102.999985	1	0	0	0	0
2024-08-24 22:28:00	24.58208329	102.4379208	102.999985	1	0	0	0	0
2024-08-24 22:28:10	24.593034952222222	102.47137373333332	102.999985	1	0	0	0	0
2024-08-24 22:28:20	24.647352762318842	102.22900105797102	102.999985	1	0	0	0	0
2024-08-24 22:28:30	24.64307862	102.3992291125	102.999985	1	0	0	0	0
2024-08-24 22:28:40	24.59725911372549	102.77111907843137	102.999985	1	0	0	0	0
2024-08-24 22:28:50	24.67878033	102.4716873	102.999985	1	0	0	0	0
2024-08-24 22:29:00	24.72515471020408	102.19565363265306	102.999985	1	0	0	0	0
2024-08-24 22:29:10	24.700315688607596	102.47837943037975	102.999985	1	0	0	0	0
2024-08-24 22:29:20	24.68245023877551	102.85552348979591	102.999985	1	0	0	0	0
2024-08-24 22:29:30	24.697288873333335	102.6868794	102.999985	1	0	0	0	0
2024-08-24 22:29:40	24.76075534117647	102.20454435294117	102.999985	1	0	0	0	0
2024-08-24 22:29:50	24.784989749999998	102.34784859999999	102.999985	1	0	0	0	0
2024-08-24 22:30:00	24.816352642000002	102.31320458	102.999985	1	0	0	0	0
2024-08-24 22:30:10	24.820651088888887	102.48480458888889	102.999985	1	0	0	0	0
2024-08-24 22:30:20	24.784836945714286	102.7903775	102.999985	1	0	0	0	0
2024-08-24 22:30:30	24.832478587640452	102.6704002247191	102.999985	1	0	0	0	0
2024-08-24 22:30:40	24.858707664	102.52914668	102.999985	1	0	0	0	0
2024-08-24 22:30:50	24.864656466666666	102.40578233333333	102.999985	1	0	0	0	0
2024-08-24 22:31:00	24.856761728	102.54674812	102.999985	1	0	0	0	0
2024-08-24 22:31:10	24.89820014477612	102.42537049253731	102.999985	1	0	0	0	0
2024-08-24 22:31:20	24.894132395	102.48995653333334	102.999985	1	0	0	0	0
2024-08-24 22:31:30	24.94769827375	102.31416085000001	102.999985	1	0	0	0	0
2024-08-24 22:31:40	25.000458984	102.13018192	102.999985	1	0	0	0	0
2024-08-24 22:31:50	24.99197313	102.350566	102.999985	1	0	0	0	0
2024-08-24 22:32:00	25.001159988	102.47475296	102.999985	1	0	0	0	0
2024-08-24 22:32:10	25.070710222222225	102.14773536666667	102.999985	1	0	0	0	0
2024-08-24 22:32:20	25.116749503703705	101.98700171604938	102.999985	1	0	0	0	0
2024-08-24 22:32:30	25.01650895652174	102.76785204347826	102.999985	1	0	0	0	0
2024-08-24 22:32:40	25.102872696	102.24978795999999	102.999985	1	0	0	0	0
2024-08-24 22:32:50	25.068013704347823	102.63375242028985	102.999985	1	0	0	0	0
2024-08-24 22:33:00	25.06925344	102.7281846	102.999985	1	0	0	0	0
2024-08-24 22:33:10	25.153364596666666	102.27131646666668	102.999985	1	0	0	0	0
2024-08-24 22:33:20	25.114693252941176	102.57942047058823	102.999985	1	0	0	0	0
2024-08-24 22:33:30	25.14001608695652	102.50665510144928	102.999985	1	0	0	0	0
2024-08-24 22:33:40	25.18005548235294	102.38763982352941	102.999985	1	0	0	0	0
2024-08-24 22:33:50	25.14584086	102.65164259999999	102.999985	1	0	0	0	0
2024-08-24 22:34:00	25.176289397999998	102.5468934	102.999985	1	0	0	0	0
2024-08-24 22:34:10	25.230548353333333	102.42904853333333	102.999985	1	0	0	0	0
2024-08-24 22:34:20	25.200987405	102.68016935	102.999985	1	0	0	0	0
2024-08-24 22:34:30	25.277825939325844	102.33153307865169	102.999985	1	0	0	0	0
2024-08-24 22:34:40	25.28959337746479	102.3292198309859	102.999985	1	0	0	0	0
2024-08-24 22:34:50	25.299627023188407	102.3363657826087	102.999985	1	0	0	0	0
2024-08-24 22:35:00	25.311344363934428	102.42472962295082	102.999985	1	0	0	0	0
2024-08-24 22:35:10	25.32675056122449	102.48344753061224	102.999985	1	0	0	0	0
2024-08-24 22:35:20	25.345067808163265	102.32833197959184	102.999985	1	0	0	0	0
2024-08-24 22:35:30	25.39330110379747	102.28941015189874	102.999985	1	0	0	0	0
2024-08-24 22:35:40	25.40223760857143	102.38486994285714	102.999985	1	0	0	0	0
2024-08-24 22:35:50	25.374371033333336	102.55680466666666	102.999985	1	0	0	0	0
2024-08-24 22:36:00	25.415385134693878	102.38390022448979	102.999985	1	0	0	0	0
2024-08-24 22:36:10	25.463052149180328	102.20286198360655	102.999985	1	0	0	0	0
2024-08-24 22:36:20	25.46740208285714	102.36090652857142	102.999985	1	0	0	0	0
2024-08-24 22:36:30	25.4505871825	102.6079083875	102.999985	1	0	0	0	0
2024-08-24 22:36:40	25.437179014285714	102.71252485714285	102.999985	1	0	0	0	0
2024-08-24 22:36:50	25.500809691304347	102.44619975362319	102.999985	1	0	0	0	0
2024-08-24 22:37:00	25.51240260819672	102.45713191803279	102.999985	1	0	0	0	0
2024-08-24 22:37:10	25.551180264	102.54054855999999	102.999985	1	0	0	0	0
2024-08-24 22:37:20	25.5758595	102.256941	102.999985	1	0	0	0	0
2024-08-24 22:37:30	25.57482138111111	102.42524666666667	102.999985	1	0	0	0	0
2024-08-24 22:37:40	25.576155	102.47176153333332	102.999985	1	0	0	0	0
2024-08-24 22:37:50	25.61395537173913	102.37687495652175	102.999985	1	0	0	0	0
2024-08-24 22:38:00	25.637896204166665	102.49517166666666	102.999985	1	0	0	0	0
2024-08-24 22:38:10	25.625237204918033	102.46876303278688	102.999985	1	0	0	0	0
2024-08-24 22:38:20	25.69396971176471	102.19182423529412	102.999985	1	0	0	0	0
2024-08-24 22:38:30	25.647240441758242	102.6330842087912	102.999985	1	0	0	0	0
2024-08-24 22:38:40	25.67263145409836	102.55551809836065	102.999985	1	0	0	0	0
2024-08-24 22:38:50	25.7040972	102.43025879999999	102.999985	1	0	0	0	0
2024-08-24 22:39:00	25.69729358367347	102.62627602040817	102.999985	1	0	0	0	0
2024-08-24 22:39:10	25.687939318032786	102.66229055737705	102.999985	1	0	0	0	0
2024-08-24 22:39:20	25.760094066	102.4244517	102.999985	1	0	0	0	0
2024-08-24 22:39:30	25.772548374683545	102.48765270886075	102.999985	1	0	0	0	0
2024-08-24 22:39:40	25.764471811267605	102.71183304225352	102.999985	1	0	0	0	0
2024-08-24 22:39:50	25.776334137142857	102.52576274285714	102.999985	1	0	0	0	0
2024-08-24 22:40:00	25.739797382	102.74260840000001	102.999985	1	0	0	0	0
2024-08-24 22:40:10	25.78751378028169	102.1576382253521	102.999985	1	0	0	0	0
2024-08-24 22:40:20	25.820659681666665	102.49081266666666	102.999985	1	0	0	0	0
2024-08-24 22:40:30	25.80762312857143	102.67950357142857	102.999985	1	0	0	0	0
2024-08-24 22:40:40	25.853196595	102.56537555	102.999985	1	0	0	0	0
2024-08-24 22:40:50	25.843182830379746	102.54679181012658	102.999985	1	0	0	0	0
2024-08-24 22:41:00	25.850998371428574	102.6666182	102.999985	1	0	0	0	0
2024-08-24 22:41:10	25.89527100204082	102.55242326530613	102.999985	1	0	0	0	0
2024-08-24 22:41:20	25.855652807317075	102.64611097560976	102.999985	1	0	0	0	0
2024-08-24 22:41:30	25.92838097	102.38375979999999	102.999985	1	0	0	0	0
2024-08-24 22:41:40	25.919415400000002	102.47067892753623	102.999985	1	0	0	0	0
2024-08-24 22:41:50	25.97152253846154	102.36663892307692	102.999985	1	0	0	0	0
2024-08-24 22:42:00	25.967393785	102.46760183333333	102.999985	1	0	0	0	0
2024-08-24 22:42:10	25.93589346101695	102.80368269491525	102.999985	1	0	0	0	0
2024-08-24 22:42:20	25.96311979807692	102.62408067307692	102.999985	1	0	0	0	0
2024-08-24 22:42:30	25.931676323943663	102.89083012676056	102.999985	1	0	0	0	0
2024-08-24 22:42:40	25.96284925762712	102.72989147457626	102.999985	1	0	0	0	0
2024-08-24 22:42:50	25.977200266666667	102.69742122222222	102.999985	1	0	0	0	0
2024-08-24 22:43:00	25.958590233333332	102.88165883333333	102.999985	1	0	0	0	0
2024-08-24 22:43:10	25.929549696629213	103.10807811235955	102.999985	1	0	0	0	0
2024-08-24 22:43:20	26.014237142857144	102.61502540476191	102.999985	1	0	0	0	0
2024-08-24 22:43:30	26.014212142857144	102.8000358142857	102.999985	1	0	0	0	0
2024-08-24 22:43:40	26.02159846101695	102.70363564406779	102.999985	1	0	0	0	0
2024-08-24 22:43:50	25.9927893	102.98264093750001	102.999985	1	0	0	0	0
2024-08-24 22:44:00	26.074912285	102.54442355	102.999985	1	0	0	0	0
2024-08-24 22:44:10	26.04633734177215	102.70990616455695	102.999985	1	0	0	0	0
2024-08-24 22:44:20	26.057496148	102.74703018	102.999985	1	0	0	0	0
2024-08-24 22:44:30	26.04850722	102.7913474	102.999985	1	0	0	0	0
2024-08-24 22:44:40	25.965235617647057	102.98498235294119	102.999985	1	0	0	0	0
2024-08-24 22:44:50	26.06150074285714	102.7765136043956	102.999985	1	0	0	0	0
2024-08-24 22:45:00	26.031202372857145	102.5233534	102.999985	1	0	0	0	0
2024-08-24 22:45:10	26.05440806551724	102.85024996551724	102.999985	1	0	0	0	0
2024-08-24 22:45:20	26.076525542857144	102.759567	102.999985	1	0	0	0	0
2024-08-24 22:45:30	26.089653037142856	102.94318919999999	102.999985	1	0	0	0	0
2024-08-24 22:45:40	26.07374487	102.73024752	102.999985	1	0	0	0	0
2024-08-24 22:45:50	26.075857405714284	102.87841365714286	102.999985	1	0	0	0	0
2024-08-24 22:46:00	26.117637896296294	102.64719037037037	102.999985	1	0	0	0	0
2024-08-24 22:46:10	26.070793815189873	102.8773769113924	102.999985	1	0	0	0	0
2024-08-24 22:46:20	26.094345740983606	102.78092104918032	102.999985	1	0	0	0	0
2024-08-24 22:46:30	26.11040042	102.7981576	102.999985	1	0	0	0	0
2024-08-24 22:46:40	26.1176919220339	102.88766611864408	102.999985	1	0	0	0	0
2024-08-24 22:46:50	26.143669463235295	102.63251592647059	102.999985	1	0	0	0	0
2024-08-24 22:47:00	26.085659072463766	103.02517595652174	102.999985	1	0	0	0	0
2024-08-24 22:47:10	26.113750433802817	102.83506212676056	102.999985	1	0	0	0	0
2024-08-24 22:47:20	26.09351937704918	103.01914037704918	102.999985	1	0	0	0	0
2024-08-24 22:47:30	26.12321912307692	102.7052543076923	102.999985	1	0	0	0	0
2024-08-24 22:47:40	26.065729921311476	102.93524096721312	102.999985	1	0	0	0	0
2024-08-24 22:47:50	26.097887936842106	102.99427480701755	102.999985	1	0	0	0	0
2024-08-24 22:48:00	26.116673285714285	102.8739085	102.999985	1	0	0	0	0
2024-08-24 22:48:10	26.09486639	103.0131837375	102.999985	1	0	0	0	0
2024-08-24 22:48:20	26.04857122647059	103.41499561764707	102.999985	1	0	0	0	0
2024-08-24 22:48:30	26.09587921	103.0505144	102.999985	1	0	0	0	0
2024-08-24 22:48:40	26.070738346	103.10084992	102.999985	1	0	0	0	0
2024-08-24 22:48:50	26.116097485915493	102.83686239436621	102.999985	1	0	0	0	0
2024-08-24 22:49:00	26.12731982542373	102.72465310169491	102.999985	1	0	0	0	0
2024-08-24 22:49:10	26.142006946666665	102.67450506666667	102.999985	1	0	0	0	0
2024-08-24 22:49:20	26.097645902040817	102.81941236734694	102.999985	1	0	0	0	0
2024-08-24 22:49:30	26.1040417	102.93696143283583	102.999985	1	0	0	0	0
2024-08-24 22:49:40	26.092578469491524	102.78515859322033	102.999985	1	0	0	0	0
2024-08-24 22:49:50	26.10364200327869	103.07342944262295	102.999985	1	0	0	0	0
2024-08-24 22:50:00	26.140200925	102.73978245	102.999985	1	0	0	0	0
2024-08-24 22:50:10	26.14060774	102.76405545714286	102.999985	1	0	0	0	0
2024-08-24 22:50:20	26.107800940983605	102.99820775409836	102.999985	1	0	0	0	0
2024-08-24 22:50:30	26.0915308	102.96130090909091	102.999985	1	0	0	0	0
2024-08-24 22:50:40	26.126441455172415	102.87383051724139	102.999985	1	0	0	0	0
2024-08-24 22:50:50	26.094935495774646	103.08386097183099	103.04927998591549	1	0	0	0	0
2024-08-24 22:51:00	26.095117737931034	103.12209306896551	103.81031686206896	1	0	0	0	0
2024-08-24 22:51:10	26.121594022500002	103.11113160000001	103.999969	1	0	0	0	0
2024-08-24 22:51:20	26.17191788627451	102.97185015686274	105.56465103921568	1	0	0	0	0
2024-08-24 22:51:30	26.295965464705883	102.98176538235293	106.999924	1	0	0	0	0
2024-08-24 22:51:40	26.299125874509805	103.6747578235294	106.999924	1	0	0	0	0
2024-08-24 22:51:50	26.346397913580248	104.01735279012345	106.999924	1	0	0	0	0
2024-08-24 22:52:00	26.435415071014493	103.99316731884058	106.999924	1	0	0	0	0
2024-08-24 22:52:10	26.39730737111111	104.75488288888889	106.999924	1	0	0	0	0
2024-08-24 22:52:20	26.278546029411764	105.89282611764706	106.999924	1	0	0	0	0
2024-08-24 22:52:30	26.360533166666666	105.64421077777777	106.999924	1	0	0	0	0
2024-08-24 22:52:40	26.412481535999998	105.55808726	106.999924	1	0	0	0	0
2024-08-24 22:52:50	26.450611517142857	105.59907611428571	106.999924	1	0	0	0	0
2024-08-24 22:53:00	26.534415156	105.32119431999999	106.999924	1	0	0	0	0
2024-08-24 22:53:10	26.498557707594937	105.84322137974684	106.999924	1	0	0	0	0
2024-08-24 22:53:20	26.549969522	105.73302249999999	106.999924	1	0	0	0	0
2024-08-24 22:53:30	26.49870705	106.24544154444445	106.999924	1	0	0	0	0
2024-08-24 22:53:40	26.437230136	106.72283420000001	106.999924	1	0	0	0	0
2024-08-24 22:53:50	26.50358199	106.39131429999999	106.999924	1	0	0	0	0
2024-08-24 22:54:00	26.475276131999998	106.72963924	106.999924	1	0	0	0	0
2024-08-24 22:54:10	26.531174418181816	106.37901222727272	106.999924	1	0	0	0	0
2024-08-24 22:54:20	26.498004613114755	106.64763970491803	106.999924	1	0	0	0	0
2024-08-24 22:54:30	26.471961470588234	106.9112646764706	106.999924	1	0	0	0	0
2024-08-24 22:54:40	26.505451226666665	106.73554746666667	106.999924	1	0	0	0	0
2024-08-24 22:54:50	26.554990201149426	106.65387574712645	106.999924	1	0	0	0	0
2024-08-24 22:55:00	26.526316950000002	106.73329503846153	106.999924	1	0	0	0	0
2024-08-24 22:55:10	26.577087673529412	106.44594967647058	106.999924	1	0	0	0	0
2024-08-24 22:55:20	26.486125685	106.89421536666666	106.999924	1	0	0	0	0
2024-08-24 22:55:30	26.55658639125	106.5915712875	106.999924	1	0	0	0	0
2024-08-24 22:55:40	26.530482159183673	106.78824881632653	106.999924	1	0	0	0	0
2024-08-24 22:55:50	26.566271189655172	106.58219844827586	106.999924	1	0	0	0	0
2024-08-24 22:56:00	26.576160820408163	106.87988791836734	106.999924	1	0	0	0	0
2024-08-24 22:56:10	26.54592070777778	106.92943106666667	106.999924	1	0	0	0	0
2024-08-24 22:56:20	26.608745152112675	106.7061084084507	106.999924	1	0	0	0	0
2024-08-24 22:56:30	26.58428694871795	106.70556771794872	106.999924	1	0	0	0	0
2024-08-24 22:56:40	26.53336053	106.9291895	106.999924	1	0	0	0	0
2024-08-24 22:56:50	26.547324722033895	106.91145989830508	106.999924	1	0	0	0	0
2024-08-24 22:57:00	26.54671075882353	106.93427347058824	106.999924	1	0	0	0	0
2024-08-24 22:57:10	26.53448076811594	107.21445668115942	106.999924	1	0	0	0	0
2024-08-24 22:57:20	26.50280470588235	107.4090994117647	106.999924	1	0	0	0	0
2024-08-24 22:57:30	26.54313021	106.989924675	106.999924	1	0	0	0	0
2024-08-24 22:57:40	26.532423464285714	107.02050094285714	106.999924	1	0	0	0	0
2024-08-24 22:57:50	26.561025289830507	107.01246920338984	106.999924	1	0	0	0	0
2024-08-24 22:58:00	26.534530788135594	107.02322766101695	106.999924	1	0	0	0	0
2024-08-24 22:58:10	26.51985500886076	107.13734916455697	106.999924	1	0	0	0	0
2024-08-24 22:58:20	26.510279888732395	107.08563594366197	106.999924	1	0	0	0	0
2024-08-24 22:58:30	26.537953244943818	107.1198494269663	106.999924	1	0	0	0	0
2024-08-24 22:58:40	26.49622568095238	107.28204252380952	106.999924	1	0	0	0	0
2024-08-24 22:58:50	26.50214552542373	107.10774627118644	106.999924	1	0	0	0	0
2024-08-24 22:59:00	26.450657315	107.48002458333333	106.999924	1	0	0	0	0
2024-08-24 22:59:10	26.50975823898305	107.15751127118644	106.999924	1	0	0	0	0
2024-08-24 22:59:20	26.48940519	106.87678043999999	106.999924	1	0	0	0	0
2024-08-24 22:59:30	26.479733857142858	107.20302867142857	106.999924	1	0	0	0	0
2024-08-24 22:59:40	26.461354982608697	107.26014791304347	106.999924	1	0	0	0	0
2024-08-24 22:59:50	26.477165349275364	107.1302539710145	106.999924	1	0	0	0	0
2024-08-24 23:00:00	26.39527318474576	107.5838192881356	106.999924	1	0	0	0	0
2024-08-24 23:00:10	26.418059023529413	107.39687182352941	106.999924	1	0	0	0	0
2024-08-24 23:00:20	26.472502178333333	107.01954805	106.999924	1	0	0	0	0
2024-08-24 23:00:30	26.46048452125	107.0611986375	106.999924	1	0	0	0	0
2024-08-24 23:00:40	26.443282656962023	107.10904344303798	106.999924	1	0	0	0	0
2024-08-24 23:00:50	26.445401045	107.10012210000001	106.999924	1	0	0	0	0
2024-08-24 23:01:00	26.417909775510203	107.26462128571428	106.999924	1	0	0	0	0
2024-08-24 23:01:10	26.416843043137256	107.2728934117647	106.999924	1	0	0	0	0
2024-08-24 23:01:20	26.385698985106384	107.34412844680851	106.999924	1	0	0	0	0
2024-08-24 23:01:30	26.41617755888889	107.11611028888889	106.999924	1	0	0	0	0
2024-08-24 23:01:40	26.41965606455696	107.06160679746836	106.999924	1	0	0	0	0
2024-08-24 23:01:50	26.395705333333336	107.20092688888889	106.999924	1	0	0	0	0
2024-08-24 23:02:00	26.372523153061223	107.31507648979591	106.999924	1	0	0	0	0
2024-08-24 23:02:10	26.330054827868853	107.42666004918033	106.999924	1	0	0	0	0
2024-08-24 23:02:20	26.345734271014493	107.31889202898552	106.999924	1	0	0	0	0
2024-08-24 23:02:30	26.35302058148148	107.3160662962963	106.999924	1	0	0	0	0
2024-08-24 23:02:40	26.36637273846154	107.11951692307692	106.999924	1	0	0	0	0
2024-08-24 23:02:50	26.328559894871795	107.31253099999999	106.999924	1	0	0	0	0
2024-08-24 23:03:00	26.374088132653064	106.98975587755102	106.999924	1	0	0	0	0
2024-08-24 23:03:10	26.320611515	107.11005499999999	106.999924	1	0	0	0	0
2024-08-24 23:03:20	26.297123913043478	107.40176008695653	106.999924	1	0	0	0	0
2024-08-24 23:03:30	26.349042547540982	107.03646668852458	106.999924	1	0	0	0	0
2024-08-24 23:03:40	26.343983984810126	107.00144201265823	106.999924	1	0	0	0	0
2024-08-24 23:03:50	26.3159558028169	107.22385649295775	106.999924	1	0	0	0	0
2024-08-24 23:04:00	26.305015569387756	107.19179712244897	106.999924	1	0	0	0	0
2024-08-24 23:04:10	26.34848277777778	106.89523811111111	106.999924	1	0	0	0	0
2024-08-24 23:04:20	26.289503511904762	107.26044111904761	106.999924	1	0	0	0	0
2024-08-24 23:04:30	26.31196636056338	107.37641791549296	106.999924	1	0	0	0	0
2024-08-24 23:04:40	26.233908380487804	107.61555137804878	106.999924	1	0	0	0	0
2024-08-24 23:04:50	26.30304542375	107.26618880000001	106.999924	1	0	0	0	0
2024-08-24 23:05:00	26.289934532857142	107.34042081428572	106.999924	1	0	0	0	0
2024-08-24 23:05:10	26.28244833902439	107.10381953658536	106.999924	1	0	0	0	0
2024-08-24 23:05:20	26.215647764	107.45765562	106.999924	1	0	0	0	0
2024-08-24 23:05:30	26.235400536666667	107.26313663333333	106.999924	1	0	0	0	0
2024-08-24 23:05:40	26.255841860869566	106.9226615652174	106.999924	1	0	0	0	0
2024-08-24 23:05:50	26.22898872	107.29986471428572	106.999924	1	0	0	0	0
2024-08-24 23:06:00	26.165302823529412	107.5579418235294	106.999924	1	0	0	0	0
2024-08-24 23:06:10	26.204862575	107.36700474999999	106.999924	1	0	0	0	0
2024-08-24 23:06:20	26.259678583333333	107.08461095833333	106.999924	1	0	0	0	0
2024-08-24 23:06:30	26.20566764507042	107.21506861971831	106.999924	1	0	0	0	0
2024-08-24 23:06:40	26.194864381967214	107.228576	106.999924	1	0	0	0	0
2024-08-24 23:06:50	26.204086565822784	107.17533725316456	106.999924	1	0	0	0	0
2024-08-24 23:07:00	26.21418284	107.0473294	106.999924	1	0	0	0	0
2024-08-24 23:07:10	26.150306908571427	107.4270872	106.999924	1	0	0	0	0
2024-08-24 23:07:20	26.202910799999998	106.98862738	106.999924	1	0	0	0	0
2024-08-24 23:07:30	26.158409925	107.41694395	106.999924	1	0	0	0	0
2024-08-24 23:07:40	26.159534410169492	107.22331230508475	106.999924	1	0	0	0	0
2024-08-24 23:07:50	26.156749733333335	107.182416	106.999924	1	0	0	0	0
2024-08-24 23:08:00	26.166314384285712	107.3702365	106.999924	1	0	0	0	0
2024-08-24 23:08:10	26.12846534347826	107.27088876811594	106.999924	1	0	0	0	0
2024-08-24 23:08:20	26.18519971020408	107.11225248979592	106.999924	1	0	0	0	0
2024-08-24 23:08:30	26.0735250375	107.5641093	106.999924	1	0	0	0	0
2024-08-24 23:08:40	26.16195974	106.98225932	106.999924	1	0	0	0	0
2024-08-24 23:08:50	26.10932163076923	107.14579892307692	106.999924	1	0	0	0	0
2024-08-24 23:09:00	26.11140105185185	107.19674022222223	106.999924	1	0	0	0	0
2024-08-24 23:09:10	26.111637402898552	107.1751764057971	106.999924	1	0	0	0	0
2024-08-24 23:09:20	26.096818	107.23103136	106.999924	1	0	0	0	0
2024-08-24 23:09:30	26.08615184177215	107.25981867088608	106.999924	1	0	0	0	0
2024-08-24 23:09:40	26.077550068	107.327607	106.999924	1	0	0	0	0
2024-08-24 23:09:50	26.1062622	107.0724182	106.999924	1	0	0	0	0
2024-08-24 23:10:00	26.059564697142857	107.29698262857143	106.999924	1	0	0	0	0
2024-08-24 23:10:10	26.089766070886075	107.05042803797468	106.999924	1	0	0	0	0
2024-08-24 23:10:20	26.07128488	107.1675274	106.999924	1	0	0	0	0
2024-08-24 23:10:30	26.06223937125	107.1506901	106.999924	1	0	0	0	0
2024-08-24 23:10:40	26.027238756	107.3574423	106.999924	1	0	0	0	0
2024-08-24 23:10:50	26.04769791898734	107.333322278481	106.999924	1	0	0	0	0
2024-08-24 23:11:00	25.97491664	107.51844200000001	106.999924	1	0	0	0	0
2024-08-24 23:11:10	25.995234475	107.32348625	106.999924	1	0	0	0	0
2024-08-24 23:11:20	25.9854895	107.32343089999999	106.999924	1	0	0	0	0
2024-08-24 23:11:30	25.993962125	107.220665	106.999924	1	0	0	0	0
2024-08-24 23:11:40	26.020827255172414	107.01385524137932	106.999924	1	0	0	0	0
2024-08-24 23:11:50	26.01437701	107.0507259	106.999924	1	0	0	0	0
2024-08-24 23:12:00	25.988440515492957	107.02374207042254	106.999924	1	0	0	0	0
2024-08-24 23:12:10	26.014662151898733	106.90653343037975	106.999924	1	0	0	0	0
2024-08-24 23:12:20	25.999583571428573	107.03031354285714	106.999924	1	0	0	0	0
2024-08-24 23:12:30	25.90352626142857	107.47837559999999	106.999924	1	0	0	0	0
2024-08-24 23:12:40	25.962868795000002	106.8170848	106.999924	1	0	0	0	0
2024-08-24 23:12:50	25.914024385999998	107.42572854	106.999924	1	0	0	0	0
2024-08-24 23:13:00	25.944517773333335	107.1342152	106.999924	1	0	0	0	0
2024-08-24 23:13:10	25.90490127654321	107.34345634567902	106.999924	1	0	0	0	0
2024-08-24 23:13:20	25.921241870588236	107.18571596078432	106.999924	1	0	0	0	0
2024-08-24 23:13:30	25.9527866325	106.979178375	106.999924	1	0	0	0	0
2024-08-24 23:13:40	25.945245892	107.01564619999999	106.999924	1	0	0	0	0
2024-08-24 23:13:50	25.867360127118644	107.5668933220339	106.999924	1	0	0	0	0
2024-08-24 23:14:00	25.86658101935484	107.382573	106.999924	1	0	0	0	0
2024-08-24 23:14:10	25.84115146222222	107.46188617777779	106.999924	1	0	0	0	0
2024-08-24 23:14:20	25.89807045882353	107.06319835294117	106.999924	1	0	0	0	0
2024-08-24 23:14:30	25.86983216666667	107.19369311111112	106.999924	1	0	0	0	0
2024-08-24 23:14:40	25.830590988679244	107.33577216981132	106.999924	1	0	0	0	0
2024-08-24 23:14:50	25.873252493333332	107.02244466666667	106.999924	1	0	0	0	0
2024-08-24 23:15:00	25.857255672	107.18186996	106.999924	1	0	0	0	0
2024-08-24 23:15:10	25.861083362025315	107.08960973417722	106.999924	1	0	0	0	0
2024-08-24 23:15:20	25.848647912	107.23312496	106.999924	1	0	0	0	0
2024-08-24 23:15:30	25.79486482987013	107.44371084415585	106.999924	1	0	0	0	0
2024-08-24 23:15:40	25.848443428000003	106.96179156000001	106.999924	1	0	0	0	0
2024-08-24 23:15:50	25.815773855555555	107.27072911111111	106.999924	1	0	0	0	0
2024-08-24 23:16:00	25.80056432758621	107.30300572413793	106.999924	1	0	0	0	0
2024-08-24 23:16:10	25.824290985915493	107.13482650704226	106.999924	1	0	0	0	0
2024-08-24 23:16:20	25.79148769	107.42816479999999	106.999924	1	0	0	0	0
2024-08-24 23:16:30	25.77508864719101	107.3553096516854	106.999924	1	0	0	0	0
2024-08-24 23:16:40	25.803195824	107.10364748	106.999924	1	0	0	0	0
2024-08-24 23:16:50	25.756116468333335	107.4370586	106.999924	1	0	0	0	0
2024-08-24 23:17:00	25.77404139375	107.43905275	106.999924	1	0	0	0	0
2024-08-24 23:17:10	25.723733947826087	107.17065791304348	106.999924	1	0	0	0	0
2024-08-24 23:17:20	25.758247814	107.0192534	106.999924	1	0	0	0	0
2024-08-24 23:17:30	25.763595579120878	107.08811584615384	106.999924	1	0	0	0	0
2024-08-24 23:17:40	25.74457574285714	107.32016151020407	106.999924	1	0	0	0	0
2024-08-24 23:17:50	25.75148397254902	107.09899115686274	106.999924	1	0	0	0	0
2024-08-24 23:18:00	25.705444078	107.31036334000001	106.999924	1	0	0	0	0
2024-08-24 23:18:10	25.69536949	107.4139986	106.999924	1	0	0	0	0
2024-08-24 23:18:20	25.664550927160494	107.35251350617284	106.999924	1	0	0	0	0
2024-08-24 23:18:30	25.650210975949367	107.60108164556962	106.999924	1	0	0	0	0
2024-08-24 23:18:40	25.61533644074074	107.63117977777777	106.999924	1	0	0	0	0
2024-08-24 23:18:50	25.67199951923077	107.31098780769231	106.999924	1	0	0	0	0
2024-08-24 23:19:00	25.63753918	107.31920024	106.999924	1	0	0	0	0
2024-08-24 23:19:10	25.655044775409838	107.35304444262295	106.999924	1	0	0	0	0
2024-08-24 23:19:20	25.63346671764706	107.37251105882352	106.999924	1	0	0	0	0
2024-08-24 23:19:30	25.69235138227848	106.83921230379747	106.999924	1	0	0	0	0
2024-08-24 23:19:40	25.66992938028169	106.96177076056338	106.999924	1	0	0	0	0
2024-08-24 23:19:50	25.63434438607595	107.20411903797469	106.999924	1	0	0	0	0
2024-08-24 23:20:00	25.616230604	107.24535536	106.999924	1	0	0	0	0
2024-08-24 23:20:10	25.66854736	106.89991784	106.999924	1	0	0	0	0
2024-08-24 23:20:20	25.62360501857143	107.16754507142856	106.999924	1	0	0	0	0
2024-08-24 23:20:30	25.626056755	107.0709406875	106.999924	1	0	0	0	0
2024-08-24 23:20:40	25.626395591463414	107.04972503658537	106.999924	1	0	0	0	0
2024-08-24 23:20:50	25.568969472131148	107.45524052459017	106.999924	1	0	0	0	0
2024-08-24 23:21:00	25.680486518333332	106.66308975	106.999924	1	0	0	0	0
2024-08-24 23:21:10	25.63631814	107.13385365	106.999924	1	0	0	0	0
2024-08-24 23:21:20	25.58503586666667	107.27433880000001	106.999924	1	0	0	0	0
2024-08-24 23:21:30	25.64253422535211	106.90272907042254	106.999924	1	0	0	0	0
2024-08-24 23:21:40	25.63837273714286	106.76706747142858	106.999924	1	0	0	0	0
2024-08-24 23:21:50	25.57707474782609	107.30476331884059	106.999924	1	0	0	0	0
2024-08-24 23:22:00	25.596142357142856	107.11305242857142	106.999924	1	0	0	0	0
2024-08-24 23:22:10	25.613864061250002	106.94883555	106.999924	1	0	0	0	0
2024-08-24 23:22:20	25.54763832195122	107.35034319512195	106.999924	1	0	0	0	0
2024-08-24 23:22:30	25.581729977777776	107.10491755555556	106.999924	1	0	0	0	0
2024-08-24 23:22:40	25.52276518714286	107.44676685714286	106.999924	1	0	0	0	0
2024-08-24 23:22:50	25.539098095652175	107.28190897101449	106.999924	1	0	0	0	0
2024-08-24 23:23:00	25.56584174	107.07677555000001	106.999924	1	0	0	0	0
2024-08-24 23:23:10	25.505048025999997	107.46154774	106.999924	1	0	0	0	0
2024-08-24 23:23:20	25.56846655625	107.110876875	106.999924	1	0	0	0	0
2024-08-24 23:23:30	25.5736615425	106.9127028	106.999924	1	0	0	0	0
2024-08-24 23:23:40	25.497045625	107.3988354	106.999924	1	0	0	0	0
2024-08-24 23:23:50	25.55566324222222	106.9781019	106.999924	1	0	0	0	0
2024-08-24 23:24:00	25.495248458	107.22805908	106.999924	1	0	0	0	0
2024-08-24 23:24:10	25.520177673913043	107.09210969565217	106.999924	1	0	0	0	0
2024-08-24 23:24:20	25.469571876	107.41002582	106.999924	1	0	0	0	0
2024-08-24 23:24:30	25.54603029375	107.02241339999999	106.999924	1	0	0	0	0
2024-08-24 23:24:40	25.490319832857143	107.37061748571428	106.999924	1	0	0	0	0
2024-08-24 23:24:50	25.426192504285712	107.59861887142857	106.999924	1	0	0	0	0
2024-08-24 23:25:00	25.41300007341772	107.4649146835443	106.999924	1	0	0	0	0
2024-08-24 23:25:10	25.41550140677966	107.24341198305085	106.999924	1	0	0	0	0
2024-08-24 23:25:20	25.439552075510203	107.299169	106.999924	1	0	0	0	0
2024-08-24 23:25:30	25.441766935	107.25505285	106.999924	1	0	0	0	0
2024-08-24 23:25:40	25.468367795121953	107.03590680487805	106.999924	1	0	0	0	0
2024-08-24 23:25:50	25.445080705714286	107.16248205714285	106.999924	1	0	0	0	0
2024-08-24 23:26:00	25.43467837826087	107.24240133333333	106.999924	1	0	0	0	0
2024-08-24 23:26:10	25.433382533333333	107.28963505128205	106.999924	1	0	0	0	0
2024-08-24 23:26:20	25.41808254576271	107.19300064406781	106.999924	1	0	0	0	0
2024-08-24 23:26:30	25.40929678235294	107.01943147058824	106.999924	1	0	0	0	0
2024-08-24 23:26:40	25.397995897468356	107.27210349367088	106.999924	1	0	0	0	0
2024-08-24 23:26:50	25.37832451728395	107.38784004938272	106.999924	1	0	0	0	0
2024-08-24 23:27:00	25.404478700000002	107.11839085	106.999924	1	0	0	0	0
2024-08-24 23:27:10	25.406241549152544	107.08896969491525	106.999924	1	0	0	0	0
2024-08-24 23:27:20	25.376847006	107.24921922	106.999924	1	0	0	0	0
2024-08-24 23:27:30	25.344335916	107.37276376	106.999924	1	0	0	0	0
2024-08-24 23:27:40	25.422688153333333	106.83203973333333	106.999924	1	0	0	0	0
2024-08-24 23:27:50	25.350653417391307	107.23701804347826	106.999924	1	0	0	0	0
2024-08-24 23:28:00	25.38108922542373	107.09047905084746	106.999924	1	0	0	0	0
2024-08-24 23:28:10	25.37053369113924	107.12702411392405	106.999924	1	0	0	0	0
2024-08-24 23:28:20	25.343411337704918	107.23847060655737	106.999924	1	0	0	0	0
2024-08-24 23:28:30	25.354785986885247	107.07275442622951	106.999924	1	0	0	0	0
2024-08-24 23:28:40	25.3500476	107.15996652	106.999924	1	0	0	0	0
2024-08-24 23:28:50	25.31290569875	107.308066275	106.999924	1	0	0	0	0
2024-08-24 23:29:00	25.330065816666668	107.16119956666667	106.999924	1	0	0	0	0
2024-08-24 23:29:10	25.3125654225	107.1215286125	106.999924	1	0	0	0	0
2024-08-24 23:29:20	25.304177028571427	107.396214	106.999924	1	0	0	0	0
2024-08-24 23:29:30	25.32174726231884	107.10347942028986	106.999924	1	0	0	0	0
2024-08-24 23:29:40	25.293496414285713	107.29773833333334	106.999924	1	0	0	0	0
2024-08-24 23:29:50	25.30855657142857	107.16727468571429	106.999924	1	0	0	0	0
2024-08-24 23:30:00	25.33437165625	106.9274293	106.999924	1	0	0	0	0
2024-08-24 23:30:10	25.289773070786516	107.30328279775281	106.999924	1	0	0	0	0
2024-08-24 23:30:20	25.30586698	107.1231658	106.999924	1	0	0	0	0
2024-08-24 23:30:30	25.25662576229508	107.2152298852459	106.999924	1	0	0	0	0
2024-08-24 23:30:40	25.283783160000002	107.1125235	106.999924	1	0	0	0	0
2024-08-24 23:30:50	25.266596806557377	107.14947632786885	106.999924	1	0	0	0	0
2024-08-24 23:31:00	25.239098411594203	107.22219055072463	106.999924	1	0	0	0	0
2024-08-24 23:31:10	25.31975208813559	106.7878753220339	106.999924	1	0	0	0	0
2024-08-24 23:31:20	25.249674272	106.86736134	106.999924	1	0	0	0	0
2024-08-24 23:31:30	25.276325494117646	107.03136099999999	106.999924	1	0	0	0	0
2024-08-24 23:31:40	25.278430329411766	107.01357533333334	106.999924	1	0	0	0	0
2024-08-24 23:31:50	25.224199805714285	107.33159428571429	106.999924	1	0	0	0	0
2024-08-24 23:32:00	25.19517217375	107.46941715	106.999924	1	0	0	0	0
2024-08-24 23:32:10	25.21274945375	107.2434085875	106.999924	1	0	0	0	0
2024-08-24 23:32:20	25.185682928169015	107.287562028169	106.999924	1	0	0	0	0
2024-08-24 23:32:30	25.23317382	107.0516771875	106.999924	1	0	0	0	0
2024-08-24 23:32:40	25.208541984615387	107.18238409615385	106.999924	1	0	0	0	0
2024-08-24 23:32:50	25.225361996666667	107.01061010000001	106.999924	1	0	0	0	0
2024-08-24 23:33:00	25.218835943661972	107.08618129577465	106.999924	1	0	0	0	0
2024-08-24 23:33:10	25.234994975	107.0001755	106.999924	1	0	0	0	0
2024-08-24 23:33:20	25.243618810169494	107.47629191525424	106.999924	1	0	0	0	0
2024-08-24 23:33:30	25.241267655696202	106.92982060759493	106.999924	1	0	0	0	0
2024-08-24 23:33:40	25.167769278	107.14208734	106.999924	1	0	0	0	0
2024-08-24 23:33:50	25.2130196	107.1256638	106.999924	1	0	0	0	0
2024-08-24 23:34:00	25.15000213442623	107.43943611475409	106.999924	1	0	0	0	0
2024-08-24 23:34:10	25.1966565125	106.97007012499999	106.999924	1	0	0	0	0
2024-08-24 23:34:20	25.17672807530864	107.042898	106.999924	1	0	0	0	0
2024-08-24 23:34:30	25.2053878825	106.93934403749999	106.999924	1	0	0	0	0
2024-08-24 23:34:40	25.15919394285714	107.21304848979592	106.999924	1	0	0	0	0
2024-08-24 23:34:50	25.169839977551018	107.16051232653061	106.999924	1	0	0	0	0
2024-08-24 23:35:00	25.15147018	107.16999935714286	106.999924	1	0	0	0	0
2024-08-24 23:35:10	25.126286095714285	107.24598687142857	106.999924	1	0	0	0	0
2024-08-24 23:35:20	25.134301439999998	107.23231713333332	106.999924	1	0	0	0	0
2024-08-24 23:35:30	25.069408170588236	107.61909320588235	106.999924	1	0	0	0	0
2024-08-24 23:35:40	25.135079599999997	107.20309042372881	106.999924	1	0	0	0	0
2024-08-24 23:35:50	25.1320385	107.2743198	106.999924	1	0	0	0	0
2024-08-24 23:36:00	25.101522828169013	107.48266390140844	106.999924	1	0	0	0	0
2024-08-24 23:36:10	25.112808314444443	107.1995943	106.999924	1	0	0	0	0
2024-08-24 23:36:20	25.12432545833333	107.01660828333334	106.999924	1	0	0	0	0
2024-08-24 23:36:30	25.0913784275	107.281671375	106.999924	1	0	0	0	0
2024-08-24 23:36:40	25.148029296	106.92507824	106.999924	1	0	0	0	0
2024-08-24 23:36:50	25.073742483333334	107.2824889	106.999924	1	0	0	0	0
2024-08-24 23:37:00	25.052599902	107.19341924	106.999924	1	0	0	0	0
2024-08-24 23:37:10	25.104717385	106.994524275	106.999924	1	0	0	0	0
2024-08-24 23:37:20	25.070240101960785	107.29760207843138	106.999924	1	0	0	0	0
2024-08-24 23:37:30	25.104488114606742	106.93395867415731	106.999924	1	0	0	0	0
2024-08-24 23:37:40	25.088142988235294	107.1503834509804	106.999924	1	0	0	0	0
2024-08-24 23:37:50	25.118533344	106.90823652	106.999924	1	0	0	0	0
2024-08-24 23:38:00	25.100883160869564	106.94936047826087	106.999924	1	0	0	0	0
2024-08-24 23:38:10	25.06765515633803	107.15040394366197	106.999924	1	0	0	0	0
2024-08-24 23:38:20	25.010386659999998	107.47667568333334	106.999924	1	0	0	0	0
2024-08-24 23:38:30	25.03609884666667	107.29144193333333	106.999924	1	0	0	0	0
2024-08-24 23:38:40	25.05387167	107.12131731666668	106.999924	1	0	0	0	0
2024-08-24 23:38:50	25.02799931	107.46217990000001	106.999924	1	0	0	0	0
2024-08-24 23:39:00	25.039900188	107.07423244	106.999924	1	0	0	0	0
2024-08-24 23:39:10	24.98625677714286	107.43166791428571	106.999924	1	0	0	0	0
2024-08-24 23:39:20	25.058349961016948	106.88397350847457	106.999924	1	0	0	0	0
2024-08-24 23:39:30	25.07050516197183	106.82078091549295	106.999924	1	0	0	0	0
2024-08-24 23:39:40	25.06252282682927	106.97449068292683	106.999924	1	0	0	0	0
2024-08-24 23:39:50	24.99279275	107.2271937375	106.999924	1	0	0	0	0
2024-08-24 23:40:00	25.047607246341464	106.877387	106.999924	1	0	0	0	0
2024-08-24 23:40:10	25.03675507536232	106.9803353478261	106.999924	1	0	0	0	0
2024-08-24 23:40:20	25.031020740740743	107.00771188888889	106.999924	1	0	0	0	0
2024-08-24 23:40:30	25.009443677777778	107.12278507070707	106.999924	1	0	0	0	0
2024-08-24 23:40:40	25.01319638076923	107.05265615384616	106.999924	1	0	0	0	0
2024-08-24 23:40:50	25.02753624	107.0430925	106.999924	1	0	0	0	0
2024-08-24 23:41:00	24.964486168	107.24099097999999	106.999924	1	0	0	0	0
2024-08-24 23:41:10	25.02414823285714	107.05168277142857	106.999924	1	0	0	0	0
2024-08-24 23:41:20	24.971598944	107.36193286	106.999924	1	0	0	0	0
2024-08-24 23:41:30	24.969507271428572	107.15810328571428	106.999924	1	0	0	0	0
2024-08-24 23:41:40	25.06046110125	106.767269975	106.999924	1	0	0	0	0
2024-08-24 23:41:50	25.02780087647059	106.87165652941177	106.999924	1	0	0	0	0
2024-08-24 23:42:00	24.929894504	107.35069664	106.999924	1	0	0	0	0
2024-08-24 23:42:10	24.94917710869565	107.2690855652174	106.999924	1	0	0	0	0
2024-08-24 23:42:20	24.949880925714286	107.10615722857143	106.999924	1	0	0	0	0
2024-08-24 23:42:30	24.9588361825	107.14434385	106.999924	1	0	0	0	0
2024-08-24 23:42:40	24.93208081304348	107.24720204347827	106.999924	1	0	0	0	0
2024-08-24 23:42:50	24.97759354366197	107.09501177464789	106.999924	1	0	0	0	0
2024-08-24 23:43:00	24.964473908333336	107.05144281666666	106.999924	1	0	0	0	0
2024-08-24 23:43:10	24.940422488	107.10923832	106.999924	1	0	0	0	0
2024-08-24 23:43:20	24.921925168292685	107.04366575609755	106.999924	1	0	0	0	0
2024-08-24 23:43:30	24.96219501625	107.0457261	106.999924	1	0	0	0	0
2024-08-24 23:43:40	24.940645235	106.86886275	106.999924	1	0	0	0	0
2024-08-24 23:43:50	24.95642505375	107.0746283	106.999924	1	0	0	0	0
2024-08-24 23:44:00	24.933783809999998	107.07681625	106.999924	1	0	0	0	0
2024-08-24 23:44:10	24.918869192	107.28655140000001	106.999924	1	0	0	0	0
2024-08-24 23:44:20	24.906765433333334	107.30796266666667	106.999924	1	0	0	0	0
2024-08-24 23:44:30	24.92176377721519	107.15642729113924	106.999924	1	0	0	0	0
2024-08-24 23:44:40	24.93191742	107.18662549999999	106.999924	1	0	0	0	0
2024-08-24 23:44:50	24.94351603164557	106.95744696202532	106.999924	1	0	0	0	0
2024-08-24 23:45:00	24.892196028	107.12865212	106.999924	1	0	0	0	0
2024-08-24 23:45:10	24.9126802	107.12077685714286	106.999924	1	0	0	0	0
2024-08-24 23:45:20	24.91650692857143	107.10885191836735	106.999924	1	0	0	0	0
2024-08-24 23:45:30	24.887733572151898	107.38042297468355	106.999924	1	0	0	0	0
2024-08-24 23:45:40	24.86326948852459	107.31126306557377	106.999924	1	0	0	0	0
2024-08-24 23:45:50	24.8978512	107.0755064	106.999924	1	0	0	0	0
2024-08-24 23:46:00	24.87196578	107.20812073333333	106.999924	1	0	0	0	0
2024-08-24 23:46:10	24.85773492253521	107.09194723943662	106.999924	1	0	0	0	0
2024-08-24 23:46:20	24.84588480408163	107.1960541632653	106.999924	1	0	0	0	0
2024-08-24 23:46:30	24.86040618823529	107.20315076470588	106.999924	1	0	0	0	0
2024-08-24 23:46:40	24.91053209	106.84870487142857	106.999924	1	0	0	0	0
2024-08-24 23:46:50	24.92655671392405	106.66278903797468	106.999924	1	0	0	0	0
2024-08-24 23:47:00	24.881707514285715	106.87686634285714	106.999924	1	0	0	0	0
2024-08-24 23:47:10	24.887247768	107.04263282000001	106.999924	1	0	0	0	0
2024-08-24 23:47:20	24.906713904166665	106.929932375	106.999924	1	0	0	0	0
2024-08-24 23:47:30	24.921727139130436	106.83204085507246	106.999924	1	0	0	0	0
2024-08-24 23:47:40	24.859089314285715	107.18755731428571	106.999924	1	0	0	0	0
2024-08-24 23:47:50	24.819522337142857	107.4463278857143	106.999924	1	0	0	0	0
2024-08-24 23:48:00	24.85097713125	107.1255494875	106.999924	1	0	0	0	0
2024-08-24 23:48:10	24.832328714285715	107.30812183673468	106.999924	1	0	0	0	0
2024-08-24 23:48:20	24.888437672	106.92860963999999	106.999924	1	0	0	0	0
2024-08-24 23:48:30	24.877907288135592	106.94854488135593	106.999924	1	0	0	0	0
2024-08-24 23:48:40	24.84211956	107.23250445714285	106.999924	1	0	0	0	0
2024-08-24 23:48:50	24.869519166666667	107.089793	106.999924	1	0	0	0	0
2024-08-24 23:49:00	24.851735907142857	107.04267792857142	106.999924	1	0	0	0	0
2024-08-24 23:49:10	24.824328907142856	107.37270542857142	106.999924	1	0	0	0	0
2024-08-24 23:49:20	24.81925300851064	107.28571174468085	106.999924	1	0	0	0	0
2024-08-24 23:49:30	24.829330046666666	107.30859668333333	106.999924	1	0	0	0	0
2024-08-24 23:49:40	24.877041613333333	106.82845346666667	106.999924	1	0	0	0	0
2024-08-24 23:49:50	24.825193317391307	107.10002613043478	106.999924	1	0	0	0	0
2024-08-24 23:50:00	24.815245191525424	107.20112345762712	106.999924	1	0	0	0	0
2024-08-24 23:50:10	24.773518611392404	107.42981541772151	106.999924	1	0	0	0	0
2024-08-24 23:50:20	24.82175602	107.06797159999999	106.999924	1	0	0	0	0
2024-08-24 23:50:30	24.835334331034485	106.99033744827587	106.999924	1	0	0	0	0
2024-08-24 23:50:40	24.795876147999998	107.13659148	106.999924	1	0	0	0	0
2024-08-24 23:50:50	24.806604485	107.04993454999999	106.999924	1	0	0	0	0
2024-08-24 23:51:00	24.755105373913047	107.35787869565218	106.999924	1	0	0	0	0
2024-08-24 23:51:10	24.75545725925926	107.2680737037037	106.999924	1	0	0	0	0
2024-08-24 23:51:20	24.78488330416667	107.09455904166666	106.999924	1	0	0	0	0
2024-08-24 23:51:30	24.803987931034484	106.86436168965517	106.999924	1	0	0	0	0
2024-08-24 23:51:40	24.8064872	106.98422214285715	106.999924	1	0	0	0	0
2024-08-24 23:51:50	24.781044497727272	107.0221705	106.999924	1	0	0	0	0
2024-08-24 23:52:00	24.756512117142854	107.11530411428572	106.999924	1	0	0	0	0
2024-08-24 23:52:10	24.80760373	106.9058546125	106.999924	1	0	0	0	0
2024-08-24 23:52:20	24.773589575510204	107.11502867346938	106.999924	1	0	0	0	0
2024-08-24 23:52:30	24.767523843333333	107.03963783333334	106.999924	1	0	0	0	0
2024-08-24 23:52:40	24.754405104	107.10667584	106.999924	1	0	0	0	0
2024-08-24 23:52:50	24.7417564	107.1918324	106.999924	1	0	0	0	0
2024-08-24 23:53:00	24.706158023333334	107.35398831666667	106.999924	1	0	0	0	0
2024-08-24 23:53:10	24.735341306329115	107.02513020253164	106.999924	1	0	0	0	0
2024-08-24 23:53:20	24.69224543877551	107.43152167346939	106.999924	1	0	0	0	0
2024-08-24 23:53:30	24.717626253333332	107.22503133333333	106.999924	1	0	0	0	0
2024-08-24 23:53:40	24.73188197	106.97957542	106.999924	1	0	0	0	0
2024-08-24 23:53:50	24.706266716455694	107.26300035443037	106.999924	1	0	0	0	0
2024-08-24 23:54:00	24.755725103703703	106.81696533333333	106.999924	1	0	0	0	0
2024-08-24 23:54:10	24.740037052857144	107.02809765714285	106.999924	1	0	0	0	0
2024-08-24 23:54:20	24.797195805	106.663207075	106.999924	1	0	0	0	0
2024-08-24 23:54:30	24.733675630508476	106.99229167796611	106.999924	1	0	0	0	0
2024-08-24 23:54:40	24.71557089591837	107.17783485714286	106.999924	1	0	0	0	0
2024-08-24 23:54:50	24.69313047241379	107.29003393103447	106.999924	1	0	0	0	0
2024-08-24 23:55:00	24.703423250724637	107.18428789855072	106.999924	1	0	0	0	0
2024-08-24 23:55:10	24.689139308450706	107.2347337887324	106.999924	1	0	0	0	0
2024-08-24 23:55:20	24.7502623	106.84204153333333	106.999924	1	0	0	0	0
2024-08-24 23:55:30	24.7502623	106.84204153333333	106.999924	1	0	0	0	0
2024-08-24 23:55:40	24.706919248000002	107.07437448	106.999924	1	0	0	0	0
2024-08-24 23:55:50	24.649986403333333	107.39900386666666	106.999924	1	0	0	0	0
2024-08-24 23:56:00	24.686815018571426	107.5500813	106.999924	1	0	0	0	0
2024-08-24 23:56:10	24.686815018571426	107.5500813	106.999924	1	0	0	0	0
2024-08-24 23:56:20	24.678807771014494	106.88654005797102	106.999924	1	0	0	0	0
2024-08-24 23:56:30	24.69779281142857	107.06489922857142	106.999924	1	0	0	0	0
2024-08-24 23:56:40	24.711420536000002	106.90953660000001	106.999924	1	0	0	0	0
2024-08-24 23:56:50	24.71676106835443	107.13014911392405	106.999924	1	0	0	0	0
2024-08-24 23:57:00	24.717033400000002	106.86642376	106.999924	1	0	0	0	0
2024-08-24 23:57:10	24.7150310875	106.668426	106.999924	1	0	0	0	0
2024-08-24 23:57:20	24.65942536	107.2343844	106.999924	1	0	0	0	0
2024-08-24 23:57:30	24.7009727	106.95961679999999	106.999924	1	0	0	0	0
2024-08-24 23:57:40	24.666387853333333	107.24810696666665	106.999924	1	0	0	0	0
2024-08-24 23:57:50	24.702187058227846	106.91885275949367	106.999924	1	0	0	0	0
2024-08-24 23:58:00	24.643890177777777	107.27328311111111	106.999924	1	0	0	0	0
2024-08-24 23:58:10	24.64300754925373	107.27054804477612	106.999924	1	0	0	0	0
2024-08-24 23:58:20	24.674826782857142	107.16052661428571	106.999924	1	0	0	0	0
2024-08-24 23:58:30	24.696170329999998	106.856985	106.999924	1	0	0	0	0
2024-08-24 23:58:40	24.65974057647059	107.01069135294118	106.999924	1	0	0	0	0
2024-08-24 23:58:50	24.64238294647887	107.11596347887324	106.999924	1	0	0	0	0
2024-08-24 23:59:00	24.666410425423727	106.94265540677966	106.999924	1	0	0	0	0
2024-08-24 23:59:10	24.648237815	107.207112	106.999924	1	0	0	0	0
2024-08-24 23:59:20	24.660616470588238	106.94773847058823	106.999924	1	0	0	0	0
2024-08-24 23:59:30	24.681582715492958	106.88406564788733	106.999924	1	0	0	0	0
2024-08-24 23:59:40	24.62616134	107.1963927	106.999924	1	0	0	0	0
2024-08-24 23:59:50	24.598886914285714	107.35794637142857	106.999924	1	0	0	0	0
2024-08-25 00:00:00	24.683560934	106.93918866	106.999924	1	0	0	0	0
