PROCESSDATA	2411FIC20102 Data	yyyy-MM-dd HH:mm:ss
8	10	2024-10-08 21:55:00	751
tagname	2411FIC20102.MV	2411FIC20102.PV	2411FIC20102.SV	2411FIC20102.MODE	bOpOFL	bPvOFL	bSpOFL	bAutOFL
desc	回炼油返塔_OP	回炼油返塔_PV	回炼油返塔_SP	Aut	bOpOFL	bPvOFL	bSpOFL	bAutOFL
fsMax=1.7478638664285722	fsMin=0	fsGridNum=10	fdMax=1.7478638664285722tfdMin=0	fdGridNum=10	v0GridNum=10	L=24
2024-10-08 21:55:00	25.59964521	101.02018494000001	100.999939	1	0	0	0	0
2024-10-08 21:55:10	25.615185737999997	101.16302882000001	100.999939	1	0	0	0	0
2024-10-08 21:55:20	25.61232640638298	100.95084393617022	100.999939	1	0	0	0	0
2024-10-08 21:55:30	25.55818954	101.26626038	100.999939	1	0	0	0	0
2024-10-08 21:55:40	25.521262366	101.48035196000001	100.999939	1	0	0	0	0
2024-10-08 21:55:50	25.60922094	100.90302675999999	100.999939	1	0	0	0	0
2024-10-08 21:56:00	25.585758806	101.0894699	100.999939	1	0	0	0	0
2024-10-08 21:56:10	25.629438743999998	100.76188542	100.999939	1	0	0	0	0
2024-10-08 21:56:20	25.609020969230766	100.96234092307692	100.999939	1	0	0	0	0
2024-10-08 21:56:30	25.601291748	101.03053418	100.999939	1	0	0	0	0
2024-10-08 21:56:40	25.619140432000002	100.90602736	100.999939	1	0	0	0	0
2024-10-08 21:56:50	25.592290154	101.07462912	100.999939	1	0	0	0	0
2024-10-08 21:57:00	25.632807012	100.80857155999999	100.999939	1	0	0	0	0
2024-10-08 21:57:10	25.556451258	101.29834840000001	100.999939	1	0	0	0	0
2024-10-08 21:57:20	25.567689341463417	101.18403836585365	100.999939	1	0	0	0	0
2024-10-08 21:57:30	25.592042398	101.04774572	100.999939	1	0	0	0	0
2024-10-08 21:57:40	25.634711526	100.8108748	100.999939	1	0	0	0	0
2024-10-08 21:57:50	25.614597656	100.98105398	100.999939	1	0	0	0	0
2024-10-08 21:58:00	25.531019296	101.5193	100.999939	1	0	0	0	0
2024-10-08 21:58:10	25.623716998	101.26776962000001	100.999939	1	0	0	0	0
2024-10-08 21:58:20	25.620394323076923	100.92358973076922	100.999939	1	0	0	0	0
2024-10-08 21:58:30	25.584010868	101.13846249999999	100.999939	1	0	0	0	0
2024-10-08 21:58:40	25.633226284	100.87790236000001	100.999939	1	0	0	0	0
2024-10-08 21:58:50	25.53710033	101.48412632	100.999939	1	0	0	0	0
2024-10-08 21:59:00	25.642037096	100.75118015999999	100.999939	1	0	0	0	0
2024-10-08 21:59:10	25.672042298	100.71439495999999	100.999939	1	0	0	0	0
2024-10-08 21:59:20	25.651758423076924	100.82906842307693	100.999939	1	0	0	0	0
2024-10-08 21:59:30	25.657281708000003	100.7591075	100.999939	1	0	0	0	0
2024-10-08 21:59:40	25.66734487	100.69783188	100.999939	1	0	0	0	0
2024-10-08 21:59:50	25.652351992	100.80671138000001	100.999939	1	0	0	0	0
2024-10-08 22:00:00	25.639123832	100.89206926	100.999939	1	0	0	0	0
2024-10-08 22:00:10	25.66770524	101.04409564	100.999939	1	0	0	0	0
2024-10-08 22:00:20	25.652655876923077	100.78427707692308	100.999939	1	0	0	0	0
2024-10-08 22:00:30	25.626464228	100.9811877	100.999939	1	0	0	0	0
2024-10-08 22:00:40	25.650986917999997	100.80411224000001	100.999939	1	0	0	0	0
2024-10-08 22:00:50	25.6157588	101.0613072	100.999939	1	0	0	0	0
2024-10-08 22:01:00	25.602879044	101.1255444	100.999939	1	0	0	0	0
2024-10-08 22:01:10	25.624440908	101.24901328	100.999939	1	0	0	0	0
2024-10-08 22:01:20	25.65041115	100.83430380769231	100.999939	1	0	0	0	0
2024-10-08 22:01:30	25.615831944	101.01670756	100.999939	1	0	0	0	0
2024-10-08 22:01:40	25.61340087	101.03676002	100.999939	1	0	0	0	0
2024-10-08 22:01:50	25.717535342	100.45563088	100.999939	1	0	0	0	0
2024-10-08 22:02:00	25.6446225	100.97038684	100.999939	1	0	0	0	0
2024-10-08 22:02:10	25.598143062	100.8617904	100.999939	1	0	0	0	0
2024-10-08 22:02:20	25.641110481132078	100.88485956603773	100.999939	1	0	0	0	0
2024-10-08 22:02:30	25.650944512000002	100.86344186	100.999939	1	0	0	0	0
2024-10-08 22:02:40	25.604452972	101.1649776	100.999939	1	0	0	0	0
2024-10-08 22:02:50	25.616710872	101.06438132	100.999939	1	0	0	0	0
2024-10-08 22:03:00	25.584818138	101.23821124	100.999939	1	0	0	0	0
2024-10-08 22:03:10	25.623239718	100.9340949	100.999939	1	0	0	0	0
2024-10-08 22:03:20	25.607476534615383	101.01198242307692	100.999939	1	0	0	0	0
2024-10-08 22:03:30	25.612452696	101.08445296	100.999939	1	0	0	0	0
2024-10-08 22:03:40	25.5779654	101.34640114	100.999939	1	0	0	0	0
2024-10-08 22:03:50	25.628684426	101.00784898	100.999939	1	0	0	0	0
2024-10-08 22:04:00	25.565888578	101.42895279999999	100.999939	1	0	0	0	0
2024-10-08 22:04:10	25.580344702	101.0545683	100.999939	1	0	0	0	0
2024-10-08 22:04:20	25.599034234615385	100.97614146153846	100.999939	1	0	0	0	0
2024-10-08 22:04:30	25.602400090000003	101.09858313999999	100.999939	1	0	0	0	0
2024-10-08 22:04:40	25.623193952	100.97039398	100.999939	1	0	0	0	0
2024-10-08 22:04:50	25.607667168	101.09478571999999	100.999939	1	0	0	0	0
2024-10-08 22:05:00	25.611574966	101.06027086	100.999939	1	0	0	0	0
2024-10-08 22:05:10	25.602090999999998	101.39294482	100.999939	1	0	0	0	0
2024-10-08 22:05:20	25.616902205882354	100.89539894117648	100.999939	1	0	0	0	0
2024-10-08 22:05:30	25.647551014	100.83148351999999	100.999939	1	0	0	0	0
2024-10-08 22:05:40	25.606159714	101.08307078	100.999939	1	0	0	0	0
2024-10-08 22:05:50	25.618072332	100.96502298	100.999939	1	0	0	0	0
2024-10-08 22:06:00	25.612439262000002	101.00991474	100.999939	1	0	0	0	0
2024-10-08 22:06:10	25.670973964	100.50717186	100.999939	1	0	0	0	0
2024-10-08 22:06:20	25.628187765384617	100.89740484615385	100.999939	1	0	0	0	0
2024-10-08 22:06:30	25.566197506	101.36780738	100.999939	1	0	0	0	0
2024-10-08 22:06:40	25.646616862000002	100.85186067999999	100.999939	1	0	0	0	0
2024-10-08 22:06:50	25.622656518000003	101.02982586	100.999939	1	0	0	0	0
2024-10-08 22:07:00	25.56692766	101.38320744	100.999939	1	0	0	0	0
2024-10-08 22:07:10	25.639850474000003	100.89644606	100.999939	1	0	0	0	0
2024-10-08 22:07:20	25.58214102307692	101.35235073076923	100.999939	1	0	0	0	0
2024-10-08 22:07:30	25.590937122	101.18888152000001	100.999939	1	0	0	0	0
2024-10-08 22:07:40	25.643235400000002	100.83919236	100.999939	1	0	0	0	0
2024-10-08 22:07:50	25.595109814	101.15032348000001	100.999939	1	0	0	0	0
2024-10-08 22:08:00	25.597232922	101.12181606	100.999939	1	0	0	0	0
2024-10-08 22:08:10	25.562189264	100.79203092	100.999939	1	0	0	0	0
2024-10-08 22:08:20	25.582980096153847	101.26904496153846	100.999939	1	0	0	0	0
2024-10-08 22:08:30	25.60696568	101.00424294	100.999939	1	0	0	0	0
2024-10-08 22:08:40	25.653114539999997	100.70061484	100.999939	1	0	0	0	0
2024-10-08 22:08:50	25.6290132	100.88390526	100.999939	1	0	0	0	0
2024-10-08 22:09:00	25.546929843999997	101.37325238	100.999939	1	0	0	0	0
2024-10-08 22:09:10	25.61122741	101.00770406	100.999939	1	0	0	0	0
2024-10-08 22:09:20	25.542326803846155	101.29688126923077	100.999939	1	0	0	0	0
2024-10-08 22:09:30	25.556516324	101.2829926	100.999939	1	0	0	0	0
2024-10-08 22:09:40	25.576954724	101.13519782	100.999939	1	0	0	0	0
2024-10-08 22:09:50	25.653598858000002	100.66697912000001	100.999939	1	0	0	0	0
2024-10-08 22:10:00	25.634291307999998	100.80656962	100.999939	1	0	0	0	0
2024-10-08 22:10:10	25.56862709	101.1535897	100.999939	1	0	0	0	0
2024-10-08 22:10:20	25.566500784615382	100.99198615384616	100.999939	1	0	0	0	0
2024-10-08 22:10:30	25.644891118	100.7194399	100.999939	1	0	0	0	0
2024-10-08 22:10:40	25.608518176	100.99085086000001	100.999939	1	0	0	0	0
2024-10-08 22:10:50	25.508017763999998	101.59357634	100.999939	1	0	0	0	0
2024-10-08 22:11:00	25.598464846	100.99619226	100.999939	1	0	0	0	0
2024-10-08 22:11:10	25.553988572	101.26598967999999	100.999939	1	0	0	0	0
2024-10-08 22:11:20	25.57065426153846	101.28890426923077	100.999939	1	0	0	0	0
2024-10-08 22:11:30	25.620162474	100.85176421999999	100.999939	1	0	0	0	0
2024-10-08 22:11:40	25.592965384	101.03351208000001	100.999939	1	0	0	0	0
2024-10-08 22:11:50	25.541012656000003	101.3597848	100.999939	1	0	0	0	0
2024-10-08 22:12:00	25.568974546	101.15551325999999	100.999939	1	0	0	0	0
2024-10-08 22:12:10	25.611672696	100.7285511	100.999939	1	0	0	0	0
2024-10-08 22:12:20	25.63422904615385	100.9474868076923	100.999939	1	0	0	0	0
2024-10-08 22:12:30	25.656347032	100.61234431999999	100.999939	1	0	0	0	0
2024-10-08 22:12:40	25.6138156	100.926143	100.999939	1	0	0	0	0
2024-10-08 22:12:50	25.55839022	101.28760634	100.999939	1	0	0	0	0
2024-10-08 22:13:00	25.568556660000002	101.21747728	100.999939	1	0	0	0	0
2024-10-08 22:13:10	25.525349214	101.46732396	100.999939	1	0	0	0	0
2024-10-08 22:13:20	25.588518303846154	100.93693396153847	100.999939	1	0	0	0	0
2024-10-08 22:13:30	25.573262623999998	101.15295318	100.999939	1	0	0	0	0
2024-10-08 22:13:40	25.61248193	100.8722134	100.999939	1	0	0	0	0
2024-10-08 22:13:50	25.552431338	101.2690259	100.999939	1	0	0	0	0
2024-10-08 22:14:00	25.576247058	101.0505639	100.999939	1	0	0	0	0
2024-10-08 22:14:10	25.605994468	100.95302142000001	100.999939	1	0	0	0	0
2024-10-08 22:14:20	25.600271909615383	100.76861984615385	100.999939	1	0	0	0	0
2024-10-08 22:14:30	25.564412565999998	101.04484404	100.999939	1	0	0	0	0
2024-10-08 22:14:40	25.53912533	101.17397285999999	100.999939	1	0	0	0	0
2024-10-08 22:14:50	25.554231184	101.04823344	100.999939	1	0	0	0	0
2024-10-08 22:15:00	25.524668876000003	101.24756356	100.999939	1	0	0	0	0
2024-10-08 22:15:10	25.549324942	101.25850068	100.999939	1	0	0	0	0
2024-10-08 22:15:20	25.524544352941177	101.22084558823529	100.999939	1	0	0	0	0
2024-10-08 22:15:30	25.564275130000002	100.93586576	100.999939	1	0	0	0	0
2024-10-08 22:15:40	25.496016500000003	101.36935335999999	100.999939	1	0	0	0	0
2024-10-08 22:15:50	25.550163556	100.98455672	100.999939	1	0	0	0	0
2024-10-08 22:16:00	25.529875525999998	101.11637972	100.999939	1	0	0	0	0
2024-10-08 22:16:10	25.512391666	101.13850366	100.999939	1	0	0	0	0
2024-10-08 22:16:20	25.53362548076923	101.17782857692308	100.999939	1	0	0	0	0
2024-10-08 22:16:30	25.48980637	101.34341852	100.999939	1	0	0	0	0
2024-10-08 22:16:40	25.531927792	101.02983888	100.999939	1	0	0	0	0
2024-10-08 22:16:50	25.487077636	101.30388137999999	100.999939	1	0	0	0	0
2024-10-08 22:17:00	25.525781558000002	101.01275050000001	100.999939	1	0	0	0	0
2024-10-08 22:17:10	25.53879062	100.87556686	100.999939	1	0	0	0	0
2024-10-08 22:17:20	25.53893723846154	100.92591842307692	100.999939	1	0	0	0	0
2024-10-08 22:17:30	25.50854432	101.08088716	100.999939	1	0	0	0	0
2024-10-08 22:17:40	25.621749444000002	100.40507622	100.999939	1	0	0	0	0
2024-10-08 22:17:50	25.532767240000002	100.96770924	100.999939	1	0	0	0	0
2024-10-08 22:18:00	25.541696476	100.93645604	100.999939	1	0	0	0	0
2024-10-08 22:18:10	25.50832657	101.12433918	100.999939	1	0	0	0	0
2024-10-08 22:18:20	25.517353099999998	101.06406580769232	100.999939	1	0	0	0	0
2024-10-08 22:18:30	25.485422144	101.22687162	100.999939	1	0	0	0	0
2024-10-08 22:18:40	25.475874943999997	101.24570674	101.9799243	1	0	0	0	0
2024-10-08 22:18:50	25.563008576	100.91615138	102.499916	1	0	0	0	0
2024-10-08 22:19:00	25.61893564	100.87744422	102.499916	1	0	0	0	0
2024-10-08 22:19:10	25.679599797999998	100.8023692	102.499916	1	0	0	0	0
2024-10-08 22:19:20	25.736557187234045	100.75983942553191	102.499916	1	0	0	0	0
2024-10-08 22:19:30	25.773808058	100.8106931	102.499916	1	0	0	0	0
2024-10-08 22:19:40	25.810864872	100.87279923999999	102.499916	1	0	0	0	0
2024-10-08 22:19:50	25.89384822	100.65448328	102.499916	1	0	0	0	0
2024-10-08 22:20:00	25.927655546	100.76133836	102.499916	1	0	0	0	0
2024-10-08 22:20:10	25.908465584	101.05520630000001	102.499916	1	0	0	0	0
2024-10-08 22:20:20	25.922061325531914	101.34553174468084	102.499916	1	0	0	0	0
2024-10-08 22:20:30	25.962609722	101.32928484000001	102.499916	1	0	0	0	0
2024-10-08 22:20:40	26.040551938	101.08637754	102.499916	1	0	0	0	0
2024-10-08 22:20:50	26.076821108	101.08111372	102.499916	1	0	0	0	0
2024-10-08 22:21:00	26.0828795	101.28183399999999	102.499916	1	0	0	0	0
2024-10-08 22:21:10	26.030834864	101.579543	102.499916	1	0	0	0	0
2024-10-08 22:21:20	26.02781574468085	102.00131559574469	102.499916	1	0	0	0	0
2024-10-08 22:21:30	26.026248432000003	102.0660144	102.499916	1	0	0	0	0
2024-10-08 22:21:40	26.025078852	102.14223402	102.499916	1	0	0	0	0
2024-10-08 22:21:50	26.032305732	102.1522375	102.499916	1	0	0	0	0
2024-10-08 22:22:00	26.013762806000003	102.32427776	102.499916	1	0	0	0	0
2024-10-08 22:22:10	26.112686926000002	102.07724448	102.499916	1	0	0	0	0
2024-10-08 22:22:20	26.046965129787235	102.25647978723404	102.499916	1	0	0	0	0
2024-10-08 22:22:30	26.052493327999997	102.30770172	102.499916	1	0	0	0	0
2024-10-08 22:22:40	26.080657778	102.18175556	102.499916	1	0	0	0	0
2024-10-08 22:22:50	26.1008592	102.09125384	102.499916	1	0	0	0	0
2024-10-08 22:23:00	26.056935099999997	102.41441913999999	102.499916	1	0	0	0	0
2024-10-08 22:23:10	26.103432246	101.8642903	102.499916	1	0	0	0	0
2024-10-08 22:23:20	25.999441907692308	102.67823869230769	102.499916	1	0	0	0	0
2024-10-08 22:23:30	26.041789771999998	102.48077818	102.499916	1	0	0	0	0
2024-10-08 22:23:40	26.000495448	102.73649356	102.499916	1	0	0	0	0
2024-10-08 22:23:50	25.942423635999997	103.0625201	102.499916	1	0	0	0	0
2024-10-08 22:24:00	25.99357335	102.69221492	102.499916	1	0	0	0	0
2024-10-08 22:24:10	25.947808252	102.8105812	102.499916	1	0	0	0	0
2024-10-08 22:24:20	25.974528388235296	102.82468294117648	102.499916	1	0	0	0	0
2024-10-08 22:24:30	25.981602086	102.64384629999999	102.499916	1	0	0	0	0
2024-10-08 22:24:40	25.993973999999998	102.53896272	102.499916	1	0	0	0	0
2024-10-08 22:24:50	25.956501414	102.77638377999999	102.499916	1	0	0	0	0
2024-10-08 22:25:00	25.988589994	102.54130576	102.499916	1	0	0	0	0
2024-10-08 22:25:10	25.923847534	102.92642414000001	102.499916	1	0	0	0	0
2024-10-08 22:25:20	25.89563176153846	102.88918961538461	102.499916	1	0	0	0	0
2024-10-08 22:25:30	25.973717248	102.48192309999999	102.499916	1	0	0	0	0
2024-10-08 22:25:40	25.909073092	102.85490539999999	102.499916	1	0	0	0	0
2024-10-08 22:25:50	25.943015942000002	102.57336532	102.499916	1	0	0	0	0
2024-10-08 22:26:00	25.90884436	102.77847698	102.499916	1	0	0	0	0
2024-10-08 22:26:10	25.993830814	102.48918492	102.499916	1	0	0	0	0
2024-10-08 22:26:20	25.94258328076923	102.58189734615385	102.499916	1	0	0	0	0
2024-10-08 22:26:30	25.927454888	102.5843004	102.499916	1	0	0	0	0
2024-10-08 22:26:40	25.904745088	102.68321064	102.499916	1	0	0	0	0
2024-10-08 22:26:50	25.818665298	103.1695708	102.499916	1	0	0	0	0
2024-10-08 22:27:00	25.877993745999998	102.74598944	102.499916	1	0	0	0	0
2024-10-08 22:27:10	25.900335818	102.70889786	102.499916	1	0	0	0	0
2024-10-08 22:27:20	25.866749723076925	102.36386280769231	102.499916	1	0	0	0	0
2024-10-08 22:27:30	25.842252132000002	102.85344418	102.499916	1	0	0	0	0
2024-10-08 22:27:40	25.8638264	102.6224876	102.499916	1	0	0	0	0
2024-10-08 22:27:50	25.832622046	102.7983947	102.499916	1	0	0	0	0
2024-10-08 22:28:00	25.822987054000002	102.8341065	102.499916	1	0	0	0	0
2024-10-08 22:28:10	25.83177093	102.901285	102.499916	1	0	0	0	0
2024-10-08 22:28:20	25.79832658723404	102.85499882978723	102.499916	1	0	0	0	0
2024-10-08 22:28:30	25.897409256000003	102.16762964	102.499916	1	0	0	0	0
2024-10-08 22:28:40	25.778224102	102.91411496	102.499916	1	0	0	0	0
2024-10-08 22:28:50	25.816919906000003	102.60568928	102.499916	1	0	0	0	0
2024-10-08 22:29:00	25.816750654	102.60189894	102.499916	1	0	0	0	0
2024-10-08 22:29:10	25.81930208	102.8666522	102.499916	1	0	0	0	0
2024-10-08 22:29:20	25.795352352941176	102.69208764705883	102.499916	1	0	0	0	0
2024-10-08 22:29:30	25.762097087999997	102.80121296	102.499916	1	0	0	0	0
2024-10-08 22:29:40	25.778486864	102.65684998	102.499916	1	0	0	0	0
2024-10-08 22:29:50	25.688526046	103.15717776	102.499916	1	0	0	0	0
2024-10-08 22:30:00	25.708729562	102.93497106000001	102.499916	1	0	0	0	0
2024-10-08 22:30:10	25.70197631	102.53460738000001	102.499916	1	0	0	0	0
2024-10-08 22:30:20	25.724952046153845	102.65840103846155	102.499916	1	0	0	0	0
2024-10-08 22:30:30	25.737031421999998	102.61411240000001	102.499916	1	0	0	0	0
2024-10-08 22:30:40	25.711446582	102.75963984	102.499916	1	0	0	0	0
2024-10-08 22:30:50	25.710792434000002	102.73570316	102.499916	1	0	0	0	0
2024-10-08 22:31:00	25.697614362	102.77610786	102.499916	1	0	0	0	0
2024-10-08 22:31:10	25.685494532	102.62183891999999	102.499916	1	0	0	0	0
2024-10-08 22:31:20	25.725852676923076	102.67107053846154	102.499916	1	0	0	0	0
2024-10-08 22:31:30	25.691452144	102.70735468	102.499916	1	0	0	0	0
2024-10-08 22:31:40	25.734171028	102.45483382	102.499916	1	0	0	0	0
2024-10-08 22:31:50	25.681467020000003	102.73667909999999	102.499916	1	0	0	0	0
2024-10-08 22:32:00	25.711103276000003	102.54523329999999	102.499916	1	0	0	0	0
2024-10-08 22:32:10	25.666995714	102.60216358000001	102.499916	1	0	0	0	0
2024-10-08 22:32:20	25.683102029166665	102.63335254166667	102.499916	1	0	0	0	0
2024-10-08 22:32:30	25.692956124	102.53977972	102.499916	1	0	0	0	0
2024-10-08 22:32:40	25.60841864117647	103.05196105882352	102.499916	1	0	0	0	0
2024-10-08 22:32:50	25.662155113999997	102.63318866	102.499916	1	0	0	0	0
2024-10-08 22:33:00	25.631759419607842	102.79073786274509	102.499916	1	0	0	0	0
2024-10-08 22:33:10	25.689431768000002	102.66981076	102.499916	1	0	0	0	0
2024-10-08 22:33:20	25.666901878846154	102.67328040384615	102.499916	1	0	0	0	0
2024-10-08 22:33:30	25.68307801	102.4307644	102.499916	1	0	0	0	0
2024-10-08 22:33:40	25.587831347058824	102.99023805882352	102.499916	1	0	0	0	0
2024-10-08 22:33:50	25.629840895999997	102.69805391999999	102.499916	1	0	0	0	0
2024-10-08 22:34:00	25.600431572	102.8447958	102.499916	1	0	0	0	0
2024-10-08 22:34:10	25.603788232	102.69801004	102.499916	1	0	0	0	0
2024-10-08 22:34:20	25.584392004	102.77069774	102.499916	1	0	0	0	0
2024-10-08 22:34:30	25.660353796	102.30439976	102.499916	1	0	0	0	0
2024-10-08 22:34:40	25.593389984	102.6756132	102.499916	1	0	0	0	0
2024-10-08 22:34:50	25.517030412	103.09083844	102.499916	1	0	0	0	0
2024-10-08 22:35:00	25.586036572	102.6867994	102.499916	1	0	0	0	0
2024-10-08 22:35:10	25.548532859999998	102.7759914	102.499916	1	0	0	0	0
2024-10-08 22:35:20	25.547327271153847	102.93853542307691	102.499916	1	0	0	0	0
2024-10-08 22:35:30	25.547891972	102.76533968	102.499916	1	0	0	0	0
2024-10-08 22:35:40	25.529180103999998	102.82160048	102.499916	1	0	0	0	0
2024-10-08 22:35:50	25.535015983999998	102.75693348	102.499916	1	0	0	0	0
2024-10-08 22:36:00	25.491731584	102.97060104	102.499916	1	0	0	0	0
2024-10-08 22:36:10	25.526504468000002	102.57132608	102.499916	1	0	0	0	0
2024-10-08 22:36:20	25.474801268627452	102.86013068627452	102.499916	1	0	0	0	0
2024-10-08 22:36:30	25.513841204000002	102.70216500000001	102.499916	1	0	0	0	0
2024-10-08 22:36:40	25.529916483999997	102.54906688	102.499916	1	0	0	0	0
2024-10-08 22:36:50	25.524699736	102.55400468	102.499916	1	0	0	0	0
2024-10-08 22:37:00	25.489544803999998	102.77837588000001	102.499916	1	0	0	0	0
2024-10-08 22:37:10	25.462356384	102.94145660000001	102.499916	1	0	0	0	0
2024-10-08 22:37:20	25.501174167307692	102.56187053846153	102.499916	1	0	0	0	0
2024-10-08 22:37:30	25.4568524	102.8259704	102.499916	1	0	0	0	0
2024-10-08 22:37:40	25.472442712000003	102.6472492	102.499916	1	0	0	0	0
2024-10-08 22:37:50	25.475153600000002	102.61885872	102.499916	1	0	0	0	0
2024-10-08 22:38:00	25.477342988	102.54839944000001	102.499916	1	0	0	0	0
2024-10-08 22:38:10	25.435456928	102.73826068000001	102.499916	1	0	0	0	0
2024-10-08 22:38:20	25.473980817391304	102.49148760869565	102.499916	1	0	0	0	0
2024-10-08 22:38:30	25.388513380000003	103.04777123999999	102.499916	1	0	0	0	0
2024-10-08 22:38:40	25.444873944	102.57611852000001	102.499916	1	0	0	0	0
2024-10-08 22:38:50	25.355142984	103.14313680000001	102.499916	1	0	0	0	0
2024-10-08 22:39:00	25.435884696	102.51524823999999	102.499916	1	0	0	0	0
2024-10-08 22:39:10	25.387800744	102.80285624	102.499916	1	0	0	0	0
2024-10-08 22:39:20	25.385448438461538	102.34593032692308	102.499916	1	0	0	0	0
2024-10-08 22:39:30	25.364727367999997	102.83511924000001	102.499916	1	0	0	0	0
2024-10-08 22:39:40	25.367260592	102.7298198	102.499916	1	0	0	0	0
2024-10-08 22:39:50	25.369257232	102.74443592	102.499916	1	0	0	0	0
2024-10-08 22:40:00	25.345321164	102.8979974	102.499916	1	0	0	0	0
2024-10-08 22:40:10	25.341566732	102.5026302	102.499916	1	0	0	0	0
2024-10-08 22:40:20	25.352166659615385	102.55397619230769	102.499916	1	0	0	0	0
2024-10-08 22:40:30	25.359123208	102.6021722	102.499916	1	0	0	0	0
2024-10-08 22:40:40	25.332108016	102.77439736	102.499916	1	0	0	0	0
2024-10-08 22:40:50	25.353263255999998	102.57973296	102.499916	1	0	0	0	0
2024-10-08 22:41:00	25.314772328	102.80956916	102.499916	1	0	0	0	0
2024-10-08 22:41:10	25.287425756	102.98544476	102.499916	1	0	0	0	0
2024-10-08 22:41:20	25.33839064047619	102.79477776190475	102.499916	1	0	0	0	0
2024-10-08 22:41:30	25.275900724	102.96240808	102.499916	1	0	0	0	0
2024-10-08 22:41:40	25.292437188	102.80686776	102.499916	1	0	0	0	0
2024-10-08 22:41:50	25.287664772000003	102.7955736	102.499916	1	0	0	0	0
2024-10-08 22:42:00	25.25354654	102.9908432	102.499916	1	0	0	0	0
2024-10-08 22:42:10	25.29632862	102.68792632	102.499916	1	0	0	0	0
2024-10-08 22:42:20	25.267837489361703	102.79494946808511	102.499916	1	0	0	0	0
2024-10-08 22:42:30	25.33031376	102.39978652	102.499916	1	0	0	0	0
2024-10-08 22:42:40	25.273511076000002	102.72067536	102.499916	1	0	0	0	0
2024-10-08 22:42:50	25.265628128	102.694597	102.499916	1	0	0	0	0
2024-10-08 22:43:00	25.336691736000002	102.24448628	102.499916	1	0	0	0	0
2024-10-08 22:43:10	25.24352432	102.66764764	102.499916	1	0	0	0	0
2024-10-08 22:43:20	25.24213629230769	102.80320876923076	102.499916	1	0	0	0	0
2024-10-08 22:43:30	25.25337756	102.63052152	102.499916	1	0	0	0	0
2024-10-08 22:43:40	25.262178144	102.56460059999999	102.499916	1	0	0	0	0
2024-10-08 22:43:50	25.212836392	102.82835024	102.499916	1	0	0	0	0
2024-10-08 22:44:00	25.259648503999998	102.48721476	102.499916	1	0	0	0	0
2024-10-08 22:44:10	25.235851304	102.58424188000001	102.499916	1	0	0	0	0
2024-10-08 22:44:20	25.23690098627451	102.55948594117648	102.499916	1	0	0	0	0
2024-10-08 22:44:30	25.166859472	102.9351466	102.499916	1	0	0	0	0
2024-10-08 22:44:40	25.151338616	102.99410436000001	102.499916	1	0	0	0	0
2024-10-08 22:44:50	25.193913335999998	102.60812048	102.499916	1	0	0	0	0
2024-10-08 22:45:00	25.124099016	103.05157068000001	102.499916	1	0	0	0	0
2024-10-08 22:45:10	25.168300136	102.75200848	102.499916	1	0	0	0	0
2024-10-08 22:45:20	25.17160544807692	102.69745040384615	102.499916	1	0	0	0	0
2024-10-08 22:45:30	25.112011612	103.00002356	102.499916	1	0	0	0	0
2024-10-08 22:45:40	25.125214464000003	102.86480200000001	102.499916	1	0	0	0	0
2024-10-08 22:45:50	25.127168540000003	102.77069168	102.499916	1	0	0	0	0
2024-10-08 22:46:00	25.124786096	102.77061836	102.499916	1	0	0	0	0
2024-10-08 22:46:10	25.111206136	102.43970707999999	102.499916	1	0	0	0	0
2024-10-08 22:46:20	25.066453128301887	102.94409018867924	102.499916	1	0	0	0	0
2024-10-08 22:46:30	25.088749384	102.77671232	102.499916	1	0	0	0	0
2024-10-08 22:46:40	25.140344612	102.42230076	102.499916	1	0	0	0	0
2024-10-08 22:46:50	25.133421076	102.41510548	102.499916	1	0	0	0	0
2024-10-08 22:47:00	25.051793404	102.93599528	102.499916	1	0	0	0	0
2024-10-08 22:47:10	25.081751768	102.49974208	102.499916	1	0	0	0	0
2024-10-08 22:47:20	25.031505879245284	102.90211018867925	102.499916	1	0	0	0	0
2024-10-08 22:47:30	25.026043868	102.89989456	102.499916	1	0	0	0	0
2024-10-08 22:47:40	25.036600852	102.81553872	102.499916	1	0	0	0	0
2024-10-08 22:47:50	25.021822552	102.80745748000001	102.499916	1	0	0	0	0
2024-10-08 22:48:00	25.042818572	102.65927288	102.499916	1	0	0	0	0
2024-10-08 22:48:10	24.9968736	102.95996604000001	102.499916	1	0	0	0	0
2024-10-08 22:48:20	25.000301380769233	102.78254013461539	102.499916	1	0	0	0	0
2024-10-08 22:48:30	25.036581556	102.57254104	102.499916	1	0	0	0	0
2024-10-08 22:48:40	24.991769772	102.80479164	102.499916	1	0	0	0	0
2024-10-08 22:48:50	24.963823988	102.89111632000001	102.499916	1	0	0	0	0
2024-10-08 22:49:00	24.992687368	102.65680264	102.499916	1	0	0	0	0
2024-10-08 22:49:10	24.934466496	102.69343908	102.499916	1	0	0	0	0
2024-10-08 22:49:20	24.9225107	102.94996893617022	102.499916	1	0	0	0	0
2024-10-08 22:49:30	24.945491912	102.77451496	102.499916	1	0	0	0	0
2024-10-08 22:49:40	24.954081591999998	102.63010116	102.499916	1	0	0	0	0
2024-10-08 22:49:50	24.95614592	102.621906	102.499916	1	0	0	0	0
2024-10-08 22:50:00	24.972210344	102.46621916000001	102.499916	1	0	0	0	0
2024-10-08 22:50:10	24.896894535999998	102.73825576	102.499916	1	0	0	0	0
2024-10-08 22:50:20	24.933722623255814	102.52344820930233	102.499916	1	0	0	0	0
2024-10-08 22:50:30	24.871738832	103.02935064	102.499916	1	0	0	0	0
2024-10-08 22:50:40	24.942949072	102.53093796	102.499916	1	0	0	0	0
2024-10-08 22:50:50	24.972626132000002	102.29896404	102.499916	1	0	0	0	0
2024-10-08 22:51:00	24.857694828	102.95844012	102.499916	1	0	0	0	0
2024-10-08 22:51:10	24.898058232	103.098254	102.499916	1	0	0	0	0
2024-10-08 22:51:20	24.86394718653846	102.8838208076923	102.499916	1	0	0	0	0
2024-10-08 22:51:30	24.867567823999998	102.74441284	102.499916	1	0	0	0	0
2024-10-08 22:51:40	24.845780431999998	102.84133336000001	102.499916	1	0	0	0	0
2024-10-08 22:51:50	24.913217648	102.39937904	102.499916	1	0	0	0	0
2024-10-08 22:52:00	24.821690252	102.9089888	102.499916	1	0	0	0	0
2024-10-08 22:52:10	24.804830276	103.11165028	102.499916	1	0	0	0	0
2024-10-08 22:52:20	24.819272065957446	102.74475561702127	102.499916	1	0	0	0	0
2024-10-08 22:52:30	24.808840972000002	102.73756116000001	102.499916	1	0	0	0	0
2024-10-08 22:52:40	24.803685712	102.75907860000001	102.499916	1	0	0	0	0
2024-10-08 22:52:50	24.775018512	102.87698823999999	102.499916	1	0	0	0	0
2024-10-08 22:53:00	24.731272348	103.12000504	102.499916	1	0	0	0	0
2024-10-08 22:53:10	24.778649568	102.76948684	102.499916	1	0	0	0	0
2024-10-08 22:53:20	24.845526843396225	102.5112647735849	102.499916	1	0	0	0	0
2024-10-08 22:53:30	24.779642864	102.77312216	102.499916	1	0	0	0	0
2024-10-08 22:53:40	24.799251932	102.50094792	102.499916	1	0	0	0	0
2024-10-08 22:53:50	24.787895755999998	102.59204888000001	102.499916	1	0	0	0	0
2024-10-08 22:54:00	24.726371528	102.9208826	102.499916	1	0	0	0	0
2024-10-08 22:54:10	24.745190156	102.72926471999999	102.499916	1	0	0	0	0
2024-10-08 22:54:20	24.727243832075473	102.7596062264151	102.499916	1	0	0	0	0
2024-10-08 22:54:30	24.666173232000002	103.08389808	102.499916	1	0	0	0	0
2024-10-08 22:54:40	24.694556992	102.88376744	102.499916	1	0	0	0	0
2024-10-08 22:54:50	24.695025299999998	102.82336316	102.499916	1	0	0	0	0
2024-10-08 22:55:00	24.66545014	102.94742115999999	102.499916	1	0	0	0	0
2024-10-08 22:55:10	24.735593936	102.62803472	102.499916	1	0	0	0	0
2024-10-08 22:55:20	24.66213991730769	102.77029051923077	102.499916	1	0	0	0	0
2024-10-08 22:55:30	24.69123222	102.64976984	102.499916	1	0	0	0	0
2024-10-08 22:55:40	24.689468616000003	102.6472702	102.499916	1	0	0	0	0
2024-10-08 22:55:50	24.58738434	103.16917452	102.499916	1	0	0	0	0
2024-10-08 22:56:00	24.648302972	102.76391392	102.499916	1	0	0	0	0
2024-10-08 22:56:10	24.671284484	102.7076464	102.499916	1	0	0	0	0
2024-10-08 22:56:20	24.642458181132074	102.63477658490565	102.499916	1	0	0	0	0
2024-10-08 22:56:30	24.644337800000002	102.678453	102.499916	1	0	0	0	0
2024-10-08 22:56:40	24.6441118	102.6812072	102.499916	1	0	0	0	0
2024-10-08 22:56:50	24.659875736	102.55271664	102.499916	1	0	0	0	0
2024-10-08 22:57:00	24.631321623999998	102.73110664	102.499916	1	0	0	0	0
2024-10-08 22:57:10	24.666655304000003	102.37597539999999	102.499916	1	0	0	0	0
2024-10-08 22:57:20	24.6664434	102.48622940425533	102.499916	1	0	0	0	0
2024-10-08 22:57:30	24.606774928	102.85718568	102.499916	1	0	0	0	0
2024-10-08 22:57:40	24.644838668000002	102.59286608000001	102.499916	1	0	0	0	0
2024-10-08 22:57:50	24.565004816	103.00828168	102.499916	1	0	0	0	0
2024-10-08 22:58:00	24.59756368	102.80776	102.499916	1	0	0	0	0
2024-10-08 22:58:10	24.564386392	102.91905984	102.499916	1	0	0	0	0
2024-10-08 22:58:20	24.573855	102.58513259259259	102.499916	1	0	0	0	0
2024-10-08 22:58:30	24.597170452	102.67626216	102.499916	1	0	0	0	0
2024-10-08 22:58:40	24.579672048	102.76646692	102.499916	1	0	0	0	0
2024-10-08 22:58:50	24.621633256	102.3910532	102.499916	1	0	0	0	0
2024-10-08 22:59:00	24.613250896	102.4469976	102.499916	1	0	0	0	0
2024-10-08 22:59:10	24.557729440000003	103.05939932	102.499916	1	0	0	0	0
2024-10-08 22:59:20	24.522086795454545	102.94397004545453	102.499916	1	0	0	0	0
2024-10-08 22:59:30	24.565194547999997	102.6673478	102.499916	1	0	0	0	0
2024-10-08 22:59:40	24.55415494	102.64782868	102.499916	1	0	0	0	0
2024-10-08 22:59:50	24.554120328	102.65869096	102.499916	1	0	0	0	0
2024-10-08 23:00:00	24.56174888	102.53429056	102.499916	1	0	0	0	0
2024-10-08 23:00:10	24.506054119999998	102.9759826	102.499916	1	0	0	0	0
2024-10-08 23:00:20	24.502249274468085	102.82068287234043	102.499916	1	0	0	0	0
2024-10-08 23:00:30	24.461564672	103.03731828	102.499916	1	0	0	0	0
2024-10-08 23:00:40	24.507414988	102.70262548000001	102.499916	1	0	0	0	0
2024-10-08 23:00:50	24.49442004	102.727884	102.499916	1	0	0	0	0
2024-10-08 23:01:00	24.502584404	102.628478	102.499916	1	0	0	0	0
2024-10-08 23:01:10	24.515746656	102.77241632	102.499916	1	0	0	0	0
2024-10-08 23:01:20	24.441195785106384	102.90224	102.499916	1	0	0	0	0
2024-10-08 23:01:30	24.428657408	102.90723948	102.499916	1	0	0	0	0
2024-10-08 23:01:40	24.455300668	102.7457684	102.499916	1	0	0	0	0
2024-10-08 23:01:50	24.453592832	102.71538079999999	102.499916	1	0	0	0	0
2024-10-08 23:02:00	24.3597636	103.28012776	102.499916	1	0	0	0	0
2024-10-08 23:02:10	24.452411996000002	102.553437	102.499916	1	0	0	0	0
2024-10-08 23:02:20	24.46195000576923	102.31583692307692	102.499916	1	0	0	0	0
2024-10-08 23:02:30	24.460411256	102.49837808000001	102.499916	1	0	0	0	0
2024-10-08 23:02:40	24.400221216	102.87257524	102.499916	1	0	0	0	0
2024-10-08 23:02:50	24.426089383999997	102.69585391999999	102.499916	1	0	0	0	0
2024-10-08 23:03:00	24.42206942	102.67718676	102.499916	1	0	0	0	0
2024-10-08 23:03:10	24.383244008	102.6250828	102.499916	1	0	0	0	0
2024-10-08 23:03:20	24.396486733333333	102.82010992857143	102.499916	1	0	0	0	0
2024-10-08 23:03:30	24.419689032	102.56174655999999	102.499916	1	0	0	0	0
2024-10-08 23:03:40	24.367533664	102.87970564000001	102.499916	1	0	0	0	0
2024-10-08 23:03:50	24.394051796	102.6073562	102.499916	1	0	0	0	0
2024-10-08 23:04:00	24.4006414	102.60055876	102.499916	1	0	0	0	0
2024-10-08 23:04:10	24.404637684	102.48966752	102.499916	1	0	0	0	0
2024-10-08 23:04:20	24.385694826190477	102.67709121428572	102.499916	1	0	0	0	0
2024-10-08 23:04:30	24.41154504	102.45565372	102.499916	1	0	0	0	0
2024-10-08 23:04:40	24.365536184	102.71434599999999	102.499916	1	0	0	0	0
2024-10-08 23:04:50	24.39611604	102.47228188	102.499916	1	0	0	0	0
2024-10-08 23:05:00	24.299386088	103.04361744	102.499916	1	0	0	0	0
2024-10-08 23:05:10	24.377667252000002	102.42429163999999	102.499916	1	0	0	0	0
2024-10-08 23:05:20	24.36289090638298	102.52099691489362	102.499916	1	0	0	0	0
2024-10-08 23:05:30	24.34538956	102.56191596	102.499916	1	0	0	0	0
2024-10-08 23:05:40	24.314542476	102.71630891999999	102.499916	1	0	0	0	0
2024-10-08 23:05:50	24.333987084	102.59456048	102.499916	1	0	0	0	0
2024-10-08 23:06:00	24.316226192000002	102.66830124	102.499916	1	0	0	0	0
2024-10-08 23:06:10	24.298834224	102.70616424	102.499916	1	0	0	0	0
2024-10-08 23:06:20	24.329337314814815	102.60184477777777	102.499916	1	0	0	0	0
2024-10-08 23:06:30	24.277543824	102.84860216	102.499916	1	0	0	0	0
2024-10-08 23:06:40	24.33250214	102.43963112	102.499916	1	0	0	0	0
2024-10-08 23:06:50	24.250730748	102.93951983999999	102.499916	1	0	0	0	0
2024-10-08 23:07:00	24.264571428	102.79057723999999	102.499916	1	0	0	0	0
2024-10-08 23:07:10	24.279675272	102.50275572	102.499916	1	0	0	0	0
2024-10-08 23:07:20	24.280582039622644	102.5554580754717	102.499916	1	0	0	0	0
2024-10-08 23:07:30	24.276432436	102.58810876	102.499916	1	0	0	0	0
2024-10-08 23:07:40	24.224920936	102.91199756	102.499916	1	0	0	0	0
2024-10-08 23:07:50	24.219347176	102.85838236000001	102.499916	1	0	0	0	0
2024-10-08 23:08:00	24.220101452	102.75147812	102.499916	1	0	0	0	0
2024-10-08 23:08:10	24.228003392	102.7714786	102.499916	1	0	0	0	0
2024-10-08 23:08:20	24.256388984615384	102.56305907692308	102.499916	1	0	0	0	0
2024-10-08 23:08:30	24.276135720000003	102.3150312	102.499916	1	0	0	0	0
2024-10-08 23:08:40	24.191700528	102.83014175999999	102.499916	1	0	0	0	0
2024-10-08 23:08:50	24.21081358	102.65501004000001	102.499916	1	0	0	0	0
2024-10-08 23:09:00	24.226364416	102.56296276	102.499916	1	0	0	0	0
2024-10-08 23:09:10	24.221696676	102.5690848	102.499916	1	0	0	0	0
2024-10-08 23:09:20	24.234424871698113	102.55296967924528	102.499916	1	0	0	0	0
2024-10-08 23:09:30	24.252730832	102.36104399999999	102.499916	1	0	0	0	0
2024-10-08 23:09:40	24.18190968	102.75103184	102.499916	1	0	0	0	0
2024-10-08 23:09:50	24.161011856	102.77800136	102.499916	1	0	0	0	0
2024-10-08 23:10:00	24.202178384	102.45317708	102.499916	1	0	0	0	0
2024-10-08 23:10:10	24.163592552	102.69927904	102.499916	1	0	0	0	0
2024-10-08 23:10:20	24.167790307547172	102.44655158490566	102.499916	1	0	0	0	0
2024-10-08 23:10:30	24.118802792	102.88229252000001	102.499916	1	0	0	0	0
2024-10-08 23:10:40	24.125733976	102.74220799999999	102.499916	1	0	0	0	0
2024-10-08 23:10:50	24.176666944	102.43795468	102.499916	1	0	0	0	0
2024-10-08 23:11:00	24.145427336	102.56972268	102.499916	1	0	0	0	0
2024-10-08 23:11:10	24.124169028	102.72696531999999	102.499916	1	0	0	0	0
2024-10-08 23:11:20	24.165576325531912	102.43291393617021	102.499916	1	0	0	0	0
2024-10-08 23:11:30	24.135495644	102.62153344	102.499916	1	0	0	0	0
2024-10-08 23:11:40	24.122968068	102.71964784000001	102.499916	1	0	0	0	0
2024-10-08 23:11:50	24.166132475999998	102.33573048	102.499916	1	0	0	0	0
2024-10-08 23:12:00	24.108744728	102.77650596	102.499916	1	0	0	0	0
2024-10-08 23:12:10	24.09676976	102.79597568	102.499916	1	0	0	0	0
2024-10-08 23:12:20	24.09885331698113	102.84366528301886	102.499916	1	0	0	0	0
2024-10-08 23:12:30	24.08907788	102.69366251999999	102.499916	1	0	0	0	0
2024-10-08 23:12:40	24.165438928	102.16941268000001	102.499916	1	0	0	0	0
2024-10-08 23:12:50	24.10901834	102.61222888	102.499916	1	0	0	0	0
2024-10-08 23:13:00	24.126127320000002	102.448081	102.499916	1	0	0	0	0
2024-10-08 23:13:10	24.14494946	102.59932088	102.499916	1	0	0	0	0
2024-10-08 23:13:20	24.04986259361702	102.95640695744682	102.499916	1	0	0	0	0
2024-10-08 23:13:30	24.042525368	102.8832194	102.499916	1	0	0	0	0
2024-10-08 23:13:40	24.102289476	102.51880744	102.499916	1	0	0	0	0
2024-10-08 23:13:50	24.080691599999998	102.61870628	102.499916	1	0	0	0	0
2024-10-08 23:14:00	24.097862432	102.442488	102.499916	1	0	0	0	0
2024-10-08 23:14:10	24.017724496000003	102.78718968000001	102.499916	1	0	0	0	0
2024-10-08 23:14:20	24.045143137037037	102.73885018518519	102.499916	1	0	0	0	0
2024-10-08 23:14:30	24.045997592	102.6962168	102.499916	1	0	0	0	0
2024-10-08 23:14:40	24.076514012	102.452452	102.499916	1	0	0	0	0
2024-10-08 23:14:50	24.0347027	102.71061467999999	102.499916	1	0	0	0	0
2024-10-08 23:15:00	24.032752656	102.67443524000001	102.499916	1	0	0	0	0
2024-10-08 23:15:10	24.033725316	102.77893272	102.499916	1	0	0	0	0
2024-10-08 23:15:20	23.98320023962264	102.72925501886793	102.499916	1	0	0	0	0
2024-10-08 23:15:30	24.018611492	102.64220895999999	102.499916	1	0	0	0	0
2024-10-08 23:15:40	23.971296016	102.90865056000001	102.499916	1	0	0	0	0
2024-10-08 23:15:50	23.982448492	102.80536464	102.499916	1	0	0	0	0
2024-10-08 23:16:00	23.9965419	102.64767608000001	102.499916	1	0	0	0	0
2024-10-08 23:16:10	24.011853159999998	102.56900772	102.499916	1	0	0	0	0
2024-10-08 23:16:20	23.959761896226414	102.77952445283019	102.499916	1	0	0	0	0
2024-10-08 23:16:30	23.972667976	102.71509096	102.499916	1	0	0	0	0
2024-10-08 23:16:40	24.039618504	102.28361552	102.499916	1	0	0	0	0
2024-10-08 23:16:50	23.982565568000002	102.6347152	102.499916	1	0	0	0	0
2024-10-08 23:17:00	23.946451384	102.80556764	102.499916	1	0	0	0	0
2024-10-08 23:17:10	23.942737392	102.76237928	102.499916	1	0	0	0	0
2024-10-08 23:17:20	23.97619062745098	102.72262637254902	102.499916	1	0	0	0	0
2024-10-08 23:17:30	23.992326772	102.3920652	102.499916	1	0	0	0	0
2024-10-08 23:17:40	23.996556931999997	102.41809456	102.499916	1	0	0	0	0
2024-10-08 23:17:50	23.959356879999998	102.643159	102.499916	1	0	0	0	0
2024-10-08 23:18:00	23.986584444000002	102.41326312	102.499916	1	0	0	0	0
2024-10-08 23:18:10	23.97902168	102.36813424	102.499916	1	0	0	0	0
2024-10-08 23:18:20	23.997943	102.47794269230769	102.499916	1	0	0	0	0
2024-10-08 23:18:30	23.952040632000003	102.69121892000001	102.499916	1	0	0	0	0
2024-10-08 23:18:40	23.975167656	102.59613032	102.499916	1	0	0	0	0
2024-10-08 23:18:50	23.998227172	102.43011972	102.499916	1	0	0	0	0
2024-10-08 23:19:00	23.99490276	102.47279464	102.499916	1	0	0	0	0
2024-10-08 23:19:10	23.936475312	102.67513079999999	102.499916	1	0	0	0	0
2024-10-08 23:19:20	24.023714473584906	102.06373026415093	102.499916	1	0	0	0	0
2024-10-08 23:19:30	24.03474934	102.2247582	102.499916	1	0	0	0	0
2024-10-08 23:19:40	24.032529655999998	102.23451776	102.499916	1	0	0	0	0
2024-10-08 23:19:50	23.982446876	102.5683884	102.499916	1	0	0	0	0
2024-10-08 23:20:00	24.011712804	102.33963608	102.499916	1	0	0	0	0
2024-10-08 23:20:10	24.046583816	102.08366867999999	102.499916	1	0	0	0	0
2024-10-08 23:20:20	24.02541421372549	102.37006401960785	102.499916	1	0	0	0	0
2024-10-08 23:20:30	24.015677692	102.38499856	102.499916	1	0	0	0	0
2024-10-08 23:20:40	24.006777564	102.43922724	102.499916	1	0	0	0	0
2024-10-08 23:20:50	23.941052364	102.8929202	102.499916	1	0	0	0	0
2024-10-08 23:21:00	23.953607544	102.82904568000001	102.499916	1	0	0	0	0
2024-10-08 23:21:10	23.969741176	102.51040536000001	102.499916	1	0	0	0	0
2024-10-08 23:21:20	23.965000128301888	102.60150530188679	102.499916	1	0	0	0	0
2024-10-08 23:21:30	23.972369252	102.59935644	102.499916	1	0	0	0	0
2024-10-08 23:21:40	23.9878202	102.51778044	102.499916	1	0	0	0	0
2024-10-08 23:21:50	23.984812304	102.53545600000001	102.499916	1	0	0	0	0
2024-10-08 23:22:00	23.987395808	102.54037244000001	102.499916	1	0	0	0	0
2024-10-08 23:22:10	24.00114448	102.2734168	102.499916	1	0	0	0	0
2024-10-08 23:22:20	23.974864728	102.51382272	102.499916	1	0	0	0	0
2024-10-08 23:22:30	23.970055600000002	102.64809736000001	102.499916	1	0	0	0	0
2024-10-08 23:22:40	24.046213792	102.19898456	102.499916	1	0	0	0	0
2024-10-08 23:22:50	24.00442854	102.46403788	102.499916	1	0	0	0	0
2024-10-08 23:23:00	23.989613172	102.47861352	102.499916	1	0	0	0	0
2024-10-08 23:23:10	24.007902052000002	102.66790752	102.499916	1	0	0	0	0
2024-10-08 23:23:20	24.02011914705882	102.34546856862745	102.499916	1	0	0	0	0
2024-10-08 23:23:30	23.992245728	102.59576104	102.499916	1	0	0	0	0
2024-10-08 23:23:40	23.975824071999998	102.68825695999999	102.499916	1	0	0	0	0
2024-10-08 23:23:50	24.04741736	102.21939492	102.499916	1	0	0	0	0
2024-10-08 23:24:00	24.00312056	102.55092856	102.499916	1	0	0	0	0
2024-10-08 23:24:10	24.026589736000002	102.17240684	102.499916	1	0	0	0	0
2024-10-08 23:24:20	24.00928263076923	102.57624707692308	102.499916	1	0	0	0	0
2024-10-08 23:24:30	23.988804248	102.607403	102.499916	1	0	0	0	0
2024-10-08 23:24:40	24.053999312000002	102.2000228	102.499916	1	0	0	0	0
2024-10-08 23:24:50	24.017036056000002	102.47941808	102.499916	1	0	0	0	0
2024-10-08 23:25:00	24.037153724	102.39089996	102.499916	1	0	0	0	0
2024-10-08 23:25:10	24.008804392	102.46131668	102.499916	1	0	0	0	0
2024-10-08 23:25:20	24.03409489056604	102.36178360377359	102.499916	1	0	0	0	0
2024-10-08 23:25:30	24.022365896	102.4697676	102.499916	1	0	0	0	0
2024-10-08 23:25:40	23.990838028	102.65229216	102.499916	1	0	0	0	0
2024-10-08 23:25:50	23.98370512	102.69594408	102.499916	1	0	0	0	0
2024-10-08 23:26:00	24.026118351999997	102.39909123999999	102.499916	1	0	0	0	0
2024-10-08 23:26:10	24.023302339999997	102.5968862	102.499916	1	0	0	0	0
2024-10-08 23:26:20	24.004341098039216	102.52184449019609	102.499916	1	0	0	0	0
2024-10-08 23:26:30	24.011798948	102.51896956	102.499916	1	0	0	0	0
2024-10-08 23:26:40	24.048061584000003	102.30953772	102.499916	1	0	0	0	0
2024-10-08 23:26:50	24.036156252	102.38733748	102.499916	1	0	0	0	0
2024-10-08 23:27:00	24.0468472	102.35707664	102.499916	1	0	0	0	0
2024-10-08 23:27:10	24.048327999999998	102.41879416	102.499916	1	0	0	0	0
2024-10-08 23:27:20	24.064536911764705	102.13070788235295	102.499916	1	0	0	0	0
2024-10-08 23:27:30	24.076977672	102.27138548	102.499916	1	0	0	0	0
2024-10-08 23:27:40	24.033703848000002	102.53903816	102.499916	1	0	0	0	0
2024-10-08 23:27:50	24.076777732	102.25186844000001	102.499916	1	0	0	0	0
2024-10-08 23:28:00	24.093213636	102.2334508	102.499916	1	0	0	0	0
2024-10-08 23:28:10	24.034634024	102.39891184	102.499916	1	0	0	0	0
2024-10-08 23:28:20	24.009769517307692	102.85977617307692	102.499916	1	0	0	0	0
2024-10-08 23:28:30	24.0645208	102.35721444	102.499916	1	0	0	0	0
2024-10-08 23:28:40	24.011170992	102.75186391999999	102.499916	1	0	0	0	0
2024-10-08 23:28:50	24.041848044	102.54818068	102.499916	1	0	0	0	0
2024-10-08 23:29:00	24.090520028	102.27940812	102.499916	1	0	0	0	0
2024-10-08 23:29:10	24.025044328	102.52561252	102.499916	1	0	0	0	0
2024-10-08 23:29:20	24.09465883207547	102.25896450943397	102.499916	1	0	0	0	0
2024-10-08 23:29:30	24.079087347999998	102.4656928	102.499916	1	0	0	0	0
2024-10-08 23:29:40	24.082380284	102.45511148	102.499916	1	0	0	0	0
2024-10-08 23:29:50	24.103137672	102.3114274	102.499916	1	0	0	0	0
2024-10-08 23:30:00	24.121666907999998	102.22330692	102.499916	1	0	0	0	0
2024-10-08 23:30:10	24.114089764	102.1636884	102.499916	1	0	0	0	0
2024-10-08 23:30:20	24.076671441176472	102.46600588235295	102.499916	1	0	0	0	0
2024-10-08 23:30:30	24.107676312000002	102.30978152	102.499916	1	0	0	0	0
2024-10-08 23:30:40	24.098985868	102.43302624	102.499916	1	0	0	0	0
2024-10-08 23:30:50	24.089864232	102.47213628	102.499916	1	0	0	0	0
2024-10-08 23:31:00	24.102010996	102.45261352	102.499916	1	0	0	0	0
2024-10-08 23:31:10	24.0808681	102.56439048	102.499916	1	0	0	0	0
2024-10-08 23:31:20	24.102900501960786	102.85290862745099	102.499916	1	0	0	0	0
2024-10-08 23:31:30	24.067489004	102.7059134	102.499916	1	0	0	0	0
2024-10-08 23:31:40	24.107560544	102.38835232	102.499916	1	0	0	0	0
2024-10-08 23:31:50	24.0908682	102.5253542	102.499916	1	0	0	0	0
2024-10-08 23:32:00	24.130314	102.30813372	102.499916	1	0	0	0	0
2024-10-08 23:32:10	24.091481004	102.64650859999999	102.499916	1	0	0	0	0
2024-10-08 23:32:20	24.105075461538462	102.51056653846155	102.499916	1	0	0	0	0
2024-10-08 23:32:30	24.049519944	102.80242024	102.499916	1	0	0	0	0
2024-10-08 23:32:40	24.105004528	102.45053228	102.499916	1	0	0	0	0
2024-10-08 23:32:50	24.102422236	102.45762864	102.499916	1	0	0	0	0
2024-10-08 23:33:00	24.133976752	102.25952084	102.499916	1	0	0	0	0
2024-10-08 23:33:10	24.096331608	102.45277368	102.499916	1	0	0	0	0
2024-10-08 23:33:20	24.10108140392157	102.81376076470589	102.499916	1	0	0	0	0
2024-10-08 23:33:30	24.072761488	102.54180436	102.499916	1	0	0	0	0
2024-10-08 23:33:40	24.050243752	102.7341732	102.499916	1	0	0	0	0
2024-10-08 23:33:50	24.112142648	102.39088292	102.499916	1	0	0	0	0
2024-10-08 23:34:00	24.136873140000002	102.24715516	102.499916	1	0	0	0	0
2024-10-08 23:34:10	24.109088272	102.43987208	102.499916	1	0	0	0	0
2024-10-08 23:34:20	24.10693546923077	102.65308284615385	102.499916	1	0	0	0	0
2024-10-08 23:34:30	24.163544912	102.18227892	102.499916	1	0	0	0	0
2024-10-08 23:34:40	24.115736432	102.51766171999999	102.499916	1	0	0	0	0
2024-10-08 23:34:50	24.09834352	102.57740804	102.499916	1	0	0	0	0
2024-10-08 23:35:00	24.114144732	102.49946776	102.499916	1	0	0	0	0
2024-10-08 23:35:10	24.172768811999997	102.33379864	102.499916	1	0	0	0	0
2024-10-08 23:35:20	24.15967180392157	102.48736407843137	102.499916	1	0	0	0	0
2024-10-08 23:35:30	24.10821072	102.66696796000001	102.499916	1	0	0	0	0
2024-10-08 23:35:40	24.06664384	102.93608616	102.499916	1	0	0	0	0
2024-10-08 23:35:50	24.167466336	102.57703072	102.499916	1	0	0	0	0
2024-10-08 23:36:00	24.114052072	102.59848116	102.499916	1	0	0	0	0
2024-10-08 23:36:10	24.177724892	102.30868284	102.499916	1	0	0	0	0
2024-10-08 23:36:20	24.15372174509804	102.61951515686275	102.499916	1	0	0	0	0
2024-10-08 23:36:30	24.148549544	102.45512104	102.499916	1	0	0	0	0
2024-10-08 23:36:40	24.148549544	102.45512104	102.499916	1	0	0	0	0
2024-10-08 23:36:50	24.175184488	102.26326028	102.499916	1	0	0	0	0
2024-10-08 23:37:00	24.176188996	102.33601764	102.499916	1	0	0	0	0
2024-10-08 23:37:10	24.161617323999998	102.34620564000001	102.499916	1	0	0	0	0
2024-10-08 23:37:20	24.158251868	102.46717199999999	102.499916	1	0	0	0	0
2024-10-08 23:37:30	24.142888984615382	102.38423738461539	102.499916	1	0	0	0	0
2024-10-08 23:37:40	24.134089704	102.52790036	102.499916	1	0	0	0	0
2024-10-08 23:37:50	24.129630168000002	102.59058651999999	102.499916	1	0	0	0	0
2024-10-08 23:38:00	24.139040504	102.53463392	102.499916	1	0	0	0	0
2024-10-08 23:38:10	24.152031212	102.48557048	102.499916	1	0	0	0	0
2024-10-08 23:38:20	24.103075604	102.5573146	102.499916	1	0	0	0	0
2024-10-08 23:38:30	24.098932611764706	102.94052305882353	102.499916	1	0	0	0	0
2024-10-08 23:38:40	24.144889104	102.56289319999999	102.499916	1	0	0	0	0
2024-10-08 23:38:50	24.176155764	102.26880776	102.499916	1	0	0	0	0
2024-10-08 23:39:00	24.063789412	102.97046784	102.499916	1	0	0	0	0
2024-10-08 23:39:10	24.179229628	102.2365068	102.499916	1	0	0	0	0
2024-10-08 23:39:20	24.103626888	102.50422832	102.499916	1	0	0	0	0
2024-10-08 23:39:30	24.17148703846154	102.356097	102.499916	1	0	0	0	0
2024-10-08 23:39:40	24.188556876	102.18204556	102.499916	1	0	0	0	0
2024-10-08 23:39:50	24.14912504	102.487859	102.499916	1	0	0	0	0
2024-10-08 23:40:00	24.161665504000002	102.47728952	102.499916	1	0	0	0	0
2024-10-08 23:40:10	24.189919264	102.25978112	102.499916	1	0	0	0	0
2024-10-08 23:40:20	24.1490004	102.66526032	102.499916	1	0	0	0	0
2024-10-08 23:40:30	24.162748318867923	102.3740889245283	102.499916	1	0	0	0	0
2024-10-08 23:40:40	24.169507848	102.41881128	102.499916	1	0	0	0	0
2024-10-08 23:40:50	24.139399916000002	102.55538848	102.499916	1	0	0	0	0
2024-10-08 23:41:00	24.14524344	102.56305016	102.499916	1	0	0	0	0
2024-10-08 23:41:10	24.130980264	102.64690704	102.499916	1	0	0	0	0
2024-10-08 23:41:20	24.141968312	102.5128618	102.499916	1	0	0	0	0
2024-10-08 23:41:30	24.163716980392156	102.52061611764707	102.499916	1	0	0	0	0
2024-10-08 23:41:40	24.125637152	102.70912784	102.499916	1	0	0	0	0
2024-10-08 23:41:50	24.178322728	102.38346448	102.499916	1	0	0	0	0
2024-10-08 23:42:00	24.217351056	102.16696628	102.499916	1	0	0	0	0
2024-10-08 23:42:10	24.171650932000002	102.49957372	102.499916	1	0	0	0	0
2024-10-08 23:42:20	24.155780275999998	102.61805792	102.499916	1	0	0	0	0
2024-10-08 23:42:30	24.16253611372549	102.42495411764705	102.499916	1	0	0	0	0
2024-10-08 23:42:40	24.130785023999998	102.71831116	102.499916	1	0	0	0	0
2024-10-08 23:42:50	24.168580996	102.43970676	102.499916	1	0	0	0	0
2024-10-08 23:43:00	24.191192432	102.2950266	102.499916	1	0	0	0	0
2024-10-08 23:43:10	24.178255224	102.41771707999999	102.499916	1	0	0	0	0
2024-10-08 23:43:20	24.166501648	102.62714268	102.499916	1	0	0	0	0
2024-10-08 23:43:30	24.19531871764706	102.33218537254902	102.499916	1	0	0	0	0
2024-10-08 23:43:40	24.145996856	102.64497467999999	102.499916	1	0	0	0	0
2024-10-08 23:43:50	24.13722942	102.63263547999999	102.499916	1	0	0	0	0
2024-10-08 23:44:00	24.209961812	102.22470232	102.499916	1	0	0	0	0
2024-10-08 23:44:10	24.179366928	102.41091408	102.499916	1	0	0	0	0
2024-10-08 23:44:20	24.129099319999998	102.84551791999999	102.499916	1	0	0	0	0
2024-10-08 23:44:30	24.167784923076923	102.11865353846154	102.499916	1	0	0	0	0
2024-10-08 23:44:40	24.20772792	102.25762076000001	102.499916	1	0	0	0	0
2024-10-08 23:44:50	24.187061428	102.42185984	102.499916	1	0	0	0	0
2024-10-08 23:45:00	24.179298	102.49090604	102.499916	1	0	0	0	0
2024-10-08 23:45:10	24.16996222	102.54778948	102.499916	1	0	0	0	0
2024-10-08 23:45:20	24.19783482	102.51607056	102.499916	1	0	0	0	0
2024-10-08 23:45:30	24.233445946153847	102.17964423076923	102.499916	1	0	0	0	0
2024-10-08 23:45:40	24.161294815999998	102.59082096	102.499916	1	0	0	0	0
2024-10-08 23:45:50	24.167298236	102.5088138	102.499916	1	0	0	0	0
2024-10-08 23:46:00	24.205300432	102.238307	102.499916	1	0	0	0	0
2024-10-08 23:46:10	24.157018620000002	102.61322000000001	102.499916	1	0	0	0	0
2024-10-08 23:46:20	24.176709168000002	102.50756524	102.499916	1	0	0	0	0
2024-10-08 23:46:30	24.168501188679247	102.48854713207547	102.499916	1	0	0	0	0
2024-10-08 23:46:40	24.202361516	102.32249296	102.499916	1	0	0	0	0
2024-10-08 23:46:50	24.175308712	102.56980224	102.499916	1	0	0	0	0
2024-10-08 23:47:00	24.246821716	102.09548476	102.499916	1	0	0	0	0
2024-10-08 23:47:10	24.24474176	102.1371812	102.499916	1	0	0	0	0
2024-10-08 23:47:20	24.219906936	102.38891408	102.499916	1	0	0	0	0
2024-10-08 23:47:30	24.197332107692308	102.47348376923077	102.499916	1	0	0	0	0
2024-10-08 23:47:40	24.22254528	102.35205656000001	102.499916	1	0	0	0	0
2024-10-08 23:47:50	24.162406416000003	102.68221072	102.499916	1	0	0	0	0
2024-10-08 23:48:00	24.251692788	102.14843412	102.499916	1	0	0	0	0
2024-10-08 23:48:10	24.257371115999998	102.14468816	102.499916	1	0	0	0	0
2024-10-08 23:48:20	24.080893615999997	102.99985496	102.499916	1	0	0	0	0
2024-10-08 23:48:30	24.230723223076925	102.3004554423077	102.499916	1	0	0	0	0
2024-10-08 23:48:40	24.244565656	102.11337624000001	102.499916	1	0	0	0	0
2024-10-08 23:48:50	24.225609723999998	102.4344812	102.499916	1	0	0	0	0
2024-10-08 23:49:00	24.245114068	102.30529064000001	102.499916	1	0	0	0	0
2024-10-08 23:49:10	24.239967724	102.32823808	102.499916	1	0	0	0	0
2024-10-08 23:49:20	24.238569656	102.24118344	102.499916	1	0	0	0	0
2024-10-08 23:49:30	24.245252007692308	102.24401876923076	102.499916	1	0	0	0	0
2024-10-08 23:49:40	24.193538696	102.6915408	102.499916	1	0	0	0	0
2024-10-08 23:49:50	24.213498428	102.5202022	102.499916	1	0	0	0	0
2024-10-08 23:50:00	24.215907559999998	102.5021232	102.499916	1	0	0	0	0
2024-10-08 23:50:10	24.268931587999997	102.13878496	102.499916	1	0	0	0	0
2024-10-08 23:50:20	24.18524012	102.7362992	102.499916	1	0	0	0	0
2024-10-08 23:50:30	24.255877423076925	102.36179076923077	102.499916	1	0	0	0	0
2024-10-08 23:50:40	24.222467436	102.42861056	102.499916	1	0	0	0	0
2024-10-08 23:50:50	24.214424276000003	102.49870628000001	102.499916	1	0	0	0	0
2024-10-08 23:51:00	24.183302104000003	102.67262731999999	102.499916	1	0	0	0	0
2024-10-08 23:51:10	24.236582	102.36120408	102.499916	1	0	0	0	0
2024-10-08 23:51:20	24.2596368	102.14416812	102.499916	1	0	0	0	0
2024-10-08 23:51:30	24.214916281132076	102.39919230188679	102.499916	1	0	0	0	0
2024-10-08 23:51:40	24.20286796	102.50560336000001	102.499916	1	0	0	0	0
2024-10-08 23:51:50	24.211069464	102.55531044	102.499916	1	0	0	0	0
2024-10-08 23:52:00	24.169623855999998	102.85791047999999	102.499916	1	0	0	0	0
2024-10-08 23:52:10	24.250314684	102.20088092	102.499916	1	0	0	0	0
2024-10-08 23:52:20	24.249366824	102.38488228	102.499916	1	0	0	0	0
2024-10-08 23:52:30	24.24745276923077	102.404819	102.499916	1	0	0	0	0
2024-10-08 23:52:40	24.243300284	102.51547892	102.499916	1	0	0	0	0
2024-10-08 23:52:50	24.210761584	102.572374	102.499916	1	0	0	0	0
2024-10-08 23:53:00	24.238939172000002	102.41790656	102.499916	1	0	0	0	0
2024-10-08 23:53:10	24.25825682	102.34726596	102.499916	1	0	0	0	0
2024-10-08 23:53:20	24.276171132	102.21901279999999	102.499916	1	0	0	0	0
2024-10-08 23:53:30	24.250913892307693	102.55381292307693	102.499916	1	0	0	0	0
2024-10-08 23:53:40	24.214977076	102.55200552000001	102.499916	1	0	0	0	0
2024-10-08 23:53:50	24.231994072000003	102.61067512	102.499916	1	0	0	0	0
2024-10-08 23:54:00	24.240732700000002	102.45169064	102.499916	1	0	0	0	0
2024-10-08 23:54:10	24.22843646	102.60784708	102.499916	1	0	0	0	0
2024-10-08 23:54:20	24.27058708	102.5056644	102.499916	1	0	0	0	0
2024-10-08 23:54:30	24.224993047058824	102.41319247058823	102.499916	1	0	0	0	0
2024-10-08 23:54:40	24.240660748	102.52310012	102.499916	1	0	0	0	0
2024-10-08 23:54:50	24.280349164	102.27983772	102.499916	1	0	0	0	0
2024-10-08 23:55:00	24.259032628	102.4519224	102.499916	1	0	0	0	0
2024-10-08 23:55:10	24.243931768	102.5789446	102.499916	1	0	0	0	0
2024-10-08 23:55:20	24.261411104	102.475385	102.499916	1	0	0	0	0
2024-10-08 23:55:30	24.28620956153846	102.37625492307693	102.499916	1	0	0	0	0
2024-10-08 23:55:40	24.310295616	102.1963626	102.499916	1	0	0	0	0
2024-10-08 23:55:50	24.213128288	102.80059844	102.499916	1	0	0	0	0
2024-10-08 23:56:00	24.256148544000002	102.54316952	102.499916	1	0	0	0	0
2024-10-08 23:56:10	24.256956388	102.51374456	102.499916	1	0	0	0	0
2024-10-08 23:56:20	24.215137312	102.61060624	102.499916	1	0	0	0	0
2024-10-08 23:56:30	24.215777303846153	102.63698203846154	102.499916	1	0	0	0	0
2024-10-08 23:56:40	24.299968992	102.07941256	102.499916	1	0	0	0	0
2024-10-08 23:56:50	24.205804039999997	102.76709244	102.499916	1	0	0	0	0
2024-10-08 23:57:00	24.246805652	102.54146596	102.499916	1	0	0	0	0
2024-10-08 23:57:10	24.308452128	102.17138188	102.499916	1	0	0	0	0
2024-10-08 23:57:20	24.280790248	102.16339212	102.499916	1	0	0	0	0
2024-10-08 23:57:30	24.269605846153848	102.69791961538462	102.499916	1	0	0	0	0
2024-10-08 23:57:40	24.260244871999998	101.9555318	102.499916	1	0	0	0	0
2024-10-08 23:57:50	24.2398722	102.7353688	102.499916	1	0	0	0	0
2024-10-08 23:58:00	24.299057256	102.30677024	102.499916	1	0	0	0	0
2024-10-08 23:58:10	24.2681672	102.54621639999999	102.499916	1	0	0	0	0
2024-10-08 23:58:20	24.262942384000002	102.61453784	102.499916	1	0	0	0	0
2024-10-08 23:58:30	24.314278724999998	102.33451276923077	102.499916	1	0	0	0	0
2024-10-08 23:58:40	24.237450904	102.78541935999999	102.499916	1	0	0	0	0
2024-10-08 23:58:50	24.257331036	102.64381904000001	102.499916	1	0	0	0	0
2024-10-08 23:59:00	24.278389088	102.49776028	102.499916	1	0	0	0	0
2024-10-08 23:59:10	24.291144076	102.42231488	102.499916	1	0	0	0	0
2024-10-08 23:59:20	24.268571180000002	102.265958	102.499916	1	0	0	0	0
2024-10-08 23:59:30	24.293064039622642	102.38771296226415	102.499916	1	0	0	0	0
2024-10-08 23:59:40	24.259706304	102.6230188	102.499916	1	0	0	0	0
2024-10-08 23:59:50	24.312666224	102.26360232	102.499916	1	0	0	0	0
2024-10-09 00:00:00	24.326807583999997	102.20608688	102.499916	1	0	0	0	0
