PROCESSDATA	2411AIC90201 Data	yyyy-MM-dd HH:mm:ss
8	10	2024-10-01 21:55:00	751
tagname	2411AIC90201.MV	2411AIC90201.PV	2411AIC90201.SV	2411AIC90201.MODE	bOpOFL	bPvOFL	bSpOFL	bAutOFL
desc	洗涤塔底循环泵P151入口_OP	洗涤塔底循环泵P151入口_PV	洗涤塔底循环泵P151入口_SP	Aut	bOpOFL	bPvOFL	bSpOFL	bAutOFL
fsMax=0.474340190044384	fsMin=0	fsGridNum=10	fdMax=0.474340190044384tfdMin=0	fdGridNum=10	v0GridNum=10	L=24
2024-10-01 21:55:00	1.8907209379999999	7.338116183	7.32369661	1	0	0	0	0
2024-10-01 21:55:10	1.89019287	7.339917007428571	7.32369661	1	0	0	0	0
2024-10-01 21:55:20	1.8894521800000001	7.342370608	7.32369661	1	0	0	0	0
2024-10-01 21:55:30	1.88891817475	7.341769552	7.32369661	1	0	0	0	0
2024-10-01 21:55:40	1.889569186	7.340076111111111	7.32369661	1	0	0	0	0
2024-10-01 21:55:50	1.8896130599999998	7.340289858	7.32369661	1	0	0	0	0
2024-10-01 21:56:00	1.889414606857143	7.338830142857143	7.32369661	1	0	0	0	0
2024-10-01 21:56:10	1.8900688352	7.3382570512	7.32369661	1	0	0	0	0
2024-10-01 21:56:20	1.8897216295918366	7.339869	7.32369661	1	0	0	0	0
2024-10-01 21:56:30	1.889300754	7.340149244	7.32369661	1	0	0	0	0
2024-10-01 21:56:40	1.889215331	7.3398978	7.32369661	1	0	0	0	0
2024-10-01 21:56:50	1.8892550259999998	7.339196300499999	7.32369661	1	0	0	0	0
2024-10-01 21:57:00	1.889227492	7.339210908	7.32369661	1	0	0	0	0
2024-10-01 21:57:10	1.88892972	7.339765457	7.32369661	1	0	0	0	0
2024-10-01 21:57:20	1.88871869	7.3401843428571425	7.32369661	1	0	0	0	0
2024-10-01 21:57:30	1.8884370694871795	7.340364662820512	7.32369661	1	0	0	0	0
2024-10-01 21:57:40	1.888589	7.340144106857143	7.32369661	1	0	0	0	0
2024-10-01 21:57:50	1.888271475	7.3402728315	7.32369661	1	0	0	0	0
2024-10-01 21:58:00	1.8881868817721519	7.339179351265823	7.32369661	1	0	0	0	0
2024-10-01 21:58:10	1.888424691707317	7.34067581707317	7.32369661	1	0	0	0	0
2024-10-01 21:58:20	1.887395325319149	7.34243053106383	7.32369661	1	0	0	0	0
2024-10-01 21:58:30	1.8870510932786886	7.342936218032786	7.32369661	1	0	0	0	0
2024-10-01 21:58:40	1.886633872285714	7.343463736	7.32369661	1	0	0	0	0
2024-10-01 21:58:50	1.886708168	7.342531378666666	7.32369661	1	0	0	0	0
2024-10-01 21:59:00	1.8868530183606558	7.342932672131148	7.32369661	1	0	0	0	0
2024-10-01 21:59:10	1.88613784	7.343902514285714	7.32369661	1	0	0	0	0
2024-10-01 21:59:20	1.88633732	7.342468800000001	7.32369661	1	0	0	0	0
2024-10-01 21:59:30	1.8866837746666667	7.3417394253333335	7.32369661	1	0	0	0	0
2024-10-01 21:59:40	1.8867814567647059	7.3416981354411766	7.32369661	1	0	0	0	0
2024-10-01 21:59:50	1.8861558399999998	7.343229184444445	7.32369661	1	0	0	0	0
2024-10-01 22:00:00	1.8860709806666667	7.34321628	7.32369661	1	0	0	0	0
2024-10-01 22:00:10	1.8857639596	7.3430463856	7.32369661	1	0	0	0	0
2024-10-01 22:00:20	1.8854529066666665	7.343393328333333	7.32369661	1	0	0	0	0
2024-10-01 22:00:30	1.885356474	7.343502569999999	7.32369661	1	0	0	0	0
2024-10-01 22:00:40	1.8854820336	7.3429392	7.32369661	1	0	0	0	0
2024-10-01 22:00:50	1.88546622	7.342762457142857	7.32369661	1	0	0	0	0
2024-10-01 22:01:00	1.885506165142857	7.342642365714285	7.32369661	1	0	0	0	0
2024-10-01 22:01:10	1.885561078271605	7.342067931481481	7.32369661	1	0	0	0	0
2024-10-01 22:01:20	1.8853602368	7.3417405360000005	7.32369661	1	0	0	0	0
2024-10-01 22:01:30	1.8854041428571429	7.342386122285714	7.32369661	1	0	0	0	0
2024-10-01 22:01:40	1.88429546	7.344880816	7.32369661	1	0	0	0	0
2024-10-01 22:01:50	1.8841225925	7.345392773	7.32369661	1	0	0	0	0
2024-10-01 22:02:00	1.8836503845	7.34380576575	7.32369661	1	0	0	0	0
2024-10-01 22:02:10	1.884087089	7.3437757323333335	7.32369661	1	0	0	0	0
2024-10-01 22:02:20	1.8839896619148935	7.343942017021277	7.32369661	1	0	0	0	0
2024-10-01 22:02:30	1.884104935	7.34355561775	7.32369661	1	0	0	0	0
2024-10-01 22:02:40	1.88417149	7.34197855	7.32369661	1	0	0	0	0
2024-10-01 22:02:50	1.884152626329114	7.343347571518987	7.32369661	1	0	0	0	0
2024-10-01 22:03:00	1.883706519	7.343560031	7.32369661	1	0	0	0	0
2024-10-01 22:03:10	1.88378275278481	7.343093292278481	7.32369661	1	0	0	0	0
2024-10-01 22:03:20	1.88362837	7.342330846470588	7.32369661	1	0	0	0	0
2024-10-01 22:03:30	1.8841973059259258	7.34129803037037	7.32369661	1	0	0	0	0
2024-10-01 22:03:40	1.88472092	7.33994964	7.32369661	1	0	0	0	0
2024-10-01 22:03:50	1.884614032	7.3403271000000005	7.32369661	1	0	0	0	0
2024-10-01 22:04:00	1.884213395142857	7.340341371428572	7.32369661	1	0	0	0	0
2024-10-01 22:04:10	1.883854034	7.3420644	7.32369661	1	0	0	0	0
2024-10-01 22:04:20	1.8833253552	7.3435215248	7.32369661	1	0	0	0	0
2024-10-01 22:04:30	1.8830753594285714	7.342949515428571	7.32369661	1	0	0	0	0
2024-10-01 22:04:40	1.8832630807843136	7.342633922941176	7.32369661	1	0	0	0	0
2024-10-01 22:04:50	1.882970058846154	7.342313692307692	7.32369661	1	0	0	0	0
2024-10-01 22:05:00	1.882939624197531	7.3425730424691364	7.32369661	1	0	0	0	0
2024-10-01 22:05:10	1.8826816667088608	7.342941745316455	7.32369661	1	0	0	0	0
2024-10-01 22:05:20	1.88238513	7.34396326625	7.32369661	1	0	0	0	0
2024-10-01 22:05:30	1.881967082	7.343261136	7.32369661	1	0	0	0	0
2024-10-01 22:05:40	1.88211942	7.343953291999999	7.32369661	1	0	0	0	0
2024-10-01 22:05:50	1.8816935253521128	7.343904812676056	7.32369661	1	0	0	0	0
2024-10-01 22:06:00	1.8813372754320987	7.345137203703703	7.32369661	1	0	0	0	0
2024-10-01 22:06:10	1.8810687046666668	7.345351508666667	7.32369661	1	0	0	0	0
2024-10-01 22:06:20	1.8808315113333334	7.345011012666667	7.32369661	1	0	0	0	0
2024-10-01 22:06:30	1.8812519726229509	7.344238540983606	7.32369661	1	0	0	0	0
2024-10-01 22:06:40	1.881137	7.34464422	7.32369661	1	0	0	0	0
2024-10-01 22:06:50	1.8804568312499998	7.34580708525	7.32369661	1	0	0	0	0
2024-10-01 22:07:00	1.8800062628571428	7.346289554857143	7.32369661	1	0	0	0	0
2024-10-01 22:07:10	1.879863915	7.34648452075	7.32369661	1	0	0	0	0
2024-10-01 22:07:20	1.8797602459550562	7.3452388833707865	7.32369661	1	0	0	0	0
2024-10-01 22:07:30	1.8801904960759495	7.345204513670886	7.32369661	1	0	0	0	0
2024-10-01 22:07:40	1.8803673625581396	7.343482860465117	7.32369661	1	0	0	0	0
2024-10-01 22:07:50	1.8804613840000002	7.3449048040000005	7.32369661	1	0	0	0	0
2024-10-01 22:08:00	1.879828686056338	7.344286577464789	7.32369661	1	0	0	0	0
2024-10-01 22:08:10	1.8804012689855072	7.343571144057971	7.32369661	1	0	0	0	0
2024-10-01 22:08:20	1.8805210474285714	7.343065859428571	7.32369661	1	0	0	0	0
2024-10-01 22:08:30	1.8802097005633802	7.34373924056338	7.32369661	1	0	0	0	0
2024-10-01 22:08:40	1.8795970804	7.3448315588	7.32369661	1	0	0	0	0
2024-10-01 22:08:50	1.8788231534285713	7.348358914285714	7.32369661	1	0	0	0	0
2024-10-01 22:09:00	1.8778428365	7.348954125	7.32369661	1	0	0	0	0
2024-10-01 22:09:10	1.87817987875	7.34627514625	7.32369661	1	0	0	0	0
2024-10-01 22:09:20	1.878813852	7.345200348	7.32369661	1	0	0	0	0
2024-10-01 22:09:30	1.8787372146666668	7.345563418666666	7.32369661	1	0	0	0	0
2024-10-01 22:09:40	1.8789195821052633	7.344105302456141	7.32369661	1	0	0	0	0
2024-10-01 22:09:50	1.8785789025714286	7.3449987142857145	7.32369661	1	0	0	0	0
2024-10-01 22:10:00	1.8779920020289855	7.347150460869566	7.32369661	1	0	0	0	0
2024-10-01 22:10:10	1.876830212173913	7.349755095652174	7.32369661	1	0	0	0	0
2024-10-01 22:10:20	1.8765011280000001	7.349176000857143	7.32369661	1	0	0	0	0
2024-10-01 22:10:30	1.87640793	7.3491693715	7.32369661	1	0	0	0	0
2024-10-01 22:10:40	1.8763557912	7.348897303999999	7.32369661	1	0	0	0	0
2024-10-01 22:10:50	1.876716	7.347574028333333	7.32369661	1	0	0	0	0
2024-10-01 22:11:00	1.8763571267999999	7.3483135844000005	7.32369661	1	0	0	0	0
2024-10-01 22:11:10	1.87589216	7.34936542075	7.32369661	1	0	0	0	0
2024-10-01 22:11:20	1.8755213650704226	7.3493274647887326	7.32369661	1	0	0	0	0
2024-10-01 22:11:30	1.875601071	7.34844946625	7.32369661	1	0	0	0	0
2024-10-01 22:11:40	1.8759876100000001	7.348163229	7.32369661	1	0	0	0	0
2024-10-01 22:11:50	1.8758771966666665	7.347705293333333	7.32369661	1	0	0	0	0
2024-10-01 22:12:00	1.8757935294366197	7.347497523943662	7.32369661	1	0	0	0	0
2024-10-01 22:12:10	1.8754916383673468	7.347976689795918	7.32369661	1	0	0	0	0
2024-10-01 22:12:20	1.8748625479661016	7.349199711864407	7.32369661	1	0	0	0	0
2024-10-01 22:12:30	1.87466127875	7.3497647635	7.32369661	1	0	0	0	0
2024-10-01 22:12:40	1.8742311871428572	7.350129626190476	7.32369661	1	0	0	0	0
2024-10-01 22:12:50	1.8742220982857143	7.349296694857142	7.32369661	1	0	0	0	0
2024-10-01 22:13:00	1.8747226	7.3480854	7.32369661	1	0	0	0	0
2024-10-01 22:13:10	1.8743655828571428	7.348888232	7.32369661	1	0	0	0	0
2024-10-01 22:13:20	1.8739179473611112	7.349891374166667	7.32369661	1	0	0	0	0
2024-10-01 22:13:30	1.873271000886076	7.350559392025317	7.32369661	1	0	0	0	0
2024-10-01 22:13:40	1.873252371690141	7.350518228028169	7.32369661	1	0	0	0	0
2024-10-01 22:13:50	1.873151189	7.35034552925	7.32369661	1	0	0	0	0
2024-10-01 22:14:00	1.873019536	7.350495488	7.32369661	1	0	0	0	0
2024-10-01 22:14:10	1.8729220419672132	7.3501506904918035	7.32369661	1	0	0	0	0
2024-10-01 22:14:20	1.8727146332	7.3504548208000005	7.32369661	1	0	0	0	0
2024-10-01 22:14:30	1.8729345780487805	7.348837780487805	7.32369661	1	0	0	0	0
2024-10-01 22:14:40	1.8729477641791046	7.3488450597014925	7.32369661	1	0	0	0	0
2024-10-01 22:14:50	1.8726876551851852	7.349390766049383	7.32369661	1	0	0	0	0
2024-10-01 22:15:00	1.8728658232	7.3485809664	7.32369661	1	0	0	0	0
2024-10-01 22:15:10	1.872760347792208	7.348947473766234	7.32369661	1	0	0	0	0
2024-10-01 22:15:20	1.8721969087323944	7.349341338028169	7.32369661	1	0	0	0	0
2024-10-01 22:15:30	1.8720681585	7.349468634	7.32369661	1	0	0	0	0
2024-10-01 22:15:40	1.87244451	7.348080769130435	7.32369661	1	0	0	0	0
2024-10-01 22:15:50	1.872441078	7.348144348	7.32369661	1	0	0	0	0
2024-10-01 22:16:00	1.871884944	7.349438816	7.32369661	1	0	0	0	0
2024-10-01 22:16:10	1.8715397106666667	7.349349624	7.32369661	1	0	0	0	0
2024-10-01 22:16:20	1.87134755	7.349547450784314	7.32369661	1	0	0	0	0
2024-10-01 22:16:30	1.8709234764044944	7.351227326966292	7.32369661	1	0	0	0	0
2024-10-01 22:16:40	1.8704129335211268	7.351847225915493	7.32369661	1	0	0	0	0
2024-10-01 22:16:50	1.8703131542168674	7.350947828915663	7.32369661	1	0	0	0	0
2024-10-01 22:17:00	1.8703267333333333	7.350686166666667	7.32369661	1	0	0	0	0
2024-10-01 22:17:10	1.870577554	7.34941883	7.32369661	1	0	0	0	0
2024-10-01 22:17:20	1.8705433142857144	7.348561608571429	7.32369661	1	0	0	0	0
2024-10-01 22:17:30	1.87047415	7.349258519	7.32369661	1	0	0	0	0
2024-10-01 22:17:40	1.86983418	7.350695228571429	7.32369661	1	0	0	0	0
2024-10-01 22:17:50	1.8696278093333334	7.350976475555555	7.32369661	1	0	0	0	0
2024-10-01 22:18:00	1.869487836	7.350083285714286	7.32369661	1	0	0	0	0
2024-10-01 22:18:10	1.8692832624	7.35067004	7.32369661	1	0	0	0	0
2024-10-01 22:18:20	1.86927867	7.35031418	7.32369661	1	0	0	0	0
2024-10-01 22:18:30	1.8689530677142856	7.3507885779999995	7.32369661	1	0	0	0	0
2024-10-01 22:18:40	1.868783286	7.350804904	7.32369661	1	0	0	0	0
2024-10-01 22:18:50	1.86923814	7.34914226826087	7.32369661	1	0	0	0	0
2024-10-01 22:19:00	1.8693097766129032	7.348221887096774	7.32369661	1	0	0	0	0
2024-10-01 22:19:10	1.869281031527778	7.347614972222223	7.32369661	1	0	0	0	0
2024-10-01 22:19:20	1.86920142	7.348884678	7.32369661	1	0	0	0	0
2024-10-01 22:19:30	1.8686444410144927	7.349835625507246	7.32369661	1	0	0	0	0
2024-10-01 22:19:40	1.8683748705633803	7.349598551830986	7.32369661	1	0	0	0	0
2024-10-01 22:19:50	1.86809881525	7.3500613615	7.32369661	1	0	0	0	0
2024-10-01 22:20:00	1.86763463875	7.351108735	7.32369661	1	0	0	0	0
2024-10-01 22:20:10	1.8671448694366197	7.351651686197183	7.32369661	1	0	0	0	0
2024-10-01 22:20:20	1.8674655668	7.3505436799999995	7.32369661	1	0	0	0	0
2024-10-01 22:20:30	1.867316401	7.349363327000001	7.32369661	1	0	0	0	0
2024-10-01 22:20:40	1.867798872	7.349129757333333	7.32369661	1	0	0	0	0
2024-10-01 22:20:50	1.86815369	7.347518171428572	7.32369661	1	0	0	0	0
2024-10-01 22:21:00	1.8680455531884057	7.3475912173913045	7.32369661	1	0	0	0	0
2024-10-01 22:21:10	1.867722917	7.348465257	7.32369661	1	0	0	0	0
2024-10-01 22:21:20	1.867136804	7.3492046756	7.32369661	1	0	0	0	0
2024-10-01 22:21:30	1.8668071657142857	7.350347	7.32369661	1	0	0	0	0
2024-10-01 22:21:40	1.8663306388235295	7.35044725882353	7.32369661	1	0	0	0	0
2024-10-01 22:21:50	1.86628362	7.3498360645	7.32369661	1	0	0	0	0
2024-10-01 22:22:00	1.8661726760000001	7.349636078	7.32369661	1	0	0	0	0
2024-10-01 22:22:10	1.866662160857143	7.348975264571428	7.32369661	1	0	0	0	0
2024-10-01 22:22:20	1.8662889616666667	7.34919818	7.32369661	1	0	0	0	0
2024-10-01 22:22:30	1.8662642624590162	7.349538407377049	7.32369661	1	0	0	0	0
2024-10-01 22:22:40	1.86589289	7.3502170399999995	7.32369661	1	0	0	0	0
2024-10-01 22:22:50	1.865466096	7.3499647999999995	7.32369661	1	0	0	0	0
2024-10-01 22:23:00	1.8652355072839506	7.350264013333333	7.32369661	1	0	0	0	0
2024-10-01 22:23:10	1.86527060425	7.3491272	7.32369661	1	0	0	0	0
2024-10-01 22:23:20	1.8655784976	7.3483262	7.32369661	1	0	0	0	0
2024-10-01 22:23:30	1.865571782	7.3484636000000005	7.32369661	1	0	0	0	0
2024-10-01 22:23:40	1.8652309120408164	7.34944767755102	7.32369661	1	0	0	0	0
2024-10-01 22:23:50	1.8645400171428572	7.3502523154285715	7.32369661	1	0	0	0	0
2024-10-01 22:24:00	1.86470985	7.350655777714286	7.32369661	1	0	0	0	0
2024-10-01 22:24:10	1.864240257704918	7.350612280983606	7.32369661	1	0	0	0	0
2024-10-01 22:24:20	1.864078	7.350355992195122	7.32369661	1	0	0	0	0
2024-10-01 22:24:30	1.8639272307692307	7.349805156923077	7.32369661	1	0	0	0	0
2024-10-01 22:24:40	1.8640247690243903	7.349586771951219	7.32369661	1	0	0	0	0
2024-10-01 22:24:50	1.8638626139999999	7.3502211	7.32369661	1	0	0	0	0
2024-10-01 22:25:00	1.8633988415492957	7.351054239436619	7.32369661	1	0	0	0	0
2024-10-01 22:25:10	1.8633201614606743	7.349597561797753	7.32369661	1	0	0	0	0
2024-10-01 22:25:20	1.8633590450000002	7.349620170800001	7.32369661	1	0	0	0	0
2024-10-01 22:25:30	1.86302519	7.3503517975	7.32369661	1	0	0	0	0
2024-10-01 22:25:40	1.8633333452941176	7.349504823529412	7.32369661	1	0	0	0	0
2024-10-01 22:25:50	1.86303666	7.3497419142857146	7.32369661	1	0	0	0	0
2024-10-01 22:26:00	1.8626738707317072	7.350163292682927	7.32369661	1	0	0	0	0
2024-10-01 22:26:10	1.86305058	7.34884728	7.32369661	1	0	0	0	0
2024-10-01 22:26:20	1.8628256626666666	7.349585268666667	7.32369661	1	0	0	0	0
2024-10-01 22:26:30	1.863289	7.347442071500001	7.32369661	1	0	0	0	0
2024-10-01 22:26:40	1.863363248	7.34751744	7.32369661	1	0	0	0	0
2024-10-01 22:26:50	1.86247838	7.348901067213115	7.32369661	1	0	0	0	0
2024-10-01 22:27:00	1.8624114855714287	7.347890725142857	7.32369661	1	0	0	0	0
2024-10-01 22:27:10	1.8627552936231884	7.347647454057971	7.32369661	1	0	0	0	0
2024-10-01 22:27:20	1.8629809194285714	7.346927340285714	7.32369661	1	0	0	0	0
2024-10-01 22:27:30	1.8624233782500001	7.347754932	7.32369661	1	0	0	0	0
2024-10-01 22:27:40	1.8620086972	7.3492131864	7.32369661	1	0	0	0	0
2024-10-01 22:27:50	1.8615212846478875	7.349646563943662	7.32369661	1	0	0	0	0
2024-10-01 22:28:00	1.86129456825	7.350539575	7.32369661	1	0	0	0	0
2024-10-01 22:28:10	1.860384074	7.351694201666667	7.32369661	1	0	0	0	0
2024-10-01 22:28:20	1.8601782702857144	7.351322614285714	7.32369661	1	0	0	0	0
2024-10-01 22:28:30	1.860626281	7.35003740725	7.32369661	1	0	0	0	0
2024-10-01 22:28:40	1.8606954488235294	7.348595042352941	7.32369661	1	0	0	0	0
2024-10-01 22:28:50	1.8612302226666668	7.347534933333333	7.32369661	1	0	0	0	0
2024-10-01 22:29:00	1.8611764524590164	7.347718085901639	7.32369661	1	0	0	0	0
2024-10-01 22:29:10	1.8609031616949152	7.34898602	7.32369661	1	0	0	0	0
2024-10-01 22:29:20	1.859808573	7.35049005	7.32369661	1	0	0	0	0
2024-10-01 22:29:30	1.860421520888889	7.348638377777778	7.32369661	1	0	0	0	0
2024-10-01 22:29:40	1.8605281056	7.3483460052	7.32369661	1	0	0	0	0
2024-10-01 22:29:50	1.8599270156962024	7.3489114455696205	7.32369661	1	0	0	0	0
2024-10-01 22:30:00	1.8598550554285715	7.349884541428572	7.32369661	1	0	0	0	0
2024-10-01 22:30:10	1.8599024247457627	7.34853285	7.32369661	1	0	0	0	0
2024-10-01 22:30:20	1.8596853697058824	7.347817657941176	7.32369661	1	0	0	0	0
2024-10-01 22:30:30	1.85990977	7.347640492151898	7.32369661	1	0	0	0	0
2024-10-01 22:30:40	1.8597992632	7.3477865604	7.32369661	1	0	0	0	0
2024-10-01 22:30:50	1.85950947	7.347985866666666	7.32369661	1	0	0	0	0
2024-10-01 22:31:00	1.8592973205882355	7.3481462941176465	7.32369661	1	0	0	0	0
2024-10-01 22:31:10	1.8586890848101265	7.349280280379747	7.32369661	1	0	0	0	0
2024-10-01 22:31:20	1.85863078	7.349128229354839	7.32369661	1	0	0	0	0
2024-10-01 22:31:30	1.8583694551219512	7.3502021850000006	7.32369661	1	0	0	0	0
2024-10-01 22:31:40	1.8578600128985507	7.350780235942029	7.32369661	1	0	0	0	0
2024-10-01 22:31:50	1.8580299806451612	7.349471774193549	7.32369661	1	0	0	0	0
2024-10-01 22:32:00	1.8582100229508196	7.3481339180327865	7.32369661	1	0	0	0	0
2024-10-01 22:32:10	1.858978423877551	7.346342546530612	7.32369661	1	0	0	0	0
2024-10-01 22:32:20	1.8593553044	7.345648278	7.32369661	1	0	0	0	0
2024-10-01 22:32:30	1.85888331775	7.347022175	7.32369661	1	0	0	0	0
2024-10-01 22:32:40	1.8583175696	7.346765904	7.32369661	1	0	0	0	0
2024-10-01 22:32:50	1.85800207	7.347668111935484	7.32369661	1	0	0	0	0
2024-10-01 22:33:00	1.8583364533333333	7.346572745	7.32369661	1	0	0	0	0
2024-10-01 22:33:10	1.85818481	7.346857175	7.32369661	1	0	0	0	0
2024-10-01 22:33:20	1.8577844253333333	7.348086705333333	7.32369661	1	0	0	0	0
2024-10-01 22:33:30	1.85717006275	7.348253984	7.32369661	1	0	0	0	0
2024-10-01 22:33:40	1.8574626326582278	7.3475566111392405	7.32369661	1	0	0	0	0
2024-10-01 22:33:50	1.8576097622222223	7.346670222222222	7.32369661	1	0	0	0	0
2024-10-01 22:34:00	1.8579537096666667	7.346680205999999	7.32369661	1	0	0	0	0
2024-10-01 22:34:10	1.8577029144	7.3457644	7.32369661	1	0	0	0	0
2024-10-01 22:34:20	1.8570480988	7.34805528	7.32369661	1	0	0	0	0
2024-10-01 22:34:30	1.8564546808450704	7.348369237887324	7.32369661	1	0	0	0	0
2024-10-01 22:34:40	1.856192743	7.348631000499999	7.32369661	1	0	0	0	0
2024-10-01 22:34:50	1.8559657738888888	7.347812174166666	7.32369661	1	0	0	0	0
2024-10-01 22:35:00	1.85604644	7.3484769396	7.32369661	1	0	0	0	0
2024-10-01 22:35:10	1.8561009880000001	7.3478266155	7.32369661	1	0	0	0	0
2024-10-01 22:35:20	1.856007318	7.3478952	7.32369661	1	0	0	0	0
2024-10-01 22:35:30	1.8557831625	7.348077	7.32369661	1	0	0	0	0
2024-10-01 22:35:40	1.8556215980000001	7.348337855333334	7.32369661	1	0	0	0	0
2024-10-01 22:35:50	1.85556006	7.347670268	7.32369661	1	0	0	0	0
2024-10-01 22:36:00	1.855511472	7.347473568000001	7.32369661	1	0	0	0	0
2024-10-01 22:36:10	1.856156268387097	7.345783297419355	7.32369661	1	0	0	0	0
2024-10-01 22:36:20	1.8562485808	7.3455728752	7.32369661	1	0	0	0	0
2024-10-01 22:36:30	1.8549909526666666	7.347993913333333	7.32369661	1	0	0	0	0
2024-10-01 22:36:40	1.854321809142857	7.350737547142857	7.32369661	1	0	0	0	0
2024-10-01 22:36:50	1.8533970245714286	7.3519050688571435	7.32369661	1	0	0	0	0
2024-10-01 22:37:00	1.85328782	7.35120392	7.32369661	1	0	0	0	0
2024-10-01 22:37:10	1.8536622274285715	7.3491627365714285	7.32369661	1	0	0	0	0
2024-10-01 22:37:20	1.8542890528	7.34803032	7.32369661	1	0	0	0	0
2024-10-01 22:37:30	1.8543939294936709	7.347455686455696	7.32369661	1	0	0	0	0
2024-10-01 22:37:40	1.85425534	7.3468702519999995	7.32369661	1	0	0	0	0
2024-10-01 22:37:50	1.854367074	7.347490567	7.32369661	1	0	0	0	0
2024-10-01 22:38:00	1.8537124485507246	7.347508596376811	7.32369661	1	0	0	0	0
2024-10-01 22:38:10	1.8534989063934426	7.348180001639344	7.32369661	1	0	0	0	0
2024-10-01 22:38:20	1.85329211	7.348517160714286	7.32369661	1	0	0	0	0
2024-10-01 22:38:30	1.8532536707407408	7.34890537037037	7.32369661	1	0	0	0	0
2024-10-01 22:38:40	1.853203653943662	7.3485749718309865	7.32369661	1	0	0	0	0
2024-10-01 22:38:50	1.8524050126582279	7.348900319367089	7.32369661	1	0	0	0	0
2024-10-01 22:39:00	1.8527788	7.3481577399999995	7.32369661	1	0	0	0	0
2024-10-01 22:39:10	1.8531103269230769	7.347161897435897	7.32369661	1	0	0	0	0
2024-10-01 22:39:20	1.8526527714285714	7.348263428571428	7.32369661	1	0	0	0	0
2024-10-01 22:39:30	1.8524095102941176	7.34998626	7.32369661	1	0	0	0	0
2024-10-01 22:39:40	1.851922796	7.3489857800000005	7.32369661	1	0	0	0	0
2024-10-01 22:39:50	1.852052931	7.3481724	7.32369661	1	0	0	0	0
2024-10-01 22:40:00	1.8523215317142856	7.347104885714286	7.32369661	1	0	0	0	0
2024-10-01 22:40:10	1.8527144713333334	7.346208317333333	7.32369661	1	0	0	0	0
2024-10-01 22:40:20	1.85247624	7.346442098297872	7.32369661	1	0	0	0	0
2024-10-01 22:40:30	1.852631227704918	7.345330070163934	7.32369661	1	0	0	0	0
2024-10-01 22:40:40	1.8527346388461539	7.345437384230769	7.32369661	1	0	0	0	0
2024-10-01 22:40:50	1.851923455978261	7.347077947934783	7.32369661	1	0	0	0	0
2024-10-01 22:41:00	1.85159791	7.347492514285714	7.32369661	1	0	0	0	0
2024-10-01 22:41:10	1.8513869874683544	7.348084632911393	7.32369661	1	0	0	0	0
2024-10-01 22:41:20	1.8510330414285714	7.347679481428572	7.32369661	1	0	0	0	0
2024-10-01 22:41:30	1.8510550564102564	7.347724660384616	7.32369661	1	0	0	0	0
2024-10-01 22:41:40	1.850929007	7.3489354644	7.32369661	1	0	0	0	0
2024-10-01 22:41:50	1.8500248567605635	7.348144779295775	7.32369661	1	0	0	0	0
2024-10-01 22:42:00	1.8511082876811595	7.346268768115942	7.32369661	1	0	0	0	0
2024-10-01 22:42:10	1.8516209397499999	7.34442145	7.32369661	1	0	0	0	0
2024-10-01 22:42:20	1.8513071583333334	7.345825595	7.32369661	1	0	0	0	0
2024-10-01 22:42:30	1.8509896106557377	7.3469669450819675	7.32369661	1	0	0	0	0
2024-10-01 22:42:40	1.850529	7.3465758872	7.32369661	1	0	0	0	0
2024-10-01 22:42:50	1.8505805057777778	7.346578564444445	7.32369661	1	0	0	0	0
2024-10-01 22:43:00	1.8502714976	7.347470492	7.32369661	1	0	0	0	0
2024-10-01 22:43:10	1.8495029232394367	7.348312028169014	7.32369661	1	0	0	0	0
2024-10-01 22:43:20	1.8495121006666666	7.347869178666667	7.32369661	1	0	0	0	0
2024-10-01 22:43:30	1.8498573205714286	7.344907942857143	7.32369661	1	0	0	0	0
2024-10-01 22:43:40	1.85018759	7.344882868	7.32369661	1	0	0	0	0
2024-10-01 22:43:50	1.850026457887324	7.346128788732394	7.32369661	1	0	0	0	0
2024-10-01 22:44:00	1.8496467098571427	7.3476475638571435	7.32369661	1	0	0	0	0
2024-10-01 22:44:10	1.8493579452459017	7.346821803934426	7.32369661	1	0	0	0	0
2024-10-01 22:44:20	1.8493853348	7.34697892	7.32369661	1	0	0	0	0
2024-10-01 22:44:30	1.8487514415000001	7.34773682575	7.32369661	1	0	0	0	0
2024-10-01 22:44:40	1.84843814	7.3484849388	7.32369661	1	0	0	0	0
2024-10-01 22:44:50	1.848008141147541	7.349219081967213	7.32369661	1	0	0	0	0
2024-10-01 22:45:00	1.8484218450704224	7.346625943661971	7.32369661	1	0	0	0	0
2024-10-01 22:45:10	1.848777848695652	7.345617942028985	7.32369661	1	0	0	0	0
2024-10-01 22:45:20	1.84892476	7.345649802816902	7.32369661	1	0	0	0	0
2024-10-01 22:45:30	1.8487865285	7.34595007975	7.32369661	1	0	0	0	0
2024-10-01 22:45:40	1.84821832	7.346890556122449	7.32369661	1	0	0	0	0
2024-10-01 22:45:50	1.8481982803703705	7.346120724444444	7.32369661	1	0	0	0	0
2024-10-01 22:46:00	1.8486414913559321	7.3442895779661015	7.32369661	1	0	0	0	0
2024-10-01 22:46:10	1.8484445833333334	7.345202184444445	7.32369661	1	0	0	0	0
2024-10-01 22:46:20	1.8478771126086957	7.347372383913044	7.32369661	1	0	0	0	0
2024-10-01 22:46:30	1.8475284930555556	7.3471980199999996	7.32369661	1	0	0	0	0
2024-10-01 22:46:40	1.84772825	7.345662405964912	7.32369661	1	0	0	0	0
2024-10-01 22:46:50	1.8479011333802817	7.34483138	7.32369661	1	0	0	0	0
2024-10-01 22:47:00	1.8476803203658536	7.346195701707317	7.32369661	1	0	0	0	0
2024-10-01 22:47:10	1.8474536178481011	7.346140286202531	7.32369661	1	0	0	0	0
2024-10-01 22:47:20	1.8471285760869565	7.346494786521739	7.32369661	1	0	0	0	0
2024-10-01 22:47:30	1.8468773957142857	7.346221854	7.32369661	1	0	0	0	0
2024-10-01 22:47:40	1.8469989053333333	7.346056592666667	7.32369661	1	0	0	0	0
2024-10-01 22:47:50	1.84721048	7.34517065	7.32369661	1	0	0	0	0
2024-10-01 22:48:00	1.8469387722857142	7.346281572857143	7.32369661	1	0	0	0	0
2024-10-01 22:48:10	1.8464012619999999	7.3469113340000005	7.32369661	1	0	0	0	0
2024-10-01 22:48:20	1.846208792352941	7.348062067647059	7.32369661	1	0	0	0	0
2024-10-01 22:48:30	1.8454265774285714	7.3485881008571425	7.32369661	1	0	0	0	0
2024-10-01 22:48:40	1.8455287196	7.3481017906	7.32369661	1	0	0	0	0
2024-10-01 22:48:50	1.8454856163380282	7.347524037183098	7.32369661	1	0	0	0	0
2024-10-01 22:49:00	1.8453718925862068	7.346765333448276	7.32369661	1	0	0	0	0
2024-10-01 22:49:10	1.8453366003658538	7.347256384634146	7.32369661	1	0	0	0	0
2024-10-01 22:49:20	1.845615067826087	7.345964790724637	7.32369661	1	0	0	0	0
2024-10-01 22:49:30	1.8455813074157303	7.346060224719101	7.32369661	1	0	0	0	0
2024-10-01 22:49:40	1.845463119387755	7.3465872481632655	7.32369661	1	0	0	0	0
2024-10-01 22:49:50	1.8443692865822785	7.3485177497468355	7.32369661	1	0	0	0	0
2024-10-01 22:50:00	1.8440076417142859	7.349589644571428	7.32369661	1	0	0	0	0
2024-10-01 22:50:10	1.8442053213333334	7.348067666666666	7.32369661	1	0	0	0	0
2024-10-01 22:50:20	1.844311476862745	7.3473683427450975	7.32369661	1	0	0	0	0
2024-10-01 22:50:30	1.8446754270786518	7.345845057752809	7.32369661	1	0	0	0	0
2024-10-01 22:50:40	1.8448592833333333	7.3452882693333335	7.32369661	1	0	0	0	0
2024-10-01 22:50:50	1.84482932	7.345327529344263	7.32369661	1	0	0	0	0
2024-10-01 22:51:00	1.8449018204	7.345389704	7.32369661	1	0	0	0	0
2024-10-01 22:51:10	1.8443490536708862	7.34575387835443	7.32369661	1	0	0	0	0
2024-10-01 22:51:20	1.84393084	7.347277823114754	7.32369661	1	0	0	0	0
2024-10-01 22:51:30	1.8434773971830987	7.347280549295775	7.32369661	1	0	0	0	0
2024-10-01 22:51:40	1.8432081973333332	7.347540259333334	7.32369661	1	0	0	0	0
2024-10-01 22:51:50	1.8431862713793103	7.347315827586207	7.32369661	1	0	0	0	0
2024-10-01 22:52:00	1.84322751	7.347363796000001	7.32369661	1	0	0	0	0
2024-10-01 22:52:10	1.8433561106666667	7.345937433333333	7.32369661	1	0	0	0	0
2024-10-01 22:52:20	1.84287143	7.347666934	7.32369661	1	0	0	0	0
2024-10-01 22:52:30	1.842423160786517	7.348824741011236	7.32369661	1	0	0	0	0
2024-10-01 22:52:40	1.8420680816	7.3483825523999995	7.32369661	1	0	0	0	0
2024-10-01 22:52:50	1.84259486	7.347028375428572	7.32369661	1	0	0	0	0
2024-10-01 22:53:00	1.84264926	7.346484068	7.32369661	1	0	0	0	0
2024-10-01 22:53:10	1.84269664	7.346288682	7.32369661	1	0	0	0	0
2024-10-01 22:53:20	1.8424794091428571	7.346397782857143	7.32369661	1	0	0	0	0
2024-10-01 22:53:30	1.8420806264444445	7.346980557555556	7.32369661	1	0	0	0	0
2024-10-01 22:53:40	1.84180844	7.347602961020408	7.32369661	1	0	0	0	0
2024-10-01 22:53:50	1.8416147638028169	7.3467028870422535	7.32369661	1	0	0	0	0
2024-10-01 22:54:00	1.8419592446666666	7.346105877333334	7.32369661	1	0	0	0	0
2024-10-01 22:54:10	1.84203207	7.346144265714286	7.32369661	1	0	0	0	0
2024-10-01 22:54:20	1.8417326316666667	7.346739671333333	7.32369661	1	0	0	0	0
2024-10-01 22:54:30	1.8415064789010989	7.347829628241758	7.32369661	1	0	0	0	0
2024-10-01 22:54:40	1.840965152	7.346951548	7.32369661	1	0	0	0	0
2024-10-01 22:54:50	1.8409418177142856	7.34765258	7.32369661	1	0	0	0	0
2024-10-01 22:55:00	1.8405591173469387	7.349824571020409	7.32369661	1	0	0	0	0
2024-10-01 22:55:10	1.839236501	7.3511212409999995	7.32369661	1	0	0	0	0
2024-10-01 22:55:20	1.8395256	7.349597456	7.32369661	1	0	0	0	0
2024-10-01 22:55:30	1.839854834	7.348706674	7.32369661	1	0	0	0	0
2024-10-01 22:55:40	1.8399657101694915	7.347459441525424	7.32369661	1	0	0	0	0
2024-10-01 22:55:50	1.8400032666666666	7.348024211851852	7.32369661	1	0	0	0	0
2024-10-01 22:56:00	1.8396368	7.348223279591837	7.32369661	1	0	0	0	0
2024-10-01 22:56:10	1.8396305036	7.3473221532	7.32369661	1	0	0	0	0
2024-10-01 22:56:20	1.8399104181034482	7.346194430172414	7.32369661	1	0	0	0	0
2024-10-01 22:56:30	1.8400358686813187	7.34680592021978	7.32369661	1	0	0	0	0
2024-10-01 22:56:40	1.839675841234568	7.346982519506173	7.32369661	1	0	0	0	0
2024-10-01 22:56:50	1.8400433130434783	7.346054653478261	7.32369661	1	0	0	0	0
2024-10-01 22:57:00	1.840128966153846	7.345502904423077	7.32369661	1	0	0	0	0
2024-10-01 22:57:10	1.8396447929577464	7.346248394366198	7.32369661	1	0	0	0	0
2024-10-01 22:57:20	1.8391844	7.347477459508196	7.32369661	1	0	0	0	0
2024-10-01 22:57:30	1.8386164085714285	7.3482471714285715	7.32369661	1	0	0	0	0
2024-10-01 22:57:40	1.8382902594285715	7.3482534	7.32369661	1	0	0	0	0
2024-10-01 22:57:50	1.8385228513483145	7.347159728314606	7.32369661	1	0	0	0	0
2024-10-01 22:58:00	1.8387831224	7.34661592	7.32369661	1	0	0	0	0
2024-10-01 22:58:10	1.8385363214285713	7.347508057142857	7.32369661	1	0	0	0	0
2024-10-01 22:58:20	1.8385429221276595	7.346694744680851	7.32369661	1	0	0	0	0
2024-10-01 22:58:30	1.83909249	7.34558429164557	7.32369661	1	0	0	0	0
2024-10-01 22:58:40	1.8388275173239437	7.34647382859155	7.32369661	1	0	0	0	0
2024-10-01 22:58:50	1.8378360163380283	7.347090203380282	7.32369661	1	0	0	0	0
2024-10-01 22:59:00	1.83756351	7.347736502352941	7.32369661	1	0	0	0	0
2024-10-01 22:59:10	1.8376859996202533	7.3476554746835445	7.32369661	1	0	0	0	0
2024-10-01 22:59:20	1.8374583720000002	7.34720556	7.32369661	1	0	0	0	0
2024-10-01 22:59:30	1.837640855949367	7.345745714936709	7.32369661	1	0	0	0	0
2024-10-01 22:59:40	1.8378355906666666	7.345432898666667	7.32369661	1	0	0	0	0
2024-10-01 22:59:50	1.8379302149999999	7.3454201999999995	7.32369661	1	0	0	0	0
2024-10-01 23:00:00	1.8378319597142856	7.345690573714286	7.32369661	1	0	0	0	0
2024-10-01 23:00:10	1.837319014285714	7.346596266666666	7.32369661	1	0	0	0	0
2024-10-01 23:00:20	1.8371566361702127	7.345652892978723	7.32369661	1	0	0	0	0
2024-10-01 23:00:30	1.8377889666292135	7.344746470674157	7.32369661	1	0	0	0	0
2024-10-01 23:00:40	1.837589234084507	7.345088839577465	7.32369661	1	0	0	0	0
2024-10-01 23:00:50	1.8369321877777778	7.346162024444445	7.32369661	1	0	0	0	0
2024-10-01 23:01:00	1.8367127834177217	7.346302202531645	7.32369661	1	0	0	0	0
2024-10-01 23:01:10	1.83659947	7.34565490175	7.32369661	1	0	0	0	0
2024-10-01 23:01:20	1.83659947	7.34565490175	7.32369661	1	0	0	0	0
2024-10-01 23:01:30	1.8362160228571427	7.346227519714286	7.32369661	1	0	0	0	0
2024-10-01 23:01:40	1.836387	7.345875605409836	7.32369661	1	0	0	0	0
2024-10-01 23:01:50	1.8360367085	7.3473300905	7.32369661	1	0	0	0	0
2024-10-01 23:02:00	1.8360367085	7.3473300905	7.32369661	1	0	0	0	0
2024-10-01 23:02:10	1.8344725926829268	7.3504660202439025	7.32369661	1	0	0	0	0
2024-10-01 23:02:20	1.834568060638298	7.349814495319149	7.32369661	1	0	0	0	0
2024-10-01 23:02:30	1.834792326	7.3476227	7.32369661	1	0	0	0	0
2024-10-01 23:02:40	1.8347747428571428	7.347412303714285	7.32369661	1	0	0	0	0
2024-10-01 23:02:50	1.83419138925	7.34906129825	7.32369661	1	0	0	0	0
2024-10-01 23:03:00	1.833815524347826	7.348409687101449	7.32369661	1	0	0	0	0
2024-10-01 23:03:10	1.833815524347826	7.348409687101449	7.32369661	1	0	0	0	0
2024-10-01 23:03:20	1.834349971632653	7.3472542857142855	7.32369661	1	0	0	0	0
2024-10-01 23:03:30	1.8343214930985916	7.3477726197183095	7.32369661	1	0	0	0	0
2024-10-01 23:03:40	1.8340266378688526	7.348086202131148	7.32369661	1	0	0	0	0
2024-10-01 23:03:50	1.833698478	7.3485068579999995	7.32369661	1	0	0	0	0
2024-10-01 23:04:00	1.8333583274285714	7.348874554571428	7.32369661	1	0	0	0	0
2024-10-01 23:04:10	1.8333719830000001	7.34854125	7.32369661	1	0	0	0	0
2024-10-01 23:04:20	1.83341084	7.34653892	7.32369661	1	0	0	0	0
2024-10-01 23:04:30	1.833919583	7.3465104	7.32369661	1	0	0	0	0
2024-10-01 23:04:40	1.8332338385714286	7.347876762619047	7.32369661	1	0	0	0	0
2024-10-01 23:04:50	1.8325003398765431	7.349011844938271	7.32369661	1	0	0	0	0
2024-10-01 23:05:00	1.83234036	7.348825578474576	7.32369661	1	0	0	0	0
2024-10-01 23:05:10	1.8325408197777777	7.3476355142222225	7.32369661	1	0	0	0	0
2024-10-01 23:05:20	1.8331346308	7.3464113904	7.32369661	1	0	0	0	0
2024-10-01 23:05:30	1.8331586842857144	7.345887298285715	7.32369661	1	0	0	0	0
2024-10-01 23:05:40	1.8332071072	7.3453267656	7.32369661	1	0	0	0	0
2024-10-01 23:05:50	1.83307749175	7.345558488	7.32369661	1	0	0	0	0
2024-10-01 23:06:00	1.83265734	7.347478390857143	7.32369661	1	0	0	0	0
2024-10-01 23:06:10	1.8321554966666667	7.348548428	7.32369661	1	0	0	0	0
2024-10-01 23:06:20	1.831410225	7.349509955	7.32369661	1	0	0	0	0
2024-10-01 23:06:30	1.8310171916666667	7.348673185333333	7.32369661	1	0	0	0	0
2024-10-01 23:06:40	1.83122575	7.348902	7.32369661	1	0	0	0	0
2024-10-01 23:06:50	1.830534265915493	7.350696845774649	7.32369661	1	0	0	0	0
2024-10-01 23:07:00	1.8305458086666666	7.349536144	7.32369661	1	0	0	0	0
2024-10-01 23:07:10	1.830339	7.350040401999999	7.32369661	1	0	0	0	0
2024-10-01 23:07:20	1.8302569154929575	7.349031436619718	7.32369661	1	0	0	0	0
2024-10-01 23:07:30	1.830753165063291	7.347458366329114	7.32369661	1	0	0	0	0
2024-10-01 23:07:40	1.83098614	7.346952358333334	7.32369661	1	0	0	0	0
2024-10-01 23:07:50	1.8308668633333334	7.3467888750000006	7.32369661	1	0	0	0	0
2024-10-01 23:08:00	1.8312937220338983	7.34579463338983	7.32369661	1	0	0	0	0
2024-10-01 23:08:10	1.8311495835294118	7.3460297041176466	7.32369661	1	0	0	0	0
2024-10-01 23:08:20	1.8312137273913045	7.34520544347826	7.32369661	1	0	0	0	0
2024-10-01 23:08:30	1.83109629	7.345949263943662	7.32369661	1	0	0	0	0
2024-10-01 23:08:40	1.8302725644	7.3481277084	7.32369661	1	0	0	0	0
2024-10-01 23:08:50	1.8293604385714286	7.349229814	7.32369661	1	0	0	0	0
2024-10-01 23:09:00	1.829211	7.348853014084507	7.32369661	1	0	0	0	0
2024-10-01 23:09:10	1.82935595	7.3474919035	7.32369661	1	0	0	0	0
2024-10-01 23:09:20	1.8296451046835442	7.3462925981012654	7.32369661	1	0	0	0	0
2024-10-01 23:09:30	1.8299184866197185	7.345268542535211	7.32369661	1	0	0	0	0
2024-10-01 23:09:40	1.82922912	7.347353985882353	7.32369661	1	0	0	0	0
2024-10-01 23:09:50	1.828811404	7.348705772571429	7.32369661	1	0	0	0	0
2024-10-01 23:10:00	1.8286857893333333	7.348476213666666	7.32369661	1	0	0	0	0
2024-10-01 23:10:10	1.8283971065	7.34862417275	7.32369661	1	0	0	0	0
2024-10-01 23:10:20	1.828366944	7.3484228	7.32369661	1	0	0	0	0
2024-10-01 23:10:30	1.828470816	7.348443804571429	7.32369661	1	0	0	0	0
2024-10-01 23:10:40	1.8285530418367346	7.347498081632653	7.32369661	1	0	0	0	0
2024-10-01 23:10:50	1.82856969625	7.3486098295	7.32369661	1	0	0	0	0
2024-10-01 23:11:00	1.827514664	7.349806527	7.32369661	1	0	0	0	0
2024-10-01 23:11:10	1.8268738177142856	7.3491402237142855	7.32369661	1	0	0	0	0
2024-10-01 23:11:20	1.827189528	7.349467886	7.32369661	1	0	0	0	0
2024-10-01 23:11:30	1.826939501	7.349156433	7.32369661	1	0	0	0	0
2024-10-01 23:11:40	1.8269783694117647	7.3489783537254905	7.32369661	1	0	0	0	0
2024-10-01 23:11:50	1.8271087703846154	7.348357001538462	7.32369661	1	0	0	0	0
2024-10-01 23:12:00	1.82662058	7.3490534258	7.32369661	1	0	0	0	0
2024-10-01 23:12:10	1.8268228240000002	7.348670578	7.32369661	1	0	0	0	0
2024-10-01 23:12:20	1.8272825423728813	7.347586176779661	7.32369661	1	0	0	0	0
2024-10-01 23:12:30	1.8264146568571429	7.348501789714286	7.32369661	1	0	0	0	0
2024-10-01 23:12:40	1.8262320349999999	7.3497407893333335	7.32369661	1	0	0	0	0
2024-10-01 23:12:50	1.825951908	7.348775721	7.32369661	1	0	0	0	0
2024-10-01 23:13:00	1.82582569	7.349090549428571	7.32369661	1	0	0	0	0
2024-10-01 23:13:10	1.8260806914999999	7.34851222	7.32369661	1	0	0	0	0
2024-10-01 23:13:20	1.82606164125	7.347992424999999	7.32369661	1	0	0	0	0
2024-10-01 23:13:30	1.826047356	7.34693415375	7.32369661	1	0	0	0	0
2024-10-01 23:13:40	1.826107536	7.347471584	7.32369661	1	0	0	0	0
2024-10-01 23:13:50	1.825935147464789	7.347402801971831	7.32369661	1	0	0	0	0
2024-10-01 23:14:00	1.8255435539130433	7.348212022608696	7.32369661	1	0	0	0	0
2024-10-01 23:14:10	1.8250314175	7.349018483333333	7.32369661	1	0	0	0	0
2024-10-01 23:14:20	1.82446229	7.349838707826087	7.32369661	1	0	0	0	0
2024-10-01 23:14:30	1.824578396056338	7.348707112112677	7.32369661	1	0	0	0	0
2024-10-01 23:14:40	1.8245217900000001	7.349024257560975	7.32369661	1	0	0	0	0
2024-10-01 23:14:50	1.824227137	7.349483752	7.32369661	1	0	0	0	0
2024-10-01 23:15:00	1.8242118654929578	7.349463328450704	7.32369661	1	0	0	0	0
2024-10-01 23:15:10	1.8243013501234568	7.3482929367901235	7.32369661	1	0	0	0	0
2024-10-01 23:15:20	1.824357262173913	7.347468782608695	7.32369661	1	0	0	0	0
2024-10-01 23:15:30	1.8245548284269664	7.347480741573033	7.32369661	1	0	0	0	0
2024-10-01 23:15:40	1.82432091	7.347416188235295	7.32369661	1	0	0	0	0
2024-10-01 23:15:50	1.8242847688888888	7.347935326296296	7.32369661	1	0	0	0	0
2024-10-01 23:16:00	1.82436241220339	7.3465649149152545	7.32369661	1	0	0	0	0
2024-10-01 23:16:10	1.8242197784313725	7.347305565098039	7.32369661	1	0	0	0	0
2024-10-01 23:16:20	1.8241945525	7.347020150500001	7.32369661	1	0	0	0	0
2024-10-01 23:16:30	1.8237270342391305	7.346115243695652	7.32369661	1	0	0	0	0
2024-10-01 23:16:40	1.8240844586440677	7.346160905423729	7.32369661	1	0	0	0	0
2024-10-01 23:16:50	1.8241776505	7.34518676625	7.32369661	1	0	0	0	0
2024-10-01 23:17:00	1.82437837	7.344865536470588	7.32369661	1	0	0	0	0
2024-10-01 23:17:10	1.8243289375	7.34544905	7.32369661	1	0	0	0	0
2024-10-01 23:17:20	1.823978071111111	7.345588555555556	7.32369661	1	0	0	0	0
2024-10-01 23:17:30	1.8238482311428572	7.345195608571429	7.32369661	1	0	0	0	0
2024-10-01 23:17:40	1.82397	7.344500088235294	7.32369661	1	0	0	0	0
2024-10-01 23:17:50	1.8238206353846154	7.345050738846154	7.32369661	1	0	0	0	0
2024-10-01 23:18:00	1.823150025	7.346250441666667	7.32369661	1	0	0	0	0
2024-10-01 23:18:10	1.82224971	7.348042371428571	7.32369661	1	0	0	0	0
2024-10-01 23:18:20	1.822149636	7.3483068372	7.32369661	1	0	0	0	0
2024-10-01 23:18:30	1.8222794279999999	7.347269626285714	7.32369661	1	0	0	0	0
2024-10-01 23:18:40	1.8224585651851852	7.344601027407408	7.32369661	1	0	0	0	0
2024-10-01 23:18:50	1.8229913705882352	7.344851269411764	7.32369661	1	0	0	0	0
2024-10-01 23:19:00	1.82243609	7.346414379215686	7.32369661	1	0	0	0	0
2024-10-01 23:19:10	1.82187323725	7.3461838772500005	7.32369661	1	0	0	0	0
2024-10-01 23:19:20	1.8221010931428572	7.345697828571429	7.32369661	1	0	0	0	0
2024-10-01 23:19:30	1.8217755315555555	7.346338097777777	7.32369661	1	0	0	0	0
2024-10-01 23:19:40	1.821731	7.346116536585366	7.32369661	1	0	0	0	0
2024-10-01 23:19:50	1.8222219681481482	7.344960222222222	7.32369661	1	0	0	0	0
2024-10-01 23:20:00	1.82220948	7.344718438163265	7.32369661	1	0	0	0	0
2024-10-01 23:20:10	1.8220680216	7.3449372464	7.32369661	1	0	0	0	0
2024-10-01 23:20:20	1.8213253684507043	7.346071273802816	7.32369661	1	0	0	0	0
2024-10-01 23:20:30	1.8218289113333332	7.344665733333333	7.32369661	1	0	0	0	0
2024-10-01 23:20:40	1.8219227507843139	7.342965841176471	7.32369661	1	0	0	0	0
2024-10-01 23:20:50	1.8217500991304347	7.344021462173913	7.32369661	1	0	0	0	0
2024-10-01 23:21:00	1.821199974509804	7.346915516470588	7.32369661	1	0	0	0	0
2024-10-01 23:21:10	1.820667273	7.34568613675	7.32369661	1	0	0	0	0
2024-10-01 23:21:20	1.821203754	7.344762	7.32369661	1	0	0	0	0
2024-10-01 23:21:30	1.821699882	7.3431678	7.32369661	1	0	0	0	0
2024-10-01 23:21:40	1.82143593	7.3439401624	7.32369661	1	0	0	0	0
2024-10-01 23:21:50	1.8208861151685394	7.345931082696628	7.32369661	1	0	0	0	0
2024-10-01 23:22:00	1.820089246	7.3465526699999995	7.32369661	1	0	0	0	0
2024-10-01 23:22:10	1.8202613493442623	7.345626002459016	7.32369661	1	0	0	0	0
2024-10-01 23:22:20	1.8203372640000002	7.3449976736	7.32369661	1	0	0	0	0
2024-10-01 23:22:30	1.8202382455000001	7.3459266675	7.32369661	1	0	0	0	0
2024-10-01 23:22:40	1.8196967542028986	7.346502263768116	7.32369661	1	0	0	0	0
2024-10-01 23:22:50	1.8196727479012347	7.345961354814815	7.32369661	1	0	0	0	0
2024-10-01 23:23:00	1.8197892714285715	7.345323571428572	7.32369661	1	0	0	0	0
2024-10-01 23:23:10	1.8197795224050632	7.34479184	7.32369661	1	0	0	0	0
2024-10-01 23:23:20	1.8199481875342467	7.343219492602739	7.32369661	1	0	0	0	0
2024-10-01 23:23:30	1.8203988094285715	7.343880850000001	7.32369661	1	0	0	0	0
2024-10-01 23:23:40	1.819436546	7.3449119666666665	7.32369661	1	0	0	0	0
2024-10-01 23:23:50	1.8189287914285714	7.346525273142857	7.32369661	1	0	0	0	0
2024-10-01 23:24:00	1.81890845	7.3454359476	7.32369661	1	0	0	0	0
2024-10-01 23:24:10	1.8192550951219513	7.344408842439024	7.32369661	1	0	0	0	0
2024-10-01 23:24:20	1.8198232340425533	7.343201828510638	7.32369661	1	0	0	0	0
2024-10-01 23:24:30	1.8196599084444445	7.343010627111111	7.32369661	1	0	0	0	0
2024-10-01 23:24:40	1.8193791866666666	7.343535648148148	7.32369661	1	0	0	0	0
2024-10-01 23:24:50	1.819337204347826	7.343410921739131	7.32369661	1	0	0	0	0
2024-10-01 23:25:00	1.8192895703846153	7.34324315	7.32369661	1	0	0	0	0
2024-10-01 23:25:10	1.8191042426760564	7.3430035633802815	7.32369661	1	0	0	0	0
2024-10-01 23:25:20	1.8190093	7.3435047209999995	7.32369661	1	0	0	0	0
2024-10-01 23:25:30	1.819024124109589	7.342801655068493	7.32369661	1	0	0	0	0
2024-10-01 23:25:40	1.8188197962711865	7.344020034915254	7.32369661	1	0	0	0	0
2024-10-01 23:25:50	1.81835691	7.3441507301408455	7.32369661	1	0	0	0	0
2024-10-01 23:26:00	1.81822467	7.3451990032	7.32369661	1	0	0	0	0
2024-10-01 23:26:10	1.8178203652	7.3447643656	7.32369661	1	0	0	0	0
2024-10-01 23:26:20	1.818052561632653	7.34432406122449	7.32369661	1	0	0	0	0
2024-10-01 23:26:30	1.81792641	7.34359816525	7.32369661	1	0	0	0	0
2024-10-01 23:26:40	1.8183124720000001	7.343556755333334	7.32369661	1	0	0	0	0
2024-10-01 23:26:50	1.81792797275	7.3430915822500005	7.32369661	1	0	0	0	0
2024-10-01 23:27:00	1.81813025	7.342771882352941	7.32369661	1	0	0	0	0
2024-10-01 23:27:10	1.8180019884810128	7.342922481012659	7.32369661	1	0	0	0	0
2024-10-01 23:27:20	1.8183183995	7.3412622	7.32369661	1	0	0	0	0
2024-10-01 23:27:30	1.81853155625	7.3417246705	7.32369661	1	0	0	0	0
2024-10-01 23:27:40	1.81809416	7.341720394	7.32369661	1	0	0	0	0
2024-10-01 23:27:50	1.817876956	7.3419799459999995	7.32369661	1	0	0	0	0
2024-10-01 23:28:00	1.8178069247058823	7.341781622352941	7.32369661	1	0	0	0	0
2024-10-01 23:28:10	1.8176886590163934	7.34198373147541	7.32369661	1	0	0	0	0
2024-10-01 23:28:20	1.8169820028	7.3438882448	7.32369661	1	0	0	0	0
2024-10-01 23:28:30	1.8169434372	7.3432707584	7.32369661	1	0	0	0	0
2024-10-01 23:28:40	1.8170406936619719	7.343419118591549	7.32369661	1	0	0	0	0
2024-10-01 23:28:50	1.816989038	7.343001963428572	7.32369661	1	0	0	0	0
2024-10-01 23:29:00	1.81690311	7.342799036285714	7.32369661	1	0	0	0	0
2024-10-01 23:29:10	1.8166670759999999	7.3428702	7.32369661	1	0	0	0	0
2024-10-01 23:29:20	1.81657395	7.342819684081633	7.32369661	1	0	0	0	0
2024-10-01 23:29:30	1.81646812	7.342920168852459	7.32369661	1	0	0	0	0
2024-10-01 23:29:40	1.816463398	7.3427344	7.32369661	1	0	0	0	0
2024-10-01 23:29:50	1.816417242	7.34249156	7.32369661	1	0	0	0	0
2024-10-01 23:30:00	1.8163422155	7.34326117075	7.32369661	1	0	0	0	0
2024-10-01 23:30:10	1.815656616	7.3440133	7.32369661	1	0	0	0	0
2024-10-01 23:30:20	1.8159605795652174	7.343205140869565	7.32369661	1	0	0	0	0
2024-10-01 23:30:30	1.815933646	7.3416167009999995	7.32369661	1	0	0	0	0
2024-10-01 23:30:40	1.8165884166666666	7.34095488	7.32369661	1	0	0	0	0
2024-10-01 23:30:50	1.816078313	7.34178304425	7.32369661	1	0	0	0	0
2024-10-01 23:31:00	1.8160367	7.3413369	7.32369661	1	0	0	0	0
2024-10-01 23:31:10	1.8161979895555556	7.340405640222222	7.32369661	1	0	0	0	0
2024-10-01 23:31:20	1.816610413137255	7.339474013333334	7.32369661	1	0	0	0	0
2024-10-01 23:31:30	1.8166711439999998	7.338384782285714	7.32369661	1	0	0	0	0
2024-10-01 23:31:40	1.8166333586666668	7.338598010666667	7.32369661	1	0	0	0	0
2024-10-01 23:31:50	1.8165834164102563	7.338743647435897	7.32369661	1	0	0	0	0
2024-10-01 23:32:00	1.81680005	7.33852644125	7.32369661	1	0	0	0	0
2024-10-01 23:32:10	1.816239851	7.33990261	7.32369661	1	0	0	0	0
2024-10-01 23:32:20	1.816054615	7.340195195	7.32369661	1	0	0	0	0
2024-10-01 23:32:30	1.8155887330769231	7.341152255384616	7.32369661	1	0	0	0	0
2024-10-01 23:32:40	1.8153903389795918	7.341030071836735	7.32369661	1	0	0	0	0
2024-10-01 23:32:50	1.8152888983333333	7.341598248333334	7.32369661	1	0	0	0	0
2024-10-01 23:33:00	1.81484663	7.342617	7.32369661	1	0	0	0	0
2024-10-01 23:33:10	1.814754967	7.3421253355	7.32369661	1	0	0	0	0
2024-10-01 23:33:20	1.814687367	7.341276467	7.32369661	1	0	0	0	0
2024-10-01 23:33:30	1.815137326111111	7.3399666436111115	7.32369661	1	0	0	0	0
2024-10-01 23:33:40	1.81529319	7.340099471428572	7.32369661	1	0	0	0	0
2024-10-01 23:33:50	1.814651080857143	7.3407870285714285	7.32369661	1	0	0	0	0
2024-10-01 23:34:00	1.814638081304348	7.3412237826086955	7.32369661	1	0	0	0	0
2024-10-01 23:34:10	1.81451392	7.3410219296	7.32369661	1	0	0	0	0
2024-10-01 23:34:20	1.8149388579710144	7.339576666666667	7.32369661	1	0	0	0	0
2024-10-01 23:34:30	1.81523824	7.339100282463768	7.32369661	1	0	0	0	0
2024-10-01 23:34:40	1.8151478776	7.3385678072	7.32369661	1	0	0	0	0
2024-10-01 23:34:50	1.8150747570886077	7.33936268164557	7.32369661	1	0	0	0	0
2024-10-01 23:35:00	1.8145112157142858	7.340157355714286	7.32369661	1	0	0	0	0
2024-10-01 23:35:10	1.8141058125714287	7.3412199931428574	7.32369661	1	0	0	0	0
2024-10-01 23:35:20	1.81380985	7.3412109625	7.32369661	1	0	0	0	0
2024-10-01 23:35:30	1.8138449108571428	7.3401598	7.32369661	1	0	0	0	0
2024-10-01 23:35:40	1.81453873	7.33938592	7.32369661	1	0	0	0	0
2024-10-01 23:35:50	1.814560656	7.339854788	7.32369661	1	0	0	0	0
2024-10-01 23:36:00	1.8136130297560975	7.342858444634146	7.32369661	1	0	0	0	0
2024-10-01 23:36:10	1.8127564745762712	7.341716626779661	7.32369661	1	0	0	0	0
2024-10-01 23:36:20	1.81330669	7.3410198615999995	7.32369661	1	0	0	0	0
2024-10-01 23:36:30	1.8135210785714286	7.340386694285714	7.32369661	1	0	0	0	0
2024-10-01 23:36:40	1.8131758984	7.3408878368	7.32369661	1	0	0	0	0
2024-10-01 23:36:50	1.8131567485714284	7.340973633142857	7.32369661	1	0	0	0	0
2024-10-01 23:37:00	1.8131735554285713	7.339779971428571	7.32369661	1	0	0	0	0
2024-10-01 23:37:10	1.813363304	7.340088551333333	7.32369661	1	0	0	0	0
2024-10-01 23:37:20	1.813010074	7.340893415999999	7.32369661	1	0	0	0	0
2024-10-01 23:37:30	1.812735367	7.340389460375	7.32369661	1	0	0	0	0
2024-10-01 23:37:40	1.8130035635714286	7.340056382857143	7.32369661	1	0	0	0	0
2024-10-01 23:37:50	1.813100098	7.33920062	7.32369661	1	0	0	0	0
2024-10-01 23:38:00	1.813271752	7.337985556857143	7.32369661	1	0	0	0	0
2024-10-01 23:38:10	1.813643932	7.338080412	7.32369661	1	0	0	0	0
2024-10-01 23:38:20	1.8135063791304349	7.338452089565218	7.32369661	1	0	0	0	0
2024-10-01 23:38:30	1.8130102068571428	7.339170425714285	7.32369661	1	0	0	0	0
2024-10-01 23:38:40	1.8132460507317072	7.337766450243903	7.32369661	1	0	0	0	0
2024-10-01 23:38:50	1.8135887357746479	7.336645971830986	7.32369661	1	0	0	0	0
2024-10-01 23:39:00	1.8138122479661016	7.336883520000001	7.32369661	1	0	0	0	0
2024-10-01 23:39:10	1.8134255177142857	7.337000057142857	7.32369661	1	0	0	0	0
2024-10-01 23:39:20	1.8128081534246574	7.338370493150685	7.32369661	1	0	0	0	0
2024-10-01 23:39:30	1.8127876491954023	7.337952965517241	7.32369661	1	0	0	0	0
2024-10-01 23:39:40	1.8130781230508475	7.336930937966102	7.32369661	1	0	0	0	0
2024-10-01 23:39:50	1.8131609352112676	7.336990774647887	7.32369661	1	0	0	0	0
2024-10-01 23:40:00	1.8128650145714285	7.338068142857143	7.32369661	1	0	0	0	0
2024-10-01 23:40:10	1.812646119	7.337679604	7.32369661	1	0	0	0	0
2024-10-01 23:40:20	1.8127177406666668	7.336102533333333	7.32369661	1	0	0	0	0
2024-10-01 23:40:30	1.813589428	7.333908544	7.32369661	1	0	0	0	0
2024-10-01 23:40:40	1.8138841928571428	7.334840797142857	7.32369661	1	0	0	0	0
2024-10-01 23:40:50	1.8134365897468354	7.3357786962025315	7.32369661	1	0	0	0	0
2024-10-01 23:41:00	1.8125692670689655	7.33693915086207	7.32369661	1	0	0	0	0
2024-10-01 23:41:10	1.8132088601098901	7.33537674978022	7.32369661	1	0	0	0	0
2024-10-01 23:41:20	1.8133354042028986	7.334885181014493	7.32369661	1	0	0	0	0
2024-10-01 23:41:30	1.813129498901099	7.335496942087913	7.32369661	1	0	0	0	0
2024-10-01 23:41:40	1.8129225485714284	7.335229902380952	7.32369661	1	0	0	0	0
2024-10-01 23:41:50	1.8130126	7.33517926057971	7.32369661	1	0	0	0	0
2024-10-01 23:42:00	1.8128793513043477	7.336498069565217	7.32369661	1	0	0	0	0
2024-10-01 23:42:10	1.8125996345	7.335915011666667	7.32369661	1	0	0	0	0
2024-10-01 23:42:20	1.812550667142857	7.335381917714286	7.32369661	1	0	0	0	0
2024-10-01 23:42:30	1.8131991862222223	7.333755809777778	7.32369661	1	0	0	0	0
2024-10-01 23:42:40	1.8131867656	7.3344541318	7.32369661	1	0	0	0	0
2024-10-01 23:42:50	1.81261909	7.335275864637681	7.32369661	1	0	0	0	0
2024-10-01 23:43:00	1.8122865952	7.3365221098	7.32369661	1	0	0	0	0
2024-10-01 23:43:10	1.811901972	7.336203112	7.32369661	1	0	0	0	0
2024-10-01 23:43:20	1.8122046169135801	7.33589673037037	7.32369661	1	0	0	0	0
2024-10-01 23:43:30	1.8126000497435897	7.334432048846153	7.32369661	1	0	0	0	0
2024-10-01 23:43:40	1.8130753	7.333373379761905	7.32369661	1	0	0	0	0
2024-10-01 23:43:50	1.8128280888888888	7.333234842592592	7.32369661	1	0	0	0	0
2024-10-01 23:44:00	1.81291485	7.334425595625	7.32369661	1	0	0	0	0
2024-10-01 23:44:10	1.8124148740000001	7.33423926	7.32369661	1	0	0	0	0
2024-10-01 23:44:20	1.8128376834285715	7.333594350857143	7.32369661	1	0	0	0	0
2024-10-01 23:44:30	1.8130220546666667	7.332672755333333	7.32369661	1	0	0	0	0
2024-10-01 23:44:40	1.813087080576923	7.3339229807692305	7.32369661	1	0	0	0	0
2024-10-01 23:44:50	1.8121662547826085	7.333761826086956	7.32369661	1	0	0	0	0
2024-10-01 23:45:00	1.8122384701960783	7.333701333333333	7.32369661	1	0	0	0	0
2024-10-01 23:45:10	1.8121841245	7.33386099025	7.32369661	1	0	0	0	0
2024-10-01 23:45:20	1.811880898	7.334805604	7.32369661	1	0	0	0	0
2024-10-01 23:45:30	1.8117669112500001	7.3350026685000005	7.32369661	1	0	0	0	0
2024-10-01 23:45:40	1.81198263	7.333903768	7.32369661	1	0	0	0	0
2024-10-01 23:45:50	1.8121935917142857	7.3322149674285715	7.32369661	1	0	0	0	0
2024-10-01 23:46:00	1.81264687	7.3312689596	7.32369661	1	0	0	0	0
2024-10-01 23:46:10	1.8130378168	7.33123108	7.32369661	1	0	0	0	0
2024-10-01 23:46:20	1.8128889530508474	7.331139528135593	7.32369661	1	0	0	0	0
2024-10-01 23:46:30	1.812829836	7.331748304571429	7.32369661	1	0	0	0	0
2024-10-01 23:46:40	1.812993492	7.331309386857143	7.32369661	1	0	0	0	0
2024-10-01 23:46:50	1.81290591	7.331097942857143	7.32369661	1	0	0	0	0
2024-10-01 23:47:00	1.8131169907843139	7.330521540392157	7.32369661	1	0	0	0	0
2024-10-01 23:47:10	1.8136096	7.3294973017142855	7.32369661	1	0	0	0	0
2024-10-01 23:47:20	1.8134177492957746	7.329310493239437	7.32369661	1	0	0	0	0
2024-10-01 23:47:30	1.813298223	7.330689365	7.32369661	1	0	0	0	0
2024-10-01 23:47:40	1.8130076620253166	7.330919569620253	7.32369661	1	0	0	0	0
2024-10-01 23:47:50	1.8128076228169014	7.330739331549296	7.32369661	1	0	0	0	0
2024-10-01 23:48:00	1.812878391020408	7.3307703	7.32369661	1	0	0	0	0
2024-10-01 23:48:10	1.8128517728571427	7.3307806428571425	7.32369661	1	0	0	0	0
2024-10-01 23:48:20	1.8125006978723404	7.330391815319149	7.32369661	1	0	0	0	0
2024-10-01 23:48:30	1.8124032777777779	7.330845094074074	7.32369661	1	0	0	0	0
2024-10-01 23:48:40	1.8125525242253522	7.331056921971832	7.32369661	1	0	0	0	0
2024-10-01 23:48:50	1.812187056521739	7.331768695652174	7.32369661	1	0	0	0	0
2024-10-01 23:49:00	1.81227791	7.331612654390244	7.32369661	1	0	0	0	0
2024-10-01 23:49:10	1.8127507164999999	7.3303990125	7.32369661	1	0	0	0	0
2024-10-01 23:49:20	1.812722228	7.330312634	7.32369661	1	0	0	0	0
2024-10-01 23:49:30	1.8132283359999999	7.328149651	7.32369661	1	0	0	0	0
2024-10-01 23:49:40	1.81377649	7.327072686857143	7.32369661	1	0	0	0	0
2024-10-01 23:49:50	1.8139600236708862	7.326594990886076	7.32369661	1	0	0	0	0
2024-10-01 23:50:00	1.8142592245762712	7.326182721525424	7.32369661	1	0	0	0	0
2024-10-01 23:50:10	1.81408024	7.326426597619048	7.32369661	1	0	0	0	0
2024-10-01 23:50:20	1.813886573090909	7.328175380727273	7.32369661	1	0	0	0	0
2024-10-01 23:50:30	1.8132868861764706	7.3298665429411765	7.32369661	1	0	0	0	0
2024-10-01 23:50:40	1.8126729849275363	7.330254059130435	7.32369661	1	0	0	0	0
2024-10-01 23:50:50	1.8124611528571428	7.330146405428572	7.32369661	1	0	0	0	0
2024-10-01 23:51:00	1.8124053337704917	7.330149475409836	7.32369661	1	0	0	0	0
2024-10-01 23:51:10	1.812528775064935	7.328896337662338	7.32369661	1	0	0	0	0
2024-10-01 23:51:20	1.812816381971831	7.328923337464789	7.32369661	1	0	0	0	0
2024-10-01 23:51:30	1.812860736	7.328780704666666	7.32369661	1	0	0	0	0
2024-10-01 23:51:40	1.812593706857143	7.329278480857143	7.32369661	1	0	0	0	0
2024-10-01 23:51:50	1.8125421753333333	7.329631297333334	7.32369661	1	0	0	0	0
2024-10-01 23:52:00	1.8130081476	7.3277000024	7.32369661	1	0	0	0	0
2024-10-01 23:52:10	1.8132172047619048	7.326522391190476	7.32369661	1	0	0	0	0
2024-10-01 23:52:20	1.8132737546666666	7.327728411555555	7.32369661	1	0	0	0	0
2024-10-01 23:52:30	1.81281927125	7.328316625	7.32369661	1	0	0	0	0
2024-10-01 23:52:40	1.8129925228169015	7.3280347363380285	7.32369661	1	0	0	0	0
2024-10-01 23:52:50	1.8131773811392407	7.327373479113923	7.32369661	1	0	0	0	0
2024-10-01 23:53:00	1.8135848	7.327336930588235	7.32369661	1	0	0	0	0
2024-10-01 23:53:10	1.8125847765	7.330238084	7.32369661	1	0	0	0	0
2024-10-01 23:53:20	1.81167233	7.330671901960785	7.32369661	1	0	0	0	0
2024-10-01 23:53:30	1.8119635901265823	7.330134148734177	7.32369661	1	0	0	0	0
2024-10-01 23:53:40	1.812332938	7.329113825	7.32369661	1	0	0	0	0
2024-10-01 23:53:50	1.8121515674074073	7.329906288888889	7.32369661	1	0	0	0	0
2024-10-01 23:54:00	1.81181312	7.3304456406666665	7.32369661	1	0	0	0	0
2024-10-01 23:54:10	1.811748530487805	7.330428891219512	7.32369661	1	0	0	0	0
2024-10-01 23:54:20	1.8119406429787235	7.329306191489362	7.32369661	1	0	0	0	0
2024-10-01 23:54:30	1.81254881	7.327216323	7.32369661	1	0	0	0	0
2024-10-01 23:54:40	1.8125072984507042	7.328959774647887	7.32369661	1	0	0	0	0
2024-10-01 23:54:50	1.8123054844303799	7.32910719	7.32369661	1	0	0	0	0
2024-10-01 23:55:00	1.8123963355696202	7.3282840340506334	7.32369661	1	0	0	0	0
2024-10-01 23:55:10	1.81276977	7.327137939756097	7.32369661	1	0	0	0	0
2024-10-01 23:55:20	1.8126740335849056	7.327508720754717	7.32369661	1	0	0	0	0
2024-10-01 23:55:30	1.812381	7.328374961176471	7.32369661	1	0	0	0	0
2024-10-01 23:55:40	1.8121803835714285	7.3293386457142855	7.32369661	1	0	0	0	0
2024-10-01 23:55:50	1.812164252222222	7.327914667777778	7.32369661	1	0	0	0	0
2024-10-01 23:56:00	1.8128663058823529	7.326624617647059	7.32369661	1	0	0	0	0
2024-10-01 23:56:10	1.8133554083606558	7.3252001421311475	7.32369661	1	0	0	0	0
2024-10-01 23:56:20	1.813674038367347	7.325395653061224	7.32369661	1	0	0	0	0
2024-10-01 23:56:30	1.813293454	7.3264606	7.32369661	1	0	0	0	0
2024-10-01 23:56:40	1.8131694376056338	7.326373750422535	7.32369661	1	0	0	0	0
2024-10-01 23:56:50	1.8128741008695652	7.32634375826087	7.32369661	1	0	0	0	0
2024-10-01 23:57:00	1.8126799048529412	7.32720543882353	7.32369661	1	0	0	0	0
2024-10-01 23:57:10	1.81252432	7.326788774320987	7.32369661	1	0	0	0	0
2024-10-01 23:57:20	1.8130265368	7.325911274	7.32369661	1	0	0	0	0
2024-10-01 23:57:30	1.8128924422857142	7.326803449142857	7.32369661	1	0	0	0	0
2024-10-01 23:57:40	1.8123371428571429	7.328114785714286	7.32369661	1	0	0	0	0
2024-10-01 23:57:50	1.812569904814815	7.327158954074074	7.32369661	1	0	0	0	0
2024-10-01 23:58:00	1.8128922376271186	7.326173654915254	7.32369661	1	0	0	0	0
2024-10-01 23:58:10	1.81315744	7.325651869387755	7.32369661	1	0	0	0	0
2024-10-01 23:58:20	1.8136121	7.324359408541667	7.32369661	1	0	0	0	0
2024-10-01 23:58:30	1.8137584404918032	7.324185779016394	7.32369661	1	0	0	0	0
2024-10-01 23:58:40	1.81361461	7.323942	7.32369661	1	0	0	0	0
2024-10-01 23:58:50	1.813625271978022	7.323984555054945	7.32369661	1	0	0	0	0
2024-10-01 23:59:00	1.813737346	7.324208693428572	7.32369661	1	0	0	0	0
2024-10-01 23:59:10	1.8137191028571429	7.324616428571429	7.32369661	1	0	0	0	0
2024-10-01 23:59:20	1.8130931773333334	7.325671266666667	7.32369661	1	0	0	0	0
2024-10-01 23:59:30	1.81345549	7.3238332538028175	7.32369661	1	0	0	0	0
2024-10-01 23:59:40	1.81464592	7.3214565868	7.32369661	1	0	0	0	0
2024-10-01 23:59:50	1.8143565	7.3234744166666665	7.32369661	1	0	0	0	0
2024-10-02 00:00:00	1.8138166571428571	7.324337291428572	7.32369661	1	0	0	0	0
