PROCESSDATA	2411LIC30501 Data	yyyy-MM-dd HH:mm:ss
8	10	2024-11-06 21:55:00	751
tagname	2411LIC30501.MV	2411LIC30501.PV	2411LIC30501.SV	2411LIC30501.MODE	bOpOFL	bPvOFL	bSpOFL	bAutOFL
desc	封油罐D205_OP	封油罐D205_PV	封油罐D205_SP	Aut	bOpOFL	bPvOFL	bSpOFL	bAutOFL
fsMax=10.787788433000003	fsMin=0	fsGridNum=10	fdMax=10.787788433000003tfdMin=0	fdGridNum=10	v0GridNum=10	L=24
2024-11-06 21:55:00	33.964290428	70.87972859999999	70.98446	1	0	0	0	0
2024-11-06 21:55:10	33.955537736	70.889102204	70.98446	1	0	0	0	0
2024-11-06 21:55:20	33.945461185999996	70.898309254	70.98446	1	0	0	0	0
2024-11-06 21:55:30	33.901464552	70.904335896	70.98446	1	0	0	0	0
2024-11-06 21:55:40	33.852842452	70.909928846	70.98446	1	0	0	0	0
2024-11-06 21:55:50	33.829809168000004	70.9160736	70.98446	1	0	0	0	0
2024-11-06 21:56:00	33.810265268	70.9222936	70.98446	1	0	0	0	0
2024-11-06 21:56:10	33.6861148	70.9412472	70.98446	1	0	0	0	0
2024-11-06 21:56:20	33.5476998	70.96193720000001	70.98446	1	0	0	0	0
2024-11-06 21:56:30	33.623556	70.9501596	70.98446	1	0	0	0	0
2024-11-06 21:56:40	33.728631	70.9339546	70.98446	1	0	0	0	0
2024-11-06 21:56:50	33.693696372	70.94158440000001	70.98446	1	0	0	0	0
2024-11-06 21:57:00	33.639669522	70.95246440000001	70.98446	1	0	0	0	0
2024-11-06 21:57:10	33.69709058	70.9488728	70.98446	1	0	0	0	0
2024-11-06 21:57:20	33.76970908	70.9433078	70.98446	1	0	0	0	0
2024-11-06 21:57:30	33.809921448	70.935798	70.98446	1	0	0	0	0
2024-11-06 21:57:40	33.845714797999996	70.92802300000001	70.98446	1	0	0	0	0
2024-11-06 21:57:50	33.796520564	70.9381516	70.98446	1	0	0	0	0
2024-11-06 21:58:00	33.735737114	70.9507216	70.98446	1	0	0	0	0
2024-11-06 21:58:10	33.805063336	70.940303844	70.98446	1	0	0	0	0
2024-11-06 21:58:20	33.892131786	70.92675139400001	70.98446	1	0	0	0	0
2024-11-06 21:58:30	33.930276504	70.92603150000001	70.98446	1	0	0	0	0
2024-11-06 21:58:40	33.961749804	70.92706150000001	70.98446	1	0	0	0	0
2024-11-06 21:58:50	33.975530264	70.924111656	70.98446	1	0	0	0	0
2024-11-06 21:59:00	33.986898064	70.92061910599999	70.98446	1	0	0	0	0
2024-11-06 21:59:10	33.979402498039214	70.92209372549019	70.98446	1	0	0	0	0
2024-11-06 21:59:20	33.969334654901964	70.9242456862745	70.98446	1	0	0	0	0
2024-11-06 21:59:30	33.905028171428576	70.93629	70.98446	1	0	0	0	0
2024-11-06 21:59:40	33.83039051836735	70.95021857142858	70.98446	1	0	0	0	0
2024-11-06 21:59:50	33.760368028	70.9609892	70.98446	1	0	0	0	0
2024-11-06 22:00:00	33.690974878	70.9713292	70.98446	1	0	0	0	0
2024-11-06 22:00:10	33.640462788	70.979412	70.98446	1	0	0	0	0
2024-11-06 22:00:20	33.592525388	70.98718699999999	70.98446	1	0	0	0	0
2024-11-06 22:00:30	33.556350024	70.9937476	70.98446	1	0	0	0	0
2024-11-06 22:00:40	33.521778573999995	71.0001426	70.98446	1	0	0	0	0
2024-11-06 22:00:50	33.4927744	71.002692	70.98446	1	0	0	0	0
2024-11-06 22:01:00	33.4645294	71.004717	70.98446	1	0	0	0	0
2024-11-06 22:01:10	33.521118204	70.99671	70.98446	1	0	0	0	0
2024-11-06 22:01:20	33.589275254	70.987335	70.98446	1	0	0	0	0
2024-11-06 22:01:30	33.522483688	70.99611	70.98446	1	0	0	0	0
2024-11-06 22:01:40	33.437290038	71.00735999999999	70.98446	1	0	0	0	0
2024-11-06 22:01:50	33.464713112	71.0012784	70.98446	1	0	0	0	0
2024-11-06 22:02:00	33.507493012	70.99283340000001	70.98446	1	0	0	0	0
2024-11-06 22:02:10	33.559220839999995	70.9861748	70.98446	1	0	0	0	0
2024-11-06 22:02:20	33.612168839999995	70.9797598	70.98446	1	0	0	0	0
2024-11-06 22:02:30	33.645421735999996	70.97674599999999	70.98446	1	0	0	0	0
2024-11-06 22:02:40	33.675988935999996	70.97419599999999	70.98446	1	0	0	0	0
2024-11-06 22:02:50	33.587057636	70.9896156	70.98446	1	0	0	0	0
2024-11-06 22:03:00	33.481831086	71.0074856	70.98446	1	0	0	0	0
2024-11-06 22:03:10	33.459755384	71.011236	70.98446	1	0	0	0	0
2024-11-06 22:03:20	33.449018434	71.013061	70.98446	1	0	0	0	0
2024-11-06 22:03:30	33.391674	71.01581	70.98446	1	0	0	0	0
2024-11-06 22:03:40	33.327974	71.018685	70.98446	1	0	0	0	0
2024-11-06 22:03:50	33.301849999999995	71.01941719999999	70.98446	1	0	0	0	0
2024-11-06 22:04:00	33.280849999999994	71.01985719999999	70.98446	1	0	0	0	0
2024-11-06 22:04:10	33.181333847999994	71.03395479999999	70.98446	1	0	0	0	0
2024-11-06 22:04:20	33.071110948	71.0499148	70.98446	1	0	0	0	0
2024-11-06 22:04:30	33.060108752	71.0483672	70.98446	1	0	0	0	0
2024-11-06 22:04:40	33.062636651999995	71.0444322	70.98446	1	0	0	0	0
2024-11-06 22:04:50	33.0705168	71.0426444	70.98446	1	0	0	0	0
2024-11-06 22:05:00	33.0791268	71.0411494	70.98446	1	0	0	0	0
2024-11-06 22:05:10	33.1346496	71.0255744	70.98446	1	0	0	0	0
2024-11-06 22:05:20	33.196569600000004	71.0080794	70.98446	1	0	0	0	0
2024-11-06 22:05:30	33.11791529411765	71.02323921568627	70.98446	1	0	0	0	0
2024-11-06 22:05:40	33.02009176470588	71.04285196078432	70.98446	1	0	0	0	0
2024-11-06 22:05:50	33.0043257	71.04744285714285	70.98446	1	0	0	0	0
2024-11-06 22:06:00	33.004189628571424	71.04917244897959	70.98446	1	0	0	0	0
2024-11-06 22:06:10	33.105465392	71.0299364	70.98446	1	0	0	0	0
2024-11-06 22:06:20	33.220570042000006	71.0078414	70.98446	1	0	0	0	0
2024-11-06 22:06:30	33.193659456	71.010335316	70.98446	1	0	0	0	0
2024-11-06 22:06:40	33.147383156	71.016182266	70.98446	1	0	0	0	0
2024-11-06 22:06:50	33.097542151999995	71.022250184	70.98446	1	0	0	0	0
2024-11-06 22:07:00	33.047215052	71.02834823399999	70.98446	1	0	0	0	0
2024-11-06 22:07:10	33.049977648	71.02650159999999	70.98446	1	0	0	0	0
2024-11-06 22:07:20	33.059979748	71.0235716	70.98446	1	0	0	0	0
2024-11-06 22:07:30	33.0474036	71.0242056	70.98446	1	0	0	0	0
2024-11-06 22:07:40	33.0317486	71.0253256	70.98446	1	0	0	0	0
2024-11-06 22:07:50	33.0273356	71.0233832	70.98446	1	0	0	0	0
2024-11-06 22:08:00	33.0244556	71.0210232	70.98446	1	0	0	0	0
2024-11-06 22:08:10	33.0023916	71.0243524	70.98446	1	0	0	0	0
2024-11-06 22:08:20	32.9777116	71.0284574	70.98446	1	0	0	0	0
2024-11-06 22:08:30	32.9690619	71.0257952	70.98446	1	0	0	0	0
2024-11-06 22:08:40	32.96259815	71.0222102	70.98446	1	0	0	0	0
2024-11-06 22:08:50	32.95784622	71.023717804	70.98446	1	0	0	0	0
2024-11-06 22:09:00	32.95332772	71.025919854	70.98446	1	0	0	0	0
2024-11-06 22:09:10	32.95483788	71.025108696	70.98446	1	0	0	0	0
2024-11-06 22:09:20	32.95717013	71.02388664600001	70.98446	1	0	0	0	0
2024-11-06 22:09:30	32.912658	71.0286152	70.98446	1	0	0	0	0
2024-11-06 22:09:40	32.861757999999995	71.0341552	70.98446	1	0	0	0	0
2024-11-06 22:09:50	32.893550588	71.0275028	70.98446	1	0	0	0	0
2024-11-06 22:10:00	32.936619438	71.0191878	70.98446	1	0	0	0	0
2024-11-06 22:10:10	32.948619052	71.0167732	70.98446	1	0	0	0	0
2024-11-06 22:10:20	32.956381952	71.0151632	70.98446	1	0	0	0	0
2024-11-06 22:10:30	32.898714872	71.0170644	70.98446	1	0	0	0	0
2024-11-06 22:10:40	32.832125522000005	71.0194444	70.98446	1	0	0	0	0
2024-11-06 22:10:50	32.859495488	71.018762	70.98446	1	0	0	0	0
2024-11-06 22:11:00	32.899678088	71.01766199999999	70.98446	1	0	0	0	0
2024-11-06 22:11:10	32.90737144	71.0144852	70.98446	1	0	0	0	0
2024-11-06 22:11:20	32.91063444	71.0110252	70.98446	1	0	0	0	0
2024-11-06 22:11:30	32.93670176	71.0076796	70.98446	1	0	0	0	0
2024-11-06 22:11:40	32.96587876	71.0043496	70.98446	1	0	0	0	0
2024-11-06 22:11:50	32.937862800000005	71.0021328	70.98446	1	0	0	0	0
2024-11-06 22:12:00	32.902047800000005	71.0000678	70.98446	1	0	0	0	0
2024-11-06 22:12:10	32.9736764	70.9939504	70.98446	1	0	0	0	0
2024-11-06 22:12:20	33.0599564	70.9872804	70.98446	1	0	0	0	0
2024-11-06 22:12:30	32.993804912	71.0020428	70.98446	1	0	0	0	0
2024-11-06 22:12:40	32.906867312	71.0197278	70.98446	1	0	0	0	0
2024-11-06 22:12:50	32.8145508	71.027988	70.98446	1	0	0	0	0
2024-11-06 22:13:00	32.7215008	71.03496299999999	70.98446	1	0	0	0	0
2024-11-06 22:13:10	32.673403488	71.0381408	70.98446	1	0	0	0	0
2024-11-06 22:13:20	32.631436087999994	71.0408008	70.98446	1	0	0	0	0
2024-11-06 22:13:30	32.67656264	71.0338996	70.98446	1	0	0	0	0
2024-11-06 22:13:40	32.73356564	71.0256946	70.98446	1	0	0	0	0
2024-11-06 22:13:50	32.699077108	71.031178	70.98446	1	0	0	0	0
2024-11-06 22:14:00	32.652112458	71.038528	70.98446	1	0	0	0	0
2024-11-06 22:14:10	32.626105184	71.0390624	70.98446	1	0	0	0	0
2024-11-06 22:14:20	32.602955734	71.0386674	70.98446	1	0	0	0	0
2024-11-06 22:14:30	32.680764767999996	71.025134	70.98446	1	0	0	0	0
2024-11-06 22:14:40	32.772340868	71.009809	70.98446	1	0	0	0	0
2024-11-06 22:14:50	32.7335792	71.0147812	70.98446	1	0	0	0	0
2024-11-06 22:15:00	32.6770442	71.0225212	70.98446	1	0	0	0	0
2024-11-06 22:15:10	32.692992071999996	71.01878841999999	70.98446	1	0	0	0	0
2024-11-06 22:15:20	32.718823971999996	71.01349117	70.98446	1	0	0	0	0
2024-11-06 22:15:30	32.811547224	70.99963988	70.98446	1	0	0	0	0
2024-11-06 22:15:40	32.913392024000004	70.98462213	70.98446	1	0	0	0	0
2024-11-06 22:15:50	32.959738304	70.983121488	70.98446	1	0	0	0	0
2024-11-06 22:16:00	32.998516603999995	70.98346408799999	70.98446	1	0	0	0	0
2024-11-06 22:16:10	33.0169464	70.976542112	70.98446	1	0	0	0	0
2024-11-06 22:16:20	33.032601400000004	70.968629512	70.98446	1	0	0	0	0
2024-11-06 22:16:30	33.03448	70.96768	70.98446	1	0	0	0	0
2024-11-06 22:16:40	33.0293851724138	70.95818431034483	70.98446	1	0	0	0	0
2024-11-06 22:16:50	33.102180064	70.9524784	70.98446	1	0	0	0	0
2024-11-06 22:17:00	33.185827864	70.9477209	70.98446	1	0	0	0	0
2024-11-06 22:17:10	33.272717936	70.936992424	70.98446	1	0	0	0	0
2024-11-06 22:17:20	33.360050136000005	70.92544972399999	70.98446	1	0	0	0	0
2024-11-06 22:17:30	33.4235588	70.918300776	70.98446	1	0	0	0	0
2024-11-06 22:17:40	33.4838188	70.91175097600001	70.98446	1	0	0	0	0
2024-11-06 22:17:50	33.426711308	70.9219188	70.98446	1	0	0	0	0
2024-11-06 22:18:00	33.353599158	70.93436630000001	70.98446	1	0	0	0	0
2024-11-06 22:18:10	33.267185192	70.948485272	70.98446	1	0	0	0	0
2024-11-06 22:18:20	33.178957342000004	70.962832172	70.98446	1	0	0	0	0
2024-11-06 22:18:30	33.1681632	70.963320128	70.98446	1	0	0	0	0
2024-11-06 22:18:40	33.167928200000006	70.961918228	70.98446	1	0	0	0	0
2024-11-06 22:18:50	33.1461376	70.9673732	70.98446	1	0	0	0	0
2024-11-06 22:19:00	33.1214076	70.97376320000001	70.98446	1	0	0	0	0
2024-11-06 22:19:10	33.061111388	70.987485756	70.98446	1	0	0	0	0
2024-11-06 22:19:20	32.995965238	71.002208206	70.98446	1	0	0	0	0
2024-11-06 22:19:30	32.954396312	71.003937544	70.98446	1	0	0	0	0
2024-11-06 22:19:40	32.916042462	71.003895094	70.98446	1	0	0	0	0
2024-11-06 22:19:50	32.957549975999996	70.9908308	70.98446	1	0	0	0	0
2024-11-06 22:20:00	33.009947675999996	70.9759908	70.98446	1	0	0	0	0
2024-11-06 22:20:10	32.990204032	70.9839384	70.98446	1	0	0	0	0
2024-11-06 22:20:20	32.96062293200001	70.9949934	70.98446	1	0	0	0	0
2024-11-06 22:20:30	32.932581392	70.998784	70.98446	1	0	0	0	0
2024-11-06 22:20:40	32.904749792	71.001584	70.98446	1	0	0	0	0
2024-11-06 22:20:50	32.9225652	70.998774	70.98446	1	0	0	0	0
2024-11-06 22:21:00	32.9466052	70.995199	70.98446	1	0	0	0	0
2024-11-06 22:21:10	32.93113260194175	70.99577388349515	70.98446	1	0	0	0	0
2024-11-06 22:21:20	32.9102719223301	70.99691466019416	70.98446	1	0	0	0	0
2024-11-06 22:21:30	32.940167855670104	70.9931975257732	70.98446	1	0	0	0	0
2024-11-06 22:21:40	32.98120548453608	70.98841402061856	70.98446	1	0	0	0	0
2024-11-06 22:21:50	33.006986	70.9853496	70.98446	1	0	0	0	0
2024-11-06 22:22:00	33.030685999999996	70.9825196	70.98446	1	0	0	0	0
2024-11-06 22:22:10	33.114194276	70.9702912	70.98446	1	0	0	0	0
2024-11-06 22:22:20	33.205858226000004	70.95678120000001	70.98446	1	0	0	0	0
2024-11-06 22:22:30	33.146222984	70.9635376	70.98446	1	0	0	0	0
2024-11-06 22:22:40	33.065956033999996	70.97305759999999	70.98446	1	0	0	0	0
2024-11-06 22:22:50	33.027138799999996	70.9788376	70.98446	1	0	0	0	0
2024-11-06 22:23:00	32.9939738	70.9841076	70.98446	1	0	0	0	0
2024-11-06 22:23:10	33.083855548	70.97058080000001	70.98446	1	0	0	0	0
2024-11-06 22:23:20	33.190516398	70.9544908	70.98446	1	0	0	0	0
2024-11-06 22:23:30	33.243630392	70.9504392	70.98446	1	0	0	0	0
2024-11-06 22:23:40	33.289442541999996	70.9480292	70.98446	1	0	0	0	0
2024-11-06 22:23:50	33.2596212	70.9549648	70.98446	1	0	0	0	0
2024-11-06 22:24:00	33.2194862	70.9631748	70.98446	1	0	0	0	0
2024-11-06 22:24:10	33.239421584	70.9601604	70.98446	1	0	0	0	0
2024-11-06 22:24:20	33.267548384	70.9556154	70.98446	1	0	0	0	0
2024-11-06 22:24:30	33.301641232	70.9538028	70.98446	1	0	0	0	0
2024-11-06 22:24:40	33.336547632	70.9523628	70.98446	1	0	0	0	0
2024-11-06 22:24:50	33.398809184	70.9458716	70.98446	1	0	0	0	0
2024-11-06 22:25:00	33.464800984	70.9386916	70.98446	1	0	0	0	0
2024-11-06 22:25:10	33.432213600000004	70.940111884	70.98446	1	0	0	0	0
2024-11-06 22:25:20	33.3861836	70.94270493399999	70.98446	1	0	0	0	0
2024-11-06 22:25:30	33.444373364	70.93678301599999	70.98446	1	0	0	0	0
2024-11-06 22:25:40	33.516774914	70.929699966	70.98446	1	0	0	0	0
2024-11-06 22:25:50	33.581086536	70.922934332	70.98446	1	0	0	0	0
2024-11-06 22:26:00	33.644294986	70.91621198200001	70.98446	1	0	0	0	0
2024-11-06 22:26:10	33.6058384	70.923723368	70.98446	1	0	0	0	0
2024-11-06 22:26:20	33.5535184	70.933175718	70.98446	1	0	0	0	0
2024-11-06 22:26:30	33.5436012	70.93859384	70.98446	1	0	0	0	0
2024-11-06 22:26:40	33.5394662	70.94346184	70.98446	1	0	0	0	0
2024-11-06 22:26:50	33.536029744	70.94344936	70.98446	1	0	0	0	0
2024-11-06 22:27:00	33.532688543999996	70.94277136	70.98446	1	0	0	0	0
2024-11-06 22:27:10	33.502541795999996	70.9480932	70.98446	1	0	0	0	0
2024-11-06 22:27:20	33.468739746	70.9542332	70.98446	1	0	0	0	0
2024-11-06 22:27:30	33.43429116	70.9602192	70.98446	1	0	0	0	0
2024-11-06 22:27:40	33.39975441	70.9661842	70.98446	1	0	0	0	0
2024-11-06 22:27:50	33.41333496	70.96622239999999	70.98446	1	0	0	0	0
2024-11-06 22:28:00	33.43347696	70.9654524	70.98446	1	0	0	0	0
2024-11-06 22:28:10	33.49165344	70.9563576	70.98446	1	0	0	0	0
2024-11-06 22:28:20	33.55501644	70.94612760000001	70.98446	1	0	0	0	0
2024-11-06 22:28:30	33.591178332000005	70.9444996	70.98446	1	0	0	0	0
2024-11-06 22:28:40	33.623630982	70.9440446	70.98446	1	0	0	0	0
2024-11-06 22:28:50	33.538656168	70.955159664	70.98446	1	0	0	0	0
2024-11-06 22:29:00	33.437668518	70.967852464	70.98446	1	0	0	0	0
2024-11-06 22:29:10	33.41639668	70.971102336	70.98446	1	0	0	0	0
2024-11-06 22:29:20	33.40599518	70.973064536	70.98446	1	0	0	0	0
2024-11-06 22:29:30	33.39821432	70.9743824	70.98446	1	0	0	0	0
2024-11-06 22:29:40	33.39079082	70.97561239999999	70.98446	1	0	0	0	0
2024-11-06 22:29:50	33.413396	70.9737096	70.98446	1	0	0	0	0
2024-11-06 22:30:00	33.440096	70.9713796	70.98446	1	0	0	0	0
2024-11-06 22:30:10	33.516772476	70.9567208	70.98446	1	0	0	0	0
2024-11-06 22:30:20	33.600263926000004	70.9403808	70.98446	1	0	0	0	0
2024-11-06 22:30:30	33.68073152	70.9330388	70.98446	1	0	0	0	0
2024-11-06 22:30:40	33.76078677	70.92692380000001	70.98446	1	0	0	0	0
2024-11-06 22:30:50	33.808029504000004	70.92216400000001	70.98446	1	0	0	0	0
2024-11-06 22:31:00	33.850797804	70.917589	70.98446	1	0	0	0	0
2024-11-06 22:31:10	33.866162068	70.918600064	70.98446	1	0	0	0	0
2024-11-06 22:31:20	33.877789418000006	70.920372864	70.98446	1	0	0	0	0
2024-11-06 22:31:30	33.799878836	70.932667208	70.98446	1	0	0	0	0
2024-11-06 22:31:40	33.709758535999995	70.94639630799999	70.98446	1	0	0	0	0
2024-11-06 22:31:50	33.679467896	70.949287328	70.98446	1	0	0	0	0
2024-11-06 22:32:00	33.657335846	70.95070042799999	70.98446	1	0	0	0	0
2024-11-06 22:32:10	33.700616	70.947592	70.98446	1	0	0	0	0
2024-11-06 22:32:20	33.752815999999996	70.943867	70.98446	1	0	0	0	0
2024-11-06 22:32:30	33.806325044	70.9347696	70.98446	1	0	0	0	0
2024-11-06 22:32:40	33.860012594000004	70.9249396	70.98446	1	0	0	0	0
2024-11-06 22:32:50	33.83259204	70.9332376	70.98446	1	0	0	0	0
2024-11-06 22:33:00	33.794111290000004	70.9440076	70.98446	1	0	0	0	0
2024-11-06 22:33:10	33.769575196	70.9522212	70.98446	1	0	0	0	0
2024-11-06 22:33:20	33.746940646	70.96008619999999	70.98446	1	0	0	0	0
2024-11-06 22:33:30	33.714035616000004	70.963318	70.98446	1	0	0	0	0
2024-11-06 22:33:40	33.679730066000005	70.965918	70.98446	1	0	0	0	0
2024-11-06 22:33:50	33.684623104	70.9672552	70.98446	1	0	0	0	0
2024-11-06 22:34:00	33.694861404	70.9684202	70.98446	1	0	0	0	0
2024-11-06 22:34:10	33.6956852	70.96717664	70.98446	1	0	0	0	0
2024-11-06 22:34:20	33.695225199999996	70.96560464000001	70.98446	1	0	0	0	0
2024-11-06 22:34:30	33.641830604	70.97488656	70.98446	1	0	0	0	0
2024-11-06 22:34:40	33.581217654	70.98564856	70.98446	1	0	0	0	0
2024-11-06 22:34:50	33.539221896	70.99056560000001	70.98446	1	0	0	0	0
2024-11-06 22:35:00	33.499764846	70.99468560000001	70.98446	1	0	0	0	0
2024-11-06 22:35:10	33.4979384	70.99283480000001	70.98446	1	0	0	0	0
2024-11-06 22:35:20	33.5012434	70.9901698	70.98446	1	0	0	0	0
2024-11-06 22:35:30	33.429447616000004	71.00162	70.98446	1	0	0	0	0
2024-11-06 22:35:40	33.347410816	71.014995	70.98446	1	0	0	0	0
2024-11-06 22:35:50	33.319170396	71.0146376	70.98446	1	0	0	0	0
2024-11-06 22:36:00	33.298265846	71.0124076	70.98446	1	0	0	0	0
2024-11-06 22:36:10	33.272869688	71.0179392	70.98446	1	0	0	0	0
2024-11-06 22:36:20	33.246861038000006	71.02452919999999	70.98446	1	0	0	0	0
2024-11-06 22:36:30	33.271889616	71.01983562	70.98446	1	0	0	0	0
2024-11-06 22:36:40	33.303877815999996	71.01360337	70.98446	1	0	0	0	0
2024-11-06 22:36:50	33.247660844	71.020955812	70.98446	1	0	0	0	0
2024-11-06 22:37:00	33.179415894	71.030160712	70.98446	1	0	0	0	0
2024-11-06 22:37:10	33.17497684	71.033104896	70.98446	1	0	0	0	0
2024-11-06 22:37:20	33.17923859	71.035195346	70.98446	1	0	0	0	0
2024-11-06 22:37:30	33.134380412	71.036965872	70.98446	1	0	0	0	0
2024-11-06 22:37:40	33.082824062	71.038692772	70.98446	1	0	0	0	0
2024-11-06 22:37:50	33.056717224	71.0388076	70.98446	1	0	0	0	0
2024-11-06 22:38:00	33.034080774	71.03870260000001	70.98446	1	0	0	0	0
2024-11-06 22:38:10	32.995539204	71.0441856	70.98446	1	0	0	0	0
2024-11-06 22:38:20	32.954828754000005	71.0504306	70.98446	1	0	0	0	0
2024-11-06 22:38:30	32.89947396	71.053861316	70.98446	1	0	0	0	0
2024-11-06 22:38:40	32.84212221	71.056908266	70.98446	1	0	0	0	0
2024-11-06 22:38:50	32.811440399999995	71.061064984	70.98446	1	0	0	0	0
2024-11-06 22:39:00	32.784395399999994	71.06537303399999	70.98446	1	0	0	0	0
2024-11-06 22:39:10	32.823649599999996	71.056066472	70.98446	1	0	0	0	0
2024-11-06 22:39:20	32.8719446	71.04490337200001	70.98446	1	0	0	0	0
2024-11-06 22:39:30	32.984036828	71.027827728	70.98446	1	0	0	0	0
2024-11-06 22:39:40	33.104828678000004	71.009945828	70.98446	1	0	0	0	0
2024-11-06 22:39:50	33.119817204	71.0034352	70.98446	1	0	0	0	0
2024-11-06 22:40:00	33.120378004	70.9984752	70.98446	1	0	0	0	0
2024-11-06 22:40:10	33.135803368	70.998892	70.98446	1	0	0	0	0
2024-11-06 22:40:20	33.153255718	71.000042	70.98446	1	0	0	0	0
2024-11-06 22:40:30	33.143646	71.0004572	70.98446	1	0	0	0	0
2024-11-06 22:40:40	33.130345999999996	71.0007722	70.98446	1	0	0	0	0
2024-11-06 22:40:50	33.130345999999996	70.9946588	70.98446	1	0	0	0	0
2024-11-06 22:41:00	33.227764994000005	70.9876688	70.98446	1	0	0	0	0
2024-11-06 22:41:10	33.227764994000005	70.9876688	70.98446	1	0	0	0	0
2024-11-06 22:41:20	33.1588495	71.0013984	70.98446	1	0	0	0	0
2024-11-06 22:41:30	33.0733545	71.01795340000001	70.98446	1	0	0	0	0
2024-11-06 22:41:40	33.037209768	71.018928	70.98446	1	0	0	0	0
2024-11-06 22:41:50	33.007794618	71.017778	70.98446	1	0	0	0	0
2024-11-06 22:42:00	33.03884619901478	71.01415034482758	70.98446	1	0	0	0	0
2024-11-06 22:42:10	33.07814324334975	71.01018482758622	70.98446	1	0	0	0	0
2024-11-06 22:42:20	33.10158240406091	71.00426131979695	70.98446	1	0	0	0	0
2024-11-06 22:42:30	33.12222311472081	70.99799228426396	70.98446	1	0	0	0	0
2024-11-06 22:42:40	33.0950968	70.9986304	70.98446	1	0	0	0	0
2024-11-06 22:42:50	33.0614568	71.0002104	70.98446	1	0	0	0	0
2024-11-06 22:43:00	33.10218252	70.9956392	70.98446	1	0	0	0	0
2024-11-06 22:43:10	33.153049020000005	70.9902292	70.98446	1	0	0	0	0
2024-11-06 22:43:20	33.098847348	71.0020232	70.98446	1	0	0	0	0
2024-11-06 22:43:30	33.030318197999996	71.0161632	70.98446	1	0	0	0	0
2024-11-06 22:43:40	32.957895048	71.0221456	70.98446	1	0	0	0	0
2024-11-06 22:43:50	32.884940898	71.02701560000001	70.98446	1	0	0	0	0
2024-11-06 22:44:00	32.90725986	71.0162832	70.98446	1	0	0	0	0
2024-11-06 22:44:10	32.942570610000004	71.0034232	70.98446	1	0	0	0	0
2024-11-06 22:44:20	32.979266084	71.0024432	70.98446	1	0	0	0	0
2024-11-06 22:44:30	33.016150384	71.00308319999999	70.98446	1	0	0	0	0
2024-11-06 22:44:40	32.979584956	71.0118808	70.98446	1	0	0	0	0
2024-11-06 22:44:50	32.933003656	71.0217908	70.98446	1	0	0	0	0
2024-11-06 22:45:00	32.909256244	71.0212508	70.98446	1	0	0	0	0
2024-11-06 22:45:10	32.888622544	71.01928579999999	70.98446	1	0	0	0	0
2024-11-06 22:45:20	32.960823168	71.00785824799999	70.98446	1	0	0	0	0
2024-11-06 22:45:30	33.045683018	70.99514034799999	70.98446	1	0	0	0	0
2024-11-06 22:45:40	33.06172744	70.992059152	70.98446	1	0	0	0	0
2024-11-06 22:45:50	33.06838794	70.990292052	70.98446	1	0	0	0	0
2024-11-06 22:46:00	33.042059792	71.000017312	70.98446	1	0	0	0	0
2024-11-06 22:46:10	33.011233192	71.011309712	70.98446	1	0	0	0	0
2024-11-06 22:46:20	32.87650618	71.024628928	70.98446	1	0	0	0	0
2024-11-06 22:46:30	32.727610930000004	71.038224528	70.98446	1	0	0	0	0
2024-11-06 22:46:40	32.7097435	71.039856	70.98446	1	0	0	0	0
2024-11-06 22:46:50	32.857281295604395	71.01500485714286	70.98446	1	0	0	0	0
2024-11-06 22:47:00	32.901619587999996	71.007754	70.98446	1	0	0	0	0
2024-11-06 22:47:10	32.926537188	71.003804	70.98446	1	0	0	0	0
2024-11-06 22:47:20	32.939369836	71.0042628	70.98446	1	0	0	0	0
2024-11-06 22:47:30	32.950554536	71.0053228	70.98446	1	0	0	0	0
2024-11-06 22:47:40	32.966215752	71.0002228	70.98446	1	0	0	0	0
2024-11-06 22:47:50	32.982487402	70.99428280000001	70.98446	1	0	0	0	0
2024-11-06 22:48:00	33.027448987999996	70.984455224	70.98446	1	0	0	0	0
2024-11-06 22:48:10	33.076322837999996	70.974097524	70.98446	1	0	0	0	0
2024-11-06 22:48:20	33.074627884	70.976634508	70.98446	1	0	0	0	0
2024-11-06 22:48:30	33.066037184	70.98092985800001	70.98446	1	0	0	0	0
2024-11-06 22:48:40	33.097056604	70.97747856800001	70.98446	1	0	0	0	0
2024-11-06 22:48:50	33.133477404	70.972970918	70.98446	1	0	0	0	0
2024-11-06 22:49:00	33.247721223999996	70.9562644	70.98446	1	0	0	0	0
2024-11-06 22:49:10	33.372577274	70.93789439999999	70.98446	1	0	0	0	0
2024-11-06 22:49:20	33.359167856	70.9406224	70.98446	1	0	0	0	0
2024-11-06 22:49:30	33.326904056000004	70.9462274	70.98446	1	0	0	0	0
2024-11-06 22:49:40	33.335646144	70.946607708	70.98446	1	0	0	0	0
2024-11-06 22:49:50	33.349979944	70.946275558	70.98446	1	0	0	0	0
2024-11-06 22:50:00	33.337362468	70.946675436	70.98446	1	0	0	0	0
2024-11-06 22:50:10	33.321069818	70.947175136	70.98446	1	0	0	0	0
2024-11-06 22:50:20	33.386162736	70.941086056	70.98446	1	0	0	0	0
2024-11-06 22:50:30	33.462353686	70.934098506	70.98446	1	0	0	0	0
2024-11-06 22:50:40	33.409070896	70.94085	70.98446	1	0	0	0	0
2024-11-06 22:50:50	33.338132596	70.94947499999999	70.98446	1	0	0	0	0
2024-11-06 22:51:00	33.291728784	70.95955199999999	70.98446	1	0	0	0	0
2024-11-06 22:51:10	33.248670583999996	70.969827	70.98446	1	0	0	0	0
2024-11-06 22:51:20	33.2277428	70.96962119999999	70.98446	1	0	0	0	0
2024-11-06 22:51:30	33.2098328	70.9679862	70.98446	1	0	0	0	0
2024-11-06 22:51:40	33.225534092000004	70.96934759999999	70.98446	1	0	0	0	0
2024-11-06 22:51:50	33.245818742	70.9711176	70.98446	1	0	0	0	0
2024-11-06 22:52:00	33.204636228	70.97406869199999	70.98446	1	0	0	0	0
2024-11-06 22:52:10	33.155071828000004	70.977180842	70.98446	1	0	0	0	0
2024-11-06 22:52:20	33.167657736	70.97722240799999	70.98446	1	0	0	0	0
2024-11-06 22:52:30	33.188718686	70.976845258	70.98446	1	0	0	0	0
2024-11-06 22:52:40	31.686754836	70.977470956	70.54446624799999	1	0	0	0	0
2024-11-06 22:52:50	29.977105786	70.978233406	70.044473348	1	0	0	0	0
2024-11-06 22:53:00	28.199865652	70.960612744	69.9844742	1	0	0	0	0
2024-11-06 22:53:10	26.413408552	70.940485294	69.9844742	1	0	0	0	0
2024-11-06 22:53:20	26.254073168	70.8990596	69.9844742	1	0	0	0	0
2024-11-06 22:53:30	26.316618018	70.8547296	69.9844742	1	0	0	0	0
2024-11-06 22:53:40	26.358576456	70.8245368	69.9844742	1	0	0	0	0
2024-11-06 22:53:50	26.397727656	70.7962718	69.9844742	1	0	0	0	0
2024-11-06 22:54:00	26.41277438	70.76821799999999	69.9844742	1	0	0	0	0
2024-11-06 22:54:10	26.424534129999998	70.74019299999999	69.9844742	1	0	0	0	0
2024-11-06 22:54:20	26.420116796	70.7172412	69.9844742	1	0	0	0	0
2024-11-06 22:54:30	26.413493496	70.6949812	69.9844742	1	0	0	0	0
2024-11-06 22:54:40	26.453501396	70.6680528	69.9844742	1	0	0	0	0
2024-11-06 22:54:50	26.499868096	70.6404878	69.9844742	1	0	0	0	0
2024-11-06 22:55:00	26.505093079999998	70.61786839999999	69.9844742	1	0	0	0	0
2024-11-06 22:55:10	26.504707829999997	70.59592339999999	69.9844742	1	0	0	0	0
2024-11-06 22:55:20	26.531619696	70.570020732	69.9844742	1	0	0	0	0
2024-11-06 22:55:30	26.562253896	70.543578382	69.9844742	1	0	0	0	0
2024-11-06 22:55:40	26.61641802	70.519744968	69.9844742	1	0	0	0	0
2024-11-06 22:55:50	26.67379077	70.496267318	69.9844742	1	0	0	0	0
2024-11-06 22:56:00	26.7143212	70.478043444	69.9844742	1	0	0	0	0
2024-11-06 22:56:10	26.75255495	70.460535994	69.9844742	1	0	0	0	0
2024-11-06 22:56:20	26.678532863999997	70.452818456	69.9844742	1	0	0	0	0
2024-11-06 22:56:30	26.589203163999997	70.446435906	69.9844742	1	0	0	0	0
2024-11-06 22:56:40	26.644680632	70.4153364	69.9844742	1	0	0	0	0
2024-11-06 22:56:50	26.719904532	70.3808664	69.9844742	1	0	0	0	0
2024-11-06 22:57:00	26.951084056	70.341734776	69.9844742	1	0	0	0	0
2024-11-06 22:57:10	27.203530256	70.301967476	69.9844742	1	0	0	0	0
2024-11-06 22:57:20	27.299121164	70.274110624	69.9844742	1	0	0	0	0
2024-11-06 22:57:30	27.373322714	70.24787792400001	69.9844742	1	0	0	0	0
2024-11-06 22:57:40	27.548041824	70.2185896	69.9844742	1	0	0	0	0
2024-11-06 22:57:50	27.736467874	70.18888460000001	69.9844742	1	0	0	0	0
2024-11-06 22:58:00	27.817949548	70.171176376	69.9844742	1	0	0	0	0
2024-11-06 22:58:10	27.884847898	70.155104076	69.9844742	1	0	0	0	0
2024-11-06 22:58:20	27.97293436	70.137311024	69.9844742	1	0	0	0	0
2024-11-06 22:58:30	28.063910110000002	70.119283324	69.9844742	1	0	0	0	0
2024-11-06 22:58:40	28.157756024	70.1012712	69.9844742	1	0	0	0	0
2024-11-06 22:58:50	28.251993324	70.08326120000001	69.9844742	1	0	0	0	0
2024-11-06 22:59:00	28.362257492	70.0645428	69.9844742	1	0	0	0	0
2024-11-06 22:59:10	28.474707142	70.0457278	69.9844742	1	0	0	0	0
2024-11-06 22:59:20	28.533836096	70.0320916	69.9844742	1	0	0	0	0
2024-11-06 22:59:30	28.585694046	70.0191616	69.9844742	1	0	0	0	0
2024-11-06 22:59:40	28.71504352	70.0020076	69.9844742	1	0	0	0	0
2024-11-06 22:59:50	28.85496002	69.9842776	69.9844742	1	0	0	0	0
2024-11-06 23:00:00	28.93201108	69.97555	69.9844742	1	0	0	0	0
2024-11-06 23:00:10	29.00048958	69.96805	69.9844742	1	0	0	0	0
2024-11-06 23:00:20	29.16383472	69.943489396	69.9844742	1	0	0	0	0
2024-11-06 23:00:30	29.340116220000002	69.916602346	69.9844742	1	0	0	0	0
2024-11-06 23:00:40	29.454836	69.898686104	69.9844742	1	0	0	0	0
2024-11-06 23:00:50	29.561161000000002	69.881993154	69.9844742	1	0	0	0	0
2024-11-06 23:01:00	29.701047616	69.868072732	69.9844742	1	0	0	0	0
2024-11-06 23:01:10	29.845510815999997	69.85453038200001	69.9844742	1	0	0	0	0
2024-11-06 23:01:20	29.873205056	69.852920568	69.9844742	1	0	0	0	0
2024-11-06 23:01:30	29.884976255999998	69.85293791800001	69.9844742	1	0	0	0	0
2024-11-06 23:01:40	30.007470859999998	69.8414076	69.9844742	1	0	0	0	0
2024-11-06 23:01:50	30.14506411	69.8283026	69.9844742	1	0	0	0	0
2024-11-06 23:02:00	30.232624828	69.8199056	69.9844742	1	0	0	0	0
2024-11-06 23:02:10	30.313362927999997	69.81215060000001	69.9844742	1	0	0	0	0
2024-11-06 23:02:20	30.496623404	69.7920976	69.9844742	1	0	0	0	0
2024-11-06 23:02:30	30.693864204	69.7703676	69.9844742	1	0	0	0	0
2024-11-06 23:02:40	30.740207532	69.7672012	69.9844742	1	0	0	0	0
2024-11-06 23:02:50	30.765973932	69.7665662	69.9844742	1	0	0	0	0
2024-11-06 23:03:00	30.927419304	69.7533252	69.9844742	1	0	0	0	0
2024-11-06 23:03:10	31.107366354	69.7383652	69.9844742	1	0	0	0	0
2024-11-06 23:03:20	31.281950419999998	69.7181516	69.9844742	1	0	0	0	0
2024-11-06 23:03:30	31.45580317	69.6972216	69.9844742	1	0	0	0	0
2024-11-06 23:03:40	31.599394172	69.688741268	69.9844742	1	0	0	0	0
2024-11-06 23:03:50	31.738858571999998	69.68195861800001	69.9844742	1	0	0	0	0
2024-11-06 23:04:00	31.753063991999998	69.689923096	69.9844742	1	0	0	0	0
2024-11-06 23:04:10	31.750188641999998	69.699898546	69.9844742	1	0	0	0	0
2024-11-06 23:04:20	31.84858444	69.695267536	69.9844742	1	0	0	0	0
2024-11-06 23:04:30	31.960789939999998	69.688644736	69.9844742	1	0	0	0	0
2024-11-06 23:04:40	32.033895543999996	69.686413664	69.9844742	1	0	0	0	0
2024-11-06 23:04:50	32.101669343999994	69.68478146400001	69.9844742	1	0	0	0	0
2024-11-06 23:05:00	32.255947232	69.67347753600001	69.9844742	1	0	0	0	0
2024-11-06 23:05:10	32.422021132	69.660854736	69.9844742	1	0	0	0	0
2024-11-06 23:05:20	32.4947764	69.655835312	69.9844742	1	0	0	0	0
2024-11-06 23:05:30	32.554806400000004	69.651852712	69.9844742	1	0	0	0	0
2024-11-06 23:05:40	32.6255284	69.656655284	69.9844742	1	0	0	0	0
2024-11-06 23:05:50	32.697708399999996	69.662655834	69.9844742	1	0	0	0	0
2024-11-06 23:06:00	32.7813548	69.656311304	69.9844742	1	0	0	0	0
2024-11-06 23:06:10	32.8665648	69.648283354	69.9844742	1	0	0	0	0
2024-11-06 23:06:20	32.966015224	69.6490008	69.9844742	1	0	0	0	0
2024-11-06 23:06:30	33.067407524000004	69.65091079999999	69.9844742	1	0	0	0	0
2024-11-06 23:06:40	33.137814056	69.6492832	69.9844742	1	0	0	0	0
2024-11-06 23:06:50	33.203995256	69.6471732	69.9844742	1	0	0	0	0
2024-11-06 23:07:00	33.334854476	69.6413804	69.9844742	1	0	0	0	0
2024-11-06 23:07:10	33.474533426	69.63508540000001	69.9844742	1	0	0	0	0
2024-11-06 23:07:20	33.489906744	69.64049	69.9844742	1	0	0	0	0
2024-11-06 23:07:30	33.488329294	69.64749	69.9844742	1	0	0	0	0
2024-11-06 23:07:40	33.5378996	69.654399624	69.9844742	1	0	0	0	0
2024-11-06 23:07:50	33.5944446	69.661296924	69.9844742	1	0	0	0	0
2024-11-06 23:08:00	33.7039876	69.654162976	69.9844742	1	0	0	0	0
2024-11-06 23:08:10	33.8207576	69.645115676	69.9844742	1	0	0	0	0
2024-11-06 23:08:20	33.900493812	69.6466084	69.9844742	1	0	0	0	0
2024-11-06 23:08:30	33.975179962	69.6495384	69.9844742	1	0	0	0	0
2024-11-06 23:08:40	34.010646888	69.6572468	69.9844742	1	0	0	0	0
2024-11-06 23:08:50	34.040765738	69.6656068	69.9844742	1	0	0	0	0
2024-11-06 23:09:00	34.0445208	69.67387880000001	69.9844742	1	0	0	0	0
2024-11-06 23:09:10	34.0446808	69.6821388	69.9844742	1	0	0	0	0
2024-11-06 23:09:20	34.001689999999996	69.69262520000001	69.9844742	1	0	0	0	0
2024-11-06 23:09:30	33.952815	69.70341520000001	69.9844742	1	0	0	0	0
2024-11-06 23:09:40	33.985579492	69.711955084	69.9844742	1	0	0	0	0
2024-11-06 23:09:50	34.029476642	69.720188134	69.9844742	1	0	0	0	0
2024-11-06 23:10:00	34.092169668	69.71523341599999	69.9844742	1	0	0	0	0
2024-11-06 23:10:10	34.157425767999996	69.70848036599999	69.9844742	1	0	0	0	0
2024-11-06 23:10:20	34.283835136	69.7033096	69.9844742	1	0	0	0	0
2024-11-06 23:10:30	34.418583586	69.6983546	69.9844742	1	0	0	0	0
2024-11-06 23:10:40	34.381679104	69.7119588	69.9844742	1	0	0	0	0
2024-11-06 23:10:50	34.321367404	69.7280938	69.9844742	1	0	0	0	0
2024-11-06 23:11:00	34.3333096	69.7360184	69.9844742	1	0	0	0	0
2024-11-06 23:11:10	34.3551046	69.7428234	69.9844742	1	0	0	0	0
2024-11-06 23:11:20	34.400952024	69.7378804	69.9844742	1	0	0	0	0
2024-11-06 23:11:30	34.450079324	69.73133539999999	69.9844742	1	0	0	0	0
2024-11-06 23:11:40	34.513577376	69.735522	69.9844742	1	0	0	0	0
2024-11-06 23:11:50	34.579035076	69.741172	69.9844742	1	0	0	0	0
2024-11-06 23:12:00	34.569888399999996	69.7466108	69.9844742	1	0	0	0	0
2024-11-06 23:12:10	34.5505684	69.7520208	69.9844742	1	0	0	0	0
2024-11-06 23:12:20	34.521252788	69.7672692	69.9844742	1	0	0	0	0
2024-11-06 23:12:30	34.490574138	69.7838592	69.9844742	1	0	0	0	0
2024-11-06 23:12:40	34.482533708	69.791761796	69.9844742	1	0	0	0	0
2024-11-06 23:12:50	34.477580308	69.798479746	69.9844742	1	0	0	0	0
2024-11-06 23:13:00	34.552412504	69.794100104	69.9844742	1	0	0	0	0
2024-11-06 23:13:10	34.638124554	69.78820715399999	69.9844742	1	0	0	0	0
2024-11-06 23:13:20	34.630791476	69.7956928	69.9844742	1	0	0	0	0
2024-11-06 23:13:30	34.610770425999995	69.80500280000001	69.9844742	1	0	0	0	0
2024-11-06 23:13:40	34.676919856	69.80097464	69.9844742	1	0	0	0	0
2024-11-06 23:13:50	34.754819806	69.79512764	69.9844742	1	0	0	0	0
2024-11-06 23:14:00	34.775066072	69.80251936	69.9844742	1	0	0	0	0
2024-11-06 23:14:10	34.787450472	69.81171636	69.9844742	1	0	0	0	0
2024-11-06 23:14:20	34.775086896	69.81547760000001	69.9844742	1	0	0	0	0
2024-11-06 23:14:30	34.759348596	69.8184976	69.9844742	1	0	0	0	0
2024-11-06 23:14:40	34.7335548	69.827058916	69.9844742	1	0	0	0	0
2024-11-06 23:14:50	34.706389800000004	69.836375866	69.9844742	1	0	0	0	0
2024-11-06 23:15:00	34.736858288	69.836581384	69.9844742	1	0	0	0	0
2024-11-06 23:15:10	34.775185887999996	69.835544434	69.9844742	1	0	0	0	0
2024-11-06 23:15:20	34.792061508	69.83962904	69.9844742	1	0	0	0	0
2024-11-06 23:15:30	34.806011858000005	69.84441204000001	69.9844742	1	0	0	0	0
2024-11-06 23:15:40	34.794840584	69.849064668	69.9844742	1	0	0	0	0
2024-11-06 23:15:50	34.780243634	69.853699518	69.9844742	1	0	0	0	0
2024-11-06 23:16:00	34.74958312	69.860606792	69.9844742	1	0	0	0	0
2024-11-06 23:16:10	34.716732119999996	69.867823942	69.9844742	1	0	0	0	0
2024-11-06 23:16:20	34.671851167999996	69.8792808	69.9844742	1	0	0	0	0
2024-11-06 23:16:30	34.625329768	69.8913158	69.9844742	1	0	0	0	0
2024-11-06 23:16:40	34.671103252	69.8915104	69.9844742	1	0	0	0	0
2024-11-06 23:16:50	34.729462402	69.8900904	69.9844742	1	0	0	0	0
2024-11-06 23:17:00	34.689337496	69.8960008	69.9844742	1	0	0	0	0
2024-11-06 23:17:10	34.635782946	69.9029108	69.9844742	1	0	0	0	0
2024-11-06 23:17:20	34.624280384	69.91507	69.9844742	1	0	0	0	0
2024-11-06 23:17:30	34.618512184000004	69.927945	69.9844742	1	0	0	0	0
2024-11-06 23:17:40	34.60391424	69.924991308	69.9844742	1	0	0	0	0
2024-11-06 23:17:50	34.58811224	69.919879158	69.9844742	1	0	0	0	0
2024-11-06 23:18:00	34.543218716	69.927376792	69.9844742	1	0	0	0	0
2024-11-06 23:18:10	34.494358166	69.936593942	69.9844742	1	0	0	0	0
2024-11-06 23:18:20	34.412055944	69.9497692	69.9844742	1	0	0	0	0
2024-11-06 23:18:30	34.325193494000004	69.9634842	69.9844742	1	0	0	0	0
2024-11-06 23:18:40	34.320548828	69.9719368	69.9844742	1	0	0	0	0
2024-11-06 23:18:50	34.327115678	69.97967179999999	69.9844742	1	0	0	0	0
2024-11-06 23:19:00	34.158862872	69.997810336	69.9844742	1	0	0	0	0
2024-11-06 23:19:10	33.966771021999996	70.017367536	69.9844742	1	0	0	0	0
2024-11-06 23:19:20	34.002814552	70.008992348	69.9844742	1	0	0	0	0
2024-11-06 23:19:30	34.069967452	69.99680819800001	69.9844742	1	0	0	0	0
2024-11-06 23:19:40	34.091759036	69.994331416	69.9844742	1	0	0	0	0
2024-11-06 23:19:50	34.107364986	69.993178366	69.9844742	1	0	0	0	0
2024-11-06 23:20:00	34.063397092	69.99814839999999	69.9844742	1	0	0	0	0
2024-11-06 23:20:10	34.011305492	70.0039534	69.9844742	1	0	0	0	0
2024-11-06 23:20:20	33.921473552	70.0170888	69.9844742	1	0	0	0	0
2024-11-06 23:20:30	33.826495202	70.0312238	69.9844742	1	0	0	0	0
2024-11-06 23:20:40	33.824859771999996	70.0306012	69.9844742	1	0	0	0	0
2024-11-06 23:20:50	33.835952922	70.0279662	69.9844742	1	0	0	0	0
2024-11-06 23:21:00	33.825631096	70.0278348	69.9844742	1	0	0	0	0
2024-11-06 23:21:10	33.812389046	70.0280448	69.9844742	1	0	0	0	0
2024-11-06 23:21:20	33.8168852	70.025612072	69.9844742	1	0	0	0	0
2024-11-06 23:21:30	33.8238002	70.02281897200001	69.9844742	1	0	0	0	0
2024-11-06 23:21:40	33.750702256	70.032430528	69.9844742	1	0	0	0	0
2024-11-06 23:21:50	33.666693456	70.043733628	69.9844742	1	0	0	0	0
2024-11-06 23:22:00	33.680030388	70.040974284	69.9844742	1	0	0	0	0
2024-11-06 23:22:10	33.706641738	70.036297334	69.9844742	1	0	0	0	0
2024-11-06 23:22:20	33.650956456	70.041845016	69.9844742	1	0	0	0	0
2024-11-06 23:22:30	33.584048906	70.04878696600001	69.9844742	1	0	0	0	0
2024-11-06 23:22:40	33.581659348	70.04831148400001	69.9844742	1	0	0	0	0
2024-11-06 23:22:50	33.588067698	70.04682453400001	69.9844742	1	0	0	0	0
2024-11-06 23:23:00	33.588530152000004	70.04351941600001	69.9844742	1	0	0	0	0
2024-11-06 23:23:10	33.588181802	70.039966366	69.9844742	1	0	0	0	0
2024-11-06 23:23:20	33.588463312	70.03976	69.9844742	1	0	0	0	0
2024-11-06 23:23:30	33.588830712	70.04001000000001	69.9844742	1	0	0	0	0
2024-11-06 23:23:40	33.543992688	70.043148116	69.9844742	1	0	0	0	0
2024-11-06 23:23:50	33.492990288	70.046680066	69.9844742	1	0	0	0	0
2024-11-06 23:24:00	33.4829826	70.041879384	69.9844742	1	0	0	0	0
2024-11-06 23:24:10	33.4785651	70.03594243399999	69.9844742	1	0	0	0	0
2024-11-06 23:24:20	33.396940799999996	70.049354	69.9844742	1	0	0	0	0
2024-11-06 23:24:30	33.3047883	70.065404	69.9844742	1	0	0	0	0
2024-11-06 23:24:40	33.287659716	70.0643292	69.9844742	1	0	0	0	0
2024-11-06 23:24:50	33.280761666000004	70.0609192	69.9844742	1	0	0	0	0
2024-11-06 23:25:00	33.362850649019606	70.04790960784314	69.9844742	1	0	0	0	0
2024-11-06 23:25:10	33.45707422745098	70.03359098039216	69.9844742	1	0	0	0	0
2024-11-06 23:25:20	33.42160261428571	70.03726142857143	69.9844742	1	0	0	0	0
2024-11-06 23:25:30	33.36142715510204	70.04435836734693	69.9844742	1	0	0	0	0
2024-11-06 23:25:40	33.291431431999996	70.0523644	69.9844742	1	0	0	0	0
2024-11-06 23:25:50	33.220096582	70.0604944	69.9844742	1	0	0	0	0
2024-11-06 23:26:00	33.28193464	70.05183224	69.9844742	1	0	0	0	0
2024-11-06 23:26:10	33.36193264	70.04088023999999	69.9844742	1	0	0	0	0
2024-11-06 23:26:20	33.306721764	70.04495776	69.9844742	1	0	0	0	0
2024-11-06 23:26:30	33.233073314	70.05108476000001	69.9844742	1	0	0	0	0
2024-11-06 23:26:40	33.224495672	70.0545216	69.9844742	1	0	0	0	0
2024-11-06 23:26:50	33.224791322	70.0575916	69.9844742	1	0	0	0	0
2024-11-06 23:27:00	33.205113216	70.0541628	69.9844742	1	0	0	0	0
2024-11-06 23:27:10	33.182711416000004	70.0498478	69.9844742	1	0	0	0	0
2024-11-06 23:27:20	33.207512992	70.0442392	69.9844742	1	0	0	0	0
2024-11-06 23:27:30	33.238751392	70.0384542	69.9844742	1	0	0	0	0
2024-11-06 23:27:40	33.194584	70.04265720000001	69.9844742	1	0	0	0	0
2024-11-06 23:27:50	33.140134	70.0482222	69.9844742	1	0	0	0	0
2024-11-06 23:28:00	33.09927296	70.0494224	69.9844742	1	0	0	0	0
2024-11-06 23:28:10	33.060264960000005	70.0500274	69.9844742	1	0	0	0	0
2024-11-06 23:28:20	33.076633644	70.047690692	69.9844742	1	0	0	0	0
2024-11-06 23:28:30	33.100553694	70.044952842	69.9844742	1	0	0	0	0
2024-11-06 23:28:40	33.093095496	70.043020808	69.9844742	1	0	0	0	0
2024-11-06 23:28:50	33.081358445999996	70.041198658	69.9844742	1	0	0	0	0
2024-11-06 23:29:00	33.0463604	70.0456616	69.9844742	1	0	0	0	0
2024-11-06 23:29:10	33.008190400000004	70.0509816	69.9844742	1	0	0	0	0
2024-11-06 23:29:20	32.98095682	70.0582992	69.9844742	1	0	0	0	0
2024-11-06 23:29:30	32.95521457	70.0658892	69.9844742	1	0	0	0	0
2024-11-06 23:29:40	32.823118556000004	70.0777032	69.9844742	1	0	0	0	0
2024-11-06 23:29:50	32.676519756000005	70.0900932	69.9844742	1	0	0	0	0
2024-11-06 23:30:00	32.666746216	70.0839548	69.9844742	1	0	0	0	0
2024-11-06 23:30:10	32.675630666	70.07528980000001	69.9844742	1	0	0	0	0
2024-11-06 23:30:20	32.734663808	70.06677	69.9844742	1	0	0	0	0
2024-11-06 23:30:30	32.800535407999995	70.05827	69.9844742	1	0	0	0	0
2024-11-06 23:30:40	32.7938584	70.0562028	69.9844742	1	0	0	0	0
2024-11-06 23:30:50	32.7772884	70.0550128	69.9844742	1	0	0	0	0
2024-11-06 23:31:00	32.7447156	70.0583152	69.9844742	1	0	0	0	0
2024-11-06 23:31:10	32.7099606	70.0622302	69.9844742	1	0	0	0	0
2024-11-06 23:31:20	32.6973021182266	70.06291241379311	69.9844742	1	0	0	0	0
2024-11-06 23:31:30	32.68765679802956	70.06315379310345	69.9844742	1	0	0	0	0
2024-11-06 23:31:40	32.699887664974625	70.0580511675127	69.9844742	1	0	0	0	0
2024-11-06 23:31:50	32.715979035532996	70.05200548223351	69.9844742	1	0	0	0	0
2024-11-06 23:32:00	32.7048024	70.050291804	69.9844742	1	0	0	0	0
2024-11-06 23:32:10	32.689907399999996	70.049168854	69.9844742	1	0	0	0	0
2024-11-06 23:32:20	32.653844	70.053115496	69.9844742	1	0	0	0	0
2024-11-06 23:32:30	32.614894	70.057753446	69.9844742	1	0	0	0	0
2024-11-06 23:32:40	32.615351896	70.05323680000001	69.9844742	1	0	0	0	0
2024-11-06 23:32:50	32.621183596	70.0474718	69.9844742	1	0	0	0	0
2024-11-06 23:33:00	32.571148364	70.0543656	69.9844742	1	0	0	0	0
2024-11-06 23:33:10	32.513494914	70.0629856	69.9844742	1	0	0	0	0
2024-11-06 23:33:20	32.47124164	70.0665324	69.9844742	1	0	0	0	0
2024-11-06 23:33:30	32.43108839	70.06938740000001	69.9844742	1	0	0	0	0
2024-11-06 23:33:40	32.524518832	70.053742116	69.9844742	1	0	0	0	0
2024-11-06 23:33:50	32.636165231999996	70.035574066	69.9844742	1	0	0	0	0
2024-11-06 23:34:00	32.667724768	70.02710634399999	69.9844742	1	0	0	0	0
2024-11-06 23:34:10	32.688363368000005	70.01996139399999	69.9844742	1	0	0	0	0
2024-11-06 23:34:20	32.7330668	70.01436784	69.9844742	1	0	0	0	0
2024-11-06 23:34:30	32.7810518	70.00898584000001	69.9844742	1	0	0	0	0
2024-11-06 23:34:40	32.872509944	69.99099960000001	69.9844742	1	0	0	0	0
2024-11-06 23:34:50	32.969896244000005	69.97129460000001	69.9844742	1	0	0	0	0
2024-11-06 23:35:00	33.043474408	69.9640284	69.9844742	1	0	0	0	0
2024-11-06 23:35:10	33.113806008000005	69.9584584	69.9844742	1	0	0	0	0
2024-11-06 23:35:20	33.118261248	69.9642492	69.9844742	1	0	0	0	0
2024-11-06 23:35:30	33.113733348000004	69.9715892	69.9844742	1	0	0	0	0
2024-11-06 23:35:40	33.043650992	69.97846016	69.9844742	1	0	0	0	0
2024-11-06 23:35:50	32.964629392	69.98526716	69.9844742	1	0	0	0	0
2024-11-06 23:36:00	32.972446764	69.98209584	69.9844742	1	0	0	0	0
2024-11-06 23:36:10	32.992105814	69.97756384	69.9844742	1	0	0	0	0
2024-11-06 23:36:20	33.079866744	69.9665062	69.9844742	1	0	0	0	0
2024-11-06 23:36:30	33.176914294	69.9545587	69.9844742	1	0	0	0	0
2024-11-06 23:36:40	33.165187200000005	69.9584556	69.9844742	1	0	0	0	0
2024-11-06 23:36:50	33.1386272	69.96451309999999	69.9844742	1	0	0	0	0
2024-11-06 23:37:00	33.075122996000005	69.9732964	69.9844742	1	0	0	0	0
2024-11-06 23:37:10	33.006580946	69.98245139999999	69.9844742	1	0	0	0	0
2024-11-06 23:37:20	33.011669464	69.9841792	69.9844742	1	0	0	0	0
2024-11-06 23:37:30	33.026798514	69.9848942	69.9844742	1	0	0	0	0
2024-11-06 23:37:40	32.94929344	69.994072952	69.9844742	1	0	0	0	0
2024-11-06 23:37:50	32.85915644	70.00440585199999	69.9844742	1	0	0	0	0
2024-11-06 23:38:00	32.854397172	70.000706448	69.9844742	1	0	0	0	0
2024-11-06 23:38:10	32.861280322	69.995093548	69.9844742	1	0	0	0	0
2024-11-06 23:38:20	32.896011336	69.9925104	69.9844742	1	0	0	0	0
2024-11-06 23:38:30	32.934539786	69.99034040000001	69.9844742	1	0	0	0	0
2024-11-06 23:38:40	32.889708872	69.99326318	69.9844742	1	0	0	0	0
2024-11-06 23:38:50	32.833510772	69.99688043	69.9844742	1	0	0	0	0
2024-11-06 23:39:00	32.945508436	69.98332051999999	69.9844742	1	0	0	0	0
2024-11-06 23:39:10	33.080441886	69.96741827	69.9844742	1	0	0	0	0
2024-11-06 23:39:20	33.164819952	69.95967999999999	69.9844742	1	0	0	0	0
2024-11-06 23:39:30	33.242304102	69.95305499999999	69.9844742	1	0	0	0	0
2024-11-06 23:39:40	33.18600436	69.9594232	69.9844742	1	0	0	0	0
2024-11-06 23:39:50	33.11146136	69.9675632	69.9844742	1	0	0	0	0
2024-11-06 23:40:00	33.006336688	69.980222	69.9844742	1	0	0	0	0
2024-11-06 23:40:10	32.897041788	69.993497	69.9844742	1	0	0	0	0
2024-11-06 23:40:20	32.951583704	69.9872668	69.9844742	1	0	0	0	0
2024-11-06 23:40:30	33.028467004	69.9783768	69.9844742	1	0	0	0	0
2024-11-06 23:40:40	33.09048728	69.9699114	69.9844742	1	0	0	0	0
2024-11-06 23:40:50	33.15048078	69.9615039	69.9844742	1	0	0	0	0
2024-11-06 23:41:00	33.1656484	69.9597162	69.9844742	1	0	0	0	0
2024-11-06 23:41:10	33.1747034	69.9588312	69.9844742	1	0	0	0	0
2024-11-06 23:41:20	33.223006399999996	69.952642	69.9844742	1	0	0	0	0
2024-11-06 23:41:30	33.276661399999995	69.9457295	69.9844742	1	0	0	0	0
2024-11-06 23:41:40	33.156694732	69.964195892	69.9844742	1	0	0	0	0
2024-11-06 23:41:50	33.013052382	69.986123042	69.9844742	1	0	0	0	0
2024-11-06 23:42:00	32.965312168	69.988626744	69.9844742	1	0	0	0	0
2024-11-06 23:42:10	32.930649518	69.988481794	69.9844742	1	0	0	0	0
2024-11-06 23:42:20	32.9745688	69.985540864	69.9844742	1	0	0	0	0
2024-11-06 23:42:30	33.029203800000005	69.982218664	69.9844742	1	0	0	0	0
2024-11-06 23:42:40	33.043977308	69.9833688	69.9844742	1	0	0	0	0
2024-11-06 23:42:50	33.053315158	69.9851288	69.9844742	1	0	0	0	0
2024-11-06 23:43:00	33.084898792	69.978161268	69.9844742	1	0	0	0	0
2024-11-06 23:43:10	33.119515942	69.970003618	69.9844742	1	0	0	0	0
2024-11-06 23:43:20	33.157515679999996	69.96758823200001	69.9844742	1	0	0	0	0
2024-11-06 23:43:30	33.19597668	69.965955882	69.9844742	1	0	0	0	0
2024-11-06 23:43:40	33.13202328	69.97318522	69.9844742	1	0	0	0	0
2024-11-06 23:43:50	33.05410428	69.98162297	69.9844742	1	0	0	0	0
2024-11-06 23:44:00	33.094883112	69.97491548	69.9844742	1	0	0	0	0
2024-11-06 23:44:10	33.151848012	69.96614273	69.9844742	1	0	0	0	0
2024-11-06 23:44:20	33.152203216	69.9671492	69.9844742	1	0	0	0	0
2024-11-06 23:44:30	33.144838916	69.9694892	69.9844742	1	0	0	0	0
2024-11-06 23:44:40	33.183819114146345	69.96980434146342	69.9844742	1	0	0	0	0
2024-11-06 23:44:50	33.229119016585365	69.96984336585365	69.9844742	1	0	0	0	0
2024-11-06 23:45:00	33.21850041025641	69.96805805128204	69.9844742	1	0	0	0	0
2024-11-06 23:45:10	33.19642861538461	69.96589907692307	69.9844742	1	0	0	0	0
2024-11-06 23:45:20	33.162139599999996	69.97608559999999	69.9844742	1	0	0	0	0
2024-11-06 23:45:30	33.1261846	69.98795559999999	69.9844742	1	0	0	0	0
2024-11-06 23:45:40	33.1270884	69.982901088	69.9844742	1	0	0	0	0
2024-11-06 23:45:50	33.1330184	69.975538688	69.9844742	1	0	0	0	0
2024-11-06 23:46:00	33.177503531999996	69.970961312	69.9844742	1	0	0	0	0
2024-11-06 23:46:10	33.227246181999995	69.966763712	69.9844742	1	0	0	0	0
2024-11-06 23:46:20	33.24898116	69.96219880000001	69.9844742	1	0	0	0	0
2024-11-06 23:46:30	33.26689691	69.95758380000001	69.9844742	1	0	0	0	0
2024-11-06 23:46:40	33.2690468	69.95703	69.9844742	1	0	0	0	0
2024-11-06 23:46:50	33.235464191304345	69.96323869565217	69.9844742	1	0	0	0	0
2024-11-06 23:47:00	33.272766108	69.9586348	69.9844742	1	0	0	0	0
2024-11-06 23:47:10	33.320878958	69.95234479999999	69.9844742	1	0	0	0	0
2024-11-06 23:47:20	33.25094192	69.95951638	69.9844742	1	0	0	0	0
2024-11-06 23:47:30	33.16490717	69.96852363	69.9844742	1	0	0	0	0
2024-11-06 23:47:40	33.121695112000005	69.97808132	69.9844742	1	0	0	0	0
2024-11-06 23:47:50	33.084322512	69.98771407000001	69.9844742	1	0	0	0	0
2024-11-06 23:48:00	33.131490368	69.9867844	69.9844742	1	0	0	0	0
2024-11-06 23:48:10	33.190186468	69.98441439999999	69.9844742	1	0	0	0	0
2024-11-06 23:48:20	33.088459228	69.99709486399999	69.9844742	1	0	0	0	0
2024-11-06 23:48:30	32.964856078000004	70.011827664	69.9844742	1	0	0	0	0
2024-11-06 23:48:40	32.934981244	70.009721136	69.9844742	1	0	0	0	0
2024-11-06 23:48:50	32.917887544	70.005318336	69.9844742	1	0	0	0	0
2024-11-06 23:49:00	33.062929928	69.9858656	69.9844742	1	0	0	0	0
2024-11-06 23:49:10	33.230081778	69.9643606	69.9844742	1	0	0	0	0
2024-11-06 23:49:20	33.247810772	69.9608076	69.9844742	1	0	0	0	0
2024-11-06 23:49:30	33.245163921999996	69.9597026	69.9844742	1	0	0	0	0
2024-11-06 23:49:40	33.273896728	69.957754692	69.9844742	1	0	0	0	0
2024-11-06 23:49:50	33.306908578	69.955691842	69.9844742	1	0	0	0	0
2024-11-06 23:50:00	33.238681312	69.971330808	69.9844742	1	0	0	0	0
2024-11-06 23:50:10	33.156648712	69.98938365800001	69.9844742	1	0	0	0	0
2024-11-06 23:50:20	33.177457488	69.982376	69.9844742	1	0	0	0	0
2024-11-06 23:50:30	33.212290088	69.97195099999999	69.9844742	1	0	0	0	0
2024-11-06 23:50:40	33.133747932	69.98237759999999	69.9844742	1	0	0	0	0
2024-11-06 23:50:50	33.039745582	69.9956476	69.9844742	1	0	0	0	0
2024-11-06 23:51:00	33.170198364	69.9770044	69.9844742	1	0	0	0	0
2024-11-06 23:51:10	33.331258663999996	69.9540094	69.9844742	1	0	0	0	0
2024-11-06 23:51:20	33.333139943999996	69.955955624	69.9844742	1	0	0	0	0
2024-11-06 23:51:30	33.313314993999995	69.961302924	69.9844742	1	0	0	0	0
2024-11-06 23:51:40	33.378700708	69.951507888	69.9844742	1	0	0	0	0
2024-11-06 23:51:50	33.455706058	69.939647988	69.9844742	1	0	0	0	0
2024-11-06 23:52:00	33.349617596	69.95339388800001	69.9844742	1	0	0	0	0
2024-11-06 23:52:10	33.218561796	69.97063148800001	69.9844742	1	0	0	0	0
2024-11-06 23:52:20	33.217420968	69.9733908	69.9844742	1	0	0	0	0
2024-11-06 23:52:30	33.233995818	69.9741758	69.9844742	1	0	0	0	0
2024-11-06 23:52:40	33.175929244	69.983598	69.9844742	1	0	0	0	0
2024-11-06 23:52:50	33.107684294	69.994198	69.9844742	1	0	0	0	0
2024-11-06 23:53:00	33.142540892	69.9883772	69.9844742	1	0	0	0	0
2024-11-06 23:53:10	33.191456792	69.9803172	69.9844742	1	0	0	0	0
2024-11-06 23:53:20	33.291065752	69.9635364	69.9844742	1	0	0	0	0
2024-11-06 23:53:30	33.397587402	69.9455664	69.9844742	1	0	0	0	0
2024-11-06 23:53:40	33.3852152	69.95082839999999	69.9844742	1	0	0	0	0
2024-11-06 23:53:50	33.3566302	69.9592584	69.9844742	1	0	0	0	0
2024-11-06 23:54:00	33.403300116	69.94937999999999	69.9844742	1	0	0	0	0
2024-11-06 23:54:10	33.460232065999996	69.937005	69.9844742	1	0	0	0	0
2024-11-06 23:54:20	33.519997704	69.933386	69.9844742	1	0	0	0	0
2024-11-06 23:54:30	33.580149754	69.93096100000001	69.9844742	1	0	0	0	0
2024-11-06 23:54:40	33.541646588	69.93698400000001	69.9844742	1	0	0	0	0
2024-11-06 23:54:50	33.489690438	69.944159	69.9844742	1	0	0	0	0
2024-11-06 23:55:00	33.454624392	69.9520028	69.9844742	1	0	0	0	0
2024-11-06 23:55:10	33.421861542	69.9599378	69.9844742	1	0	0	0	0
2024-11-06 23:55:20	33.41595783681592	69.95811169552239	69.9844742	1	0	0	0	0
2024-11-06 23:55:30	33.41371674228856	69.95495453134329	69.9844742	1	0	0	0	0
2024-11-06 23:55:40	33.48597500298508	69.94830278059702	69.9844742	1	0	0	0	0
2024-11-06 23:55:50	33.56936535124378	69.94112885024876	69.9844742	1	0	0	0	0
2024-11-06 23:56:00	33.50324940597015	69.95151042935323	69.9844742	1	0	0	0	0
2024-11-06 23:56:10	33.41279522686567	69.96474988208955	69.9844742	1	0	0	0	0
2024-11-06 23:56:20	33.370802888557215	69.972343220398	69.9844742	1	0	0	0	0
2024-11-06 23:56:30	33.33736263980099	69.97894018557214	69.9844742	1	0	0	0	0
2024-11-06 23:56:40	33.296605907462684	69.98354137761194	69.9844742	1	0	0	0	0
2024-11-06 23:56:50	33.25445555920398	69.98776242238806	69.9844742	1	0	0	0	0
2024-11-06 23:57:00	33.2806987865	69.9850936	69.9844742	1	0	0	0	0
2024-11-06 23:57:10	33.3209503365	69.98101360000001	69.9844742	1	0	0	0	0
2024-11-06 23:57:20	33.3253225635	69.98072255000001	69.9844742	1	0	0	0	0
2024-11-06 23:57:30	33.3223460135	69.98120755000001	69.9844742	1	0	0	0	0
2024-11-06 23:57:40	33.296783628	69.98502500000001	69.9844742	1	0	0	0	0
2024-11-06 23:57:50	33.266595228	69.989525	69.9844742	1	0	0	0	0
2024-11-06 23:58:00	33.269543333	69.9885951815	69.9844742	1	0	0	0	0
2024-11-06 23:58:10	33.279278433	69.9865532315	69.9844742	1	0	0	0	0
2024-11-06 23:58:20	33.236731667	69.9925821185	69.9844742	1	0	0	0	0
2024-11-06 23:58:30	33.183476567	70.0002640685	69.9844742	1	0	0	0	0
2024-11-06 23:58:40	33.187054472	69.9979739005	69.9844742	1	0	0	0	0
2024-11-06 23:58:50	33.202272871999995	69.99364125049999	69.9844742	1	0	0	0	0
2024-11-06 23:59:00	33.2493042175	69.9877754245	69.9844742	1	0	0	0	0
2024-11-06 23:59:10	33.3028514675	69.9815955745	69.9844742	1	0	0	0	0
2024-11-06 23:59:20	33.3163516325	69.9815866915	69.9844742	1	0	0	0	0
2024-11-06 23:59:30	33.3216493825	69.9828417415	69.9844742	1	0	0	0	0
2024-11-06 23:59:40	33.276200725	69.9882404835	69.9844742	1	0	0	0	0
2024-11-06 23:59:50	33.220358225	69.9944879335	69.9844742	1	0	0	0	0
2024-11-07 00:00:00	33.178699595	70.0023170315	69.9844742	1	0	0	0	0
