PROCESSDATA	2411FIC20102 Data	yyyy-MM-dd HH:mm:ss
8	10	2024-10-15 21:55:00	751
tagname	2411FIC20102.MV	2411FIC20102.PV	2411FIC20102.SV	2411FIC20102.MODE	bOpOFL	bPvOFL	bSpOFL	bAutOFL
desc	回炼油返塔_OP	回炼油返塔_PV	回炼油返塔_SP	Aut	bOpOFL	bPvOFL	bSpOFL	bAutOFL
fsMax=1.5857177741951212	fsMin=0	fsGridNum=10	fdMax=1.5857177741951212tfdMin=0	fdGridNum=10	v0GridNum=10	L=24
2024-10-15 21:55:00	24.016456452	99.3204336	99.99994	1	0	0	0	0
2024-10-15 21:55:10	24.004723452	99.5249268	99.99994	1	0	0	0	0
2024-10-15 21:55:20	24.053430124	98.9776508	99.99994	1	0	0	0	0
2024-10-15 21:55:30	24.094934636	99.19495719999999	99.99994	1	0	0	0	0
2024-10-15 21:55:40	24.119283048	99.0597688	99.99994	1	0	0	0	0
2024-10-15 21:55:50	24.13185118	99.158055904	99.99994	1	0	0	0	0
2024-10-15 21:56:00	24.170113312	99.21956279999999	99.99994	1	0	0	0	0
2024-10-15 21:56:10	24.17958778	99.292837228	99.99994	1	0	0	0	0
2024-10-15 21:56:20	24.193472436	99.40161239999999	99.99994	1	0	0	0	0
2024-10-15 21:56:30	24.24159528	99.101281312	99.99994	1	0	0	0	0
2024-10-15 21:56:40	24.183917716	99.63782432	99.99994	1	0	0	0	0
2024-10-15 21:56:50	24.261885024	99.20036680000001	99.99994	1	0	0	0	0
2024-10-15 21:57:00	24.2745199	99.377576	99.99994	1	0	0	0	0
2024-10-15 21:57:10	24.291264048	99.356954448	99.99994	1	0	0	0	0
2024-10-15 21:57:20	24.350788516	99.1615832	99.99994	1	0	0	0	0
2024-10-15 21:57:30	24.400338127999998	99.10382	99.99994	1	0	0	0	0
2024-10-15 21:57:40	24.401286104	99.147486672	99.99994	1	0	0	0	0
2024-10-15 21:57:50	24.388746091999998	99.308132	99.99994	1	0	0	0	0
2024-10-15 21:58:00	24.413796944	99.2767764	99.99994	1	0	0	0	0
2024-10-15 21:58:10	24.407342328	99.516762	99.99994	1	0	0	0	0
2024-10-15 21:58:20	24.44275072	99.097992944	99.99994	1	0	0	0	0
2024-10-15 21:58:30	24.543482972	99.05334520000001	99.99994	1	0	0	0	0
2024-10-15 21:58:40	24.54823264	99.0940492	99.99994	1	0	0	0	0
2024-10-15 21:58:50	24.533032428000002	99.3730296	99.99994	1	0	0	0	0
2024-10-15 21:59:00	24.548776460000003	99.305926	99.99994	1	0	0	0	0
2024-10-15 21:59:10	24.608887864	99.1829528	99.99994	1	0	0	0	0
2024-10-15 21:59:20	24.603593183999998	99.2892856	99.99994	1	0	0	0	0
2024-10-15 21:59:30	24.633093508	99.23822	99.99994	1	0	0	0	0
2024-10-15 21:59:40	24.664352672	99.1544836	99.99994	1	0	0	0	0
2024-10-15 21:59:50	24.654262528	99.311342	99.99994	1	0	0	0	0
2024-10-15 22:00:00	24.654247164	99.5229528	99.99994	1	0	0	0	0
2024-10-15 22:00:10	24.634239436	99.7541196	99.99994	1	0	0	0	0
2024-10-15 22:00:20	24.741980872	99.0280392	99.99994	1	0	0	0	0
2024-10-15 22:00:30	24.709974712	99.2052272	99.99994	1	0	0	0	0
2024-10-15 22:00:40	24.7681784	99.2497468	99.99994	1	0	0	0	0
2024-10-15 22:00:50	24.7790365	99.238098736	99.99994	1	0	0	0	0
2024-10-15 22:01:00	24.826365144	99.23026642399999	99.99994	1	0	0	0	0
2024-10-15 22:01:10	24.792242968	99.544533648	99.99994	1	0	0	0	0
2024-10-15 22:01:20	24.849210956	99.357220444	99.99994	1	0	0	0	0
2024-10-15 22:01:30	24.835978824	99.51995240000001	99.99994	1	0	0	0	0
2024-10-15 22:01:40	24.888149344000002	99.0133416	99.99994	1	0	0	0	0
2024-10-15 22:01:50	24.904854128	99.5017064	99.99994	1	0	0	0	0
2024-10-15 22:02:00	24.944804171999998	99.231805872	99.99994	1	0	0	0	0
2024-10-15 22:02:10	24.9686924	99.235472984	99.99994	1	0	0	0	0
2024-10-15 22:02:20	24.91749772	99.405474	99.99994	1	0	0	0	0
2024-10-15 22:02:30	25.040475208	99.002616756	99.99994	1	0	0	0	0
2024-10-15 22:02:40	24.989971376	99.4669968	99.99994	1	0	0	0	0
2024-10-15 22:02:50	25.017636288000002	99.46855219199999	99.99994	1	0	0	0	0
2024-10-15 22:03:00	25.086137588	99.2059948	99.99994	1	0	0	0	0
2024-10-15 22:03:10	25.163888324	98.792244596	99.99994	1	0	0	0	0
2024-10-15 22:03:20	25.139033144	99.0800768	99.99994	1	0	0	0	0
2024-10-15 22:03:30	25.154000312	99.240387648	99.99994	1	0	0	0	0
2024-10-15 22:03:40	25.141508496	99.33405625200001	99.99994	1	0	0	0	0
2024-10-15 22:03:50	25.178599584	99.2769528	99.99994	1	0	0	0	0
2024-10-15 22:04:00	25.22979376	99.262632	99.99994	1	0	0	0	0
2024-10-15 22:04:10	25.244410896	99.1255668	99.99994	1	0	0	0	0
2024-10-15 22:04:20	25.2703812	99.1809648	99.99994	1	0	0	0	0
2024-10-15 22:04:30	25.333513416	98.96827280000001	99.99994	1	0	0	0	0
2024-10-15 22:04:40	25.305085888	99.34466552	99.99994	1	0	0	0	0
2024-10-15 22:04:50	25.30854798	99.393414024	99.99994	1	0	0	0	0
2024-10-15 22:05:00	25.3362668	99.45643840000001	99.99994	1	0	0	0	0
2024-10-15 22:05:10	25.41574082	98.9733992	99.99994	1	0	0	0	0
2024-10-15 22:05:20	25.425434635294117	99.15171529411765	99.99994	1	0	0	0	0
2024-10-15 22:05:30	25.415386932	99.3127776	99.99994	1	0	0	0	0
2024-10-15 22:05:40	25.414844384000002	99.3851124	99.99994	1	0	0	0	0
2024-10-15 22:05:50	25.504414456	99.034341792	99.99994	1	0	0	0	0
2024-10-15 22:06:00	25.463411391999998	99.4673148	99.99994	1	0	0	0	0
2024-10-15 22:06:10	25.543348564	99.0548848	99.99994	1	0	0	0	0
2024-10-15 22:06:20	25.524188560000002	99.305348252	99.99994	1	0	0	0	0
2024-10-15 22:06:30	25.571481872	99.2751144	99.99994	1	0	0	0	0
2024-10-15 22:06:40	25.58281278	99.266804	99.99994	1	0	0	0	0
2024-10-15 22:06:50	25.620267552	99.133686288	99.99994	1	0	0	0	0
2024-10-15 22:07:00	25.616986695999998	99.2802052	99.99994	1	0	0	0	0
2024-10-15 22:07:10	25.663069236	99.2434624	99.99994	1	0	0	0	0
2024-10-15 22:07:20	25.667785104	99.3308804	99.99994	1	0	0	0	0
2024-10-15 22:07:30	25.731457248	99.112179744	99.99994	1	0	0	0	0
2024-10-15 22:07:40	25.699257424	99.3715104	99.99994	1	0	0	0	0
2024-10-15 22:07:50	25.788523555999998	99.18547192000001	99.99994	1	0	0	0	0
2024-10-15 22:08:00	25.757686352	99.197949036	99.99994	1	0	0	0	0
2024-10-15 22:08:10	25.780414148000002	99.29262680000001	99.99994	1	0	0	0	0
2024-10-15 22:08:20	25.767822144	99.3656088	99.99994	1	0	0	0	0
2024-10-15 22:08:30	25.828459	99.299954	99.99994	1	0	0	0	0
2024-10-15 22:08:40	25.830082584	99.3482972	99.99994	1	0	0	0	0
2024-10-15 22:08:50	25.884135508	99.12871432	99.99994	1	0	0	0	0
2024-10-15 22:09:00	25.8199352	99.80646308	99.99994	1	0	0	0	0
2024-10-15 22:09:10	25.825781352	99.886624	99.99994	1	0	0	0	0
2024-10-15 22:09:20	25.74951714	100.19386492	99.99994	1	0	0	0	0
2024-10-15 22:09:30	25.705762496	100.25844495999999	99.99994	1	0	0	0	0
2024-10-15 22:09:40	25.735268324	100.19273127999999	99.99994	1	0	0	0	0
2024-10-15 22:09:50	25.734421047999998	100.23731996	99.99994	1	0	0	0	0
2024-10-15 22:10:00	25.71265756	100.29139676	99.99994	1	0	0	0	0
2024-10-15 22:10:10	25.741118624	99.99599287999999	99.99994	1	0	0	0	0
2024-10-15 22:10:20	25.675514664	100.44997608	99.99994	1	0	0	0	0
2024-10-15 22:10:30	25.670974184	100.50122304	99.99994	1	0	0	0	0
2024-10-15 22:10:40	25.731342724	99.905656964	99.99994	1	0	0	0	0
2024-10-15 22:10:50	25.671182692	100.3784526	99.99994	1	0	0	0	0
2024-10-15 22:11:00	25.650637632000002	100.480284	99.99994	1	0	0	0	0
2024-10-15 22:11:10	25.614787684000003	100.44123888	99.99994	1	0	0	0	0
2024-10-15 22:11:20	25.6422115	100.34549388	99.99994	1	0	0	0	0
2024-10-15 22:11:30	25.6267212	100.25284428	99.99994	1	0	0	0	0
2024-10-15 22:11:40	25.628000452000002	100.23655996000001	99.99994	1	0	0	0	0
2024-10-15 22:11:50	25.582210800000002	100.35514248	99.99994	1	0	0	0	0
2024-10-15 22:12:00	25.600250452	100.22745392	99.99994	1	0	0	0	0
2024-10-15 22:12:10	25.560316531999998	100.54046912	99.99994	1	0	0	0	0
2024-10-15 22:12:20	25.561726808	100.44546984	99.99994	1	0	0	0	0
2024-10-15 22:12:30	25.582502072	100.33046144000001	100.999924	1	0	0	0	0
2024-10-15 22:12:40	25.608721056	100.18182816	100.999924	1	0	0	0	0
2024-10-15 22:12:50	25.595724399999998	100.51545228	100.999924	1	0	0	0	0
2024-10-15 22:13:00	25.659201684	100.26877224	100.999924	1	0	0	0	0
2024-10-15 22:13:10	25.667052396	100.34400712	100.999924	1	0	0	0	0
2024-10-15 22:13:20	25.725037110144928	100.09763830434783	100.999924	1	0	0	0	0
2024-10-15 22:13:30	25.724178224390243	100.27417965853658	100.999924	1	0	0	0	0
2024-10-15 22:13:40	25.740773912	100.30957608	100.999924	1	0	0	0	0
2024-10-15 22:13:50	25.760684592	100.4424296	100.999924	1	0	0	0	0
2024-10-15 22:14:00	25.741110352	100.50691148	100.999924	1	0	0	0	0
2024-10-15 22:14:10	25.855138736	100.09745956	100.999924	1	0	0	0	0
2024-10-15 22:14:20	25.848894003999998	100.07029116	100.999924	1	0	0	0	0
2024-10-15 22:14:30	25.840751544	100.41874396	100.999924	1	0	0	0	0
2024-10-15 22:14:40	25.868332752	100.33236076	100.999924	1	0	0	0	0
2024-10-15 22:14:50	25.912692888	100.08220328	100.999924	1	0	0	0	0
2024-10-15 22:15:00	25.8799724	100.56332444	100.999924	1	0	0	0	0
2024-10-15 22:15:10	25.758146464	101.34061576	100.999924	1	0	0	0	0
2024-10-15 22:15:20	25.808720924	101.2208082	100.999924	1	0	0	0	0
2024-10-15 22:15:30	25.75605384	101.17750584	100.999924	1	0	0	0	0
2024-10-15 22:15:40	25.746544768	101.276944	100.999924	1	0	0	0	0
2024-10-15 22:15:50	25.778582	100.98573576	100.999924	1	0	0	0	0
2024-10-15 22:16:00	25.721738144	101.25574672	100.999924	1	0	0	0	0
2024-10-15 22:16:10	25.729801576	101.24879691999999	100.999924	1	0	0	0	0
2024-10-15 22:16:20	25.724463268	101.1597088	100.999924	1	0	0	0	0
2024-10-15 22:16:30	25.715718128000002	101.37947724	100.999924	1	0	0	0	0
2024-10-15 22:16:40	25.69519374	101.24771332	100.999924	1	0	0	0	0
2024-10-15 22:16:50	25.667011488	101.41648192000001	100.999924	1	0	0	0	0
2024-10-15 22:17:00	25.703320672	101.12468908	100.999924	1	0	0	0	0
2024-10-15 22:17:10	25.659544292	101.19877708	100.999924	1	0	0	0	0
2024-10-15 22:17:20	25.699354204	101.25684028	100.999924	1	0	0	0	0
2024-10-15 22:17:30	25.6900551	101.00233484	100.999924	1	0	0	0	0
2024-10-15 22:17:40	25.664784316	101.4492298	100.999924	1	0	0	0	0
2024-10-15 22:17:50	25.626875604	101.36925576	100.999924	1	0	0	0	0
2024-10-15 22:18:00	25.606064791999998	101.33126664	100.999924	1	0	0	0	0
2024-10-15 22:18:10	25.583403328	101.40987808	100.999924	1	0	0	0	0
2024-10-15 22:18:20	25.59890856	101.37030864	100.999924	1	0	0	0	0
2024-10-15 22:18:30	25.641559648	101.09342244	100.999924	1	0	0	0	0
2024-10-15 22:18:40	25.619487596000003	101.21681616000001	100.999924	1	0	0	0	0
2024-10-15 22:18:50	25.587037220000003	101.44101756	100.999924	1	0	0	0	0
2024-10-15 22:19:00	25.572824024	101.28916976	100.999924	1	0	0	0	0
2024-10-15 22:19:10	25.537110211999998	101.45750996000001	100.999924	1	0	0	0	0
2024-10-15 22:19:20	25.536065696	101.49591324	100.999924	1	0	0	0	0
2024-10-15 22:19:30	25.525154848	101.36116436	100.999924	1	0	0	0	0
2024-10-15 22:19:40	25.52566728	101.41080631999999	100.999924	1	0	0	0	0
2024-10-15 22:19:50	25.506329907999998	101.27901476	100.999924	1	0	0	0	0
2024-10-15 22:20:00	25.5540072	101.16225544	100.999924	1	0	0	0	0
2024-10-15 22:20:10	25.542061015999998	101.16959216	100.999924	1	0	0	0	0
2024-10-15 22:20:20	25.500703848	101.3136044	100.999924	1	0	0	0	0
2024-10-15 22:20:30	25.519864116	101.28244167999999	100.999924	1	0	0	0	0
2024-10-15 22:20:40	25.439670384	101.43630264	100.999924	1	0	0	0	0
2024-10-15 22:20:50	25.479577592	101.40771112	100.999924	1	0	0	0	0
2024-10-15 22:21:00	25.4327643	101.54819876	100.999924	1	0	0	0	0
2024-10-15 22:21:10	25.454957368	101.19035856	100.999924	1	0	0	0	0
2024-10-15 22:21:20	25.454787336	101.32640912	100.999924	1	0	0	0	0
2024-10-15 22:21:30	25.431661716	101.3029352	100.999924	1	0	0	0	0
2024-10-15 22:21:40	25.406996208	101.400808	100.999924	1	0	0	0	0
2024-10-15 22:21:50	25.410913988	101.2179996	100.999924	1	0	0	0	0
2024-10-15 22:22:00	25.36859346	101.41371768	100.999924	1	0	0	0	0
2024-10-15 22:22:10	25.373752336	101.58611824	100.999924	1	0	0	0	0
2024-10-15 22:22:20	25.410742576	100.95655368	100.999924	1	0	0	0	0
2024-10-15 22:22:30	25.366690228	101.35681636000001	100.999924	1	0	0	0	0
2024-10-15 22:22:40	25.409241544	101.0229162	100.999924	1	0	0	0	0
2024-10-15 22:22:50	25.364970108	101.1765612	100.999924	1	0	0	0	0
2024-10-15 22:23:00	25.3591616	101.3288448	100.999924	1	0	0	0	0
2024-10-15 22:23:10	25.369832356	101.19133860000001	100.999924	1	0	0	0	0
2024-10-15 22:23:20	25.325550204000002	101.19617004	100.999924	1	0	0	0	0
2024-10-15 22:23:30	25.333569532	101.36626256	100.999924	1	0	0	0	0
2024-10-15 22:23:40	25.329524768000002	101.27401552	100.999924	1	0	0	0	0
2024-10-15 22:23:50	25.306787256	101.27216376	100.999924	1	0	0	0	0
2024-10-15 22:24:00	25.3028228	101.15140404	100.999924	1	0	0	0	0
2024-10-15 22:24:10	25.272102136	101.44858056	100.999924	1	0	0	0	0
2024-10-15 22:24:20	25.259434352	101.25830868	100.999924	1	0	0	0	0
2024-10-15 22:24:30	25.279266916	101.32270404	100.999924	1	0	0	0	0
2024-10-15 22:24:40	25.267720804	101.36281428000001	100.999924	1	0	0	0	0
2024-10-15 22:24:50	25.263801504	101.27170312	100.999924	1	0	0	0	0
2024-10-15 22:25:00	25.235101532	101.32111144	100.999924	1	0	0	0	0
2024-10-15 22:25:10	25.227714636	101.353871	100.999924	1	0	0	0	0
2024-10-15 22:25:20	25.225929183999998	101.369472	100.999924	1	0	0	0	0
2024-10-15 22:25:30	25.242521132	101.08562927999999	100.999924	1	0	0	0	0
2024-10-15 22:25:40	25.223017408	101.29703536	100.999924	1	0	0	0	0
2024-10-15 22:25:50	25.16040148	101.46701148	100.999924	1	0	0	0	0
2024-10-15 22:26:00	25.136250571999998	101.40086292	100.999924	1	0	0	0	0
2024-10-15 22:26:10	25.14436318	101.41236604	100.999924	1	0	0	0	0
2024-10-15 22:26:20	25.136933196	101.54481628	100.999924	1	0	0	0	0
2024-10-15 22:26:30	25.131565335999998	101.46779907999999	100.999924	1	0	0	0	0
2024-10-15 22:26:40	25.101482	101.50494463999999	100.999924	1	0	0	0	0
2024-10-15 22:26:50	25.135162236	101.27568032	100.999924	1	0	0	0	0
2024-10-15 22:27:00	25.11121966	101.3762096	100.999924	1	0	0	0	0
2024-10-15 22:27:10	25.179281724	100.87726860000001	100.999924	1	0	0	0	0
2024-10-15 22:27:20	25.08614178	101.58643836	100.999924	1	0	0	0	0
2024-10-15 22:27:30	25.080311712	101.48075688	100.999924	1	0	0	0	0
2024-10-15 22:27:40	25.051521343999998	101.41954484	100.999924	1	0	0	0	0
2024-10-15 22:27:50	25.06382884	101.274381	100.999924	1	0	0	0	0
2024-10-15 22:28:00	25.054603528	101.31518608	100.999924	1	0	0	0	0
2024-10-15 22:28:10	25.007618448000002	101.41952756	100.999924	1	0	0	0	0
2024-10-15 22:28:20	24.983886792	101.58606776	100.999924	1	0	0	0	0
2024-10-15 22:28:30	25.024226504	101.22121004	100.999924	1	0	0	0	0
2024-10-15 22:28:40	25.02816282	101.17070764	100.999924	1	0	0	0	0
2024-10-15 22:28:50	24.991931256	101.17057884	100.999924	1	0	0	0	0
2024-10-15 22:29:00	24.976587976	101.4649616	100.999924	1	0	0	0	0
2024-10-15 22:29:10	24.979623872	101.36965752	100.999924	1	0	0	0	0
2024-10-15 22:29:20	24.951323212000002	101.46807292	100.999924	1	0	0	0	0
2024-10-15 22:29:30	24.972369268	101.22460572	100.999924	1	0	0	0	0
2024-10-15 22:29:40	24.923948188	101.34814556	100.999924	1	0	0	0	0
2024-10-15 22:29:50	24.92215578	101.25057968	100.999924	1	0	0	0	0
2024-10-15 22:30:00	24.9573752	101.11507268	100.999924	1	0	0	0	0
2024-10-15 22:30:10	24.93175208	101.21580816	100.999924	1	0	0	0	0
2024-10-15 22:30:20	24.884347216000002	101.44721792	100.999924	1	0	0	0	0
2024-10-15 22:30:30	24.919191964	101.14558372	100.999924	1	0	0	0	0
2024-10-15 22:30:40	24.873868608	101.2718726	100.999924	1	0	0	0	0
2024-10-15 22:30:50	24.84628714	101.49455044	100.999924	1	0	0	0	0
2024-10-15 22:31:00	24.863701368	101.1400868	100.999924	1	0	0	0	0
2024-10-15 22:31:10	24.805260624	101.4971248	100.999924	1	0	0	0	0
2024-10-15 22:31:20	24.814275224000003	101.3616066	100.999924	1	0	0	0	0
2024-10-15 22:31:30	24.815036	101.32943032	100.999924	1	0	0	0	0
2024-10-15 22:31:40	24.829597832	101.18444824000001	100.999924	1	0	0	0	0
2024-10-15 22:31:50	24.807465512	101.38175316	100.999924	1	0	0	0	0
2024-10-15 22:32:00	24.778255508	101.26458156	100.999924	1	0	0	0	0
2024-10-15 22:32:10	24.802071943999998	101.17287296	100.999924	1	0	0	0	0
2024-10-15 22:32:20	24.73715626	101.40103640000001	100.999924	1	0	0	0	0
2024-10-15 22:32:30	24.745495316	101.42545156	100.999924	1	0	0	0	0
2024-10-15 22:32:40	24.733624931999998	101.45958748	100.999924	1	0	0	0	0
2024-10-15 22:32:50	24.764259388	101.221408	100.999924	1	0	0	0	0
2024-10-15 22:33:00	24.72979868	101.47362792	100.999924	1	0	0	0	0
2024-10-15 22:33:10	24.771902708	101.0871904	100.999924	1	0	0	0	0
2024-10-15 22:33:20	24.7212013	101.40161676	100.999924	1	0	0	0	0
2024-10-15 22:33:30	24.752262727999998	101.061315	100.999924	1	0	0	0	0
2024-10-15 22:33:40	24.734558136	101.103329	100.999924	1	0	0	0	0
2024-10-15 22:33:50	24.696633452	101.300448	100.999924	1	0	0	0	0
2024-10-15 22:34:00	24.6651384	101.47704688	100.999924	1	0	0	0	0
2024-10-15 22:34:10	24.681027968000002	101.34515396	100.999924	1	0	0	0	0
2024-10-15 22:34:20	24.661937152	101.34396336	100.999924	1	0	0	0	0
2024-10-15 22:34:30	24.664543212	101.3647588	100.999924	1	0	0	0	0
2024-10-15 22:34:40	24.634096272	101.49187848	100.999924	1	0	0	0	0
2024-10-15 22:34:50	24.64376098	101.18444736000001	100.999924	1	0	0	0	0
2024-10-15 22:35:00	24.652243264	101.2724562	100.999924	1	0	0	0	0
2024-10-15 22:35:10	24.644494664	101.24498888000001	100.999924	1	0	0	0	0
2024-10-15 22:35:20	24.607354643137256	101.33649192156862	100.999924	1	0	0	0	0
2024-10-15 22:35:30	24.643107168	101.10368580000001	100.999924	1	0	0	0	0
2024-10-15 22:35:40	24.643404424	101.14669088	100.999924	1	0	0	0	0
2024-10-15 22:35:50	24.570043656	101.34569136	100.999924	1	0	0	0	0
2024-10-15 22:36:00	24.589791276	101.20029991999999	100.999924	1	0	0	0	0
2024-10-15 22:36:10	24.628979952	101.18574188	100.999924	1	0	0	0	0
2024-10-15 22:36:20	24.6130050627451	101.0659267254902	100.999924	1	0	0	0	0
2024-10-15 22:36:30	24.571939568	101.30955243999999	100.999924	1	0	0	0	0
2024-10-15 22:36:40	24.585931035999998	101.36631847999999	100.999924	1	0	0	0	0
2024-10-15 22:36:50	24.560975847999998	101.26129396	100.999924	1	0	0	0	0
2024-10-15 22:37:00	24.550289964	101.4667054	100.999924	1	0	0	0	0
2024-10-15 22:37:10	24.575229028	101.13023132	100.999924	1	0	0	0	0
2024-10-15 22:37:20	24.580133803921566	101.20057403921568	100.999924	1	0	0	0	0
2024-10-15 22:37:30	24.530767184	101.4786308	100.999924	1	0	0	0	0
2024-10-15 22:37:40	24.525458316	101.27120604	100.999924	1	0	0	0	0
2024-10-15 22:37:50	24.484977920000002	101.58218844	100.999924	1	0	0	0	0
2024-10-15 22:38:00	24.541993128	101.03385112000001	100.999924	1	0	0	0	0
2024-10-15 22:38:10	24.494400192	101.31664016	100.999924	1	0	0	0	0
2024-10-15 22:38:20	24.48181354	101.31395548	100.999924	1	0	0	0	0
2024-10-15 22:38:30	24.494849000000002	101.18332271999999	100.999924	1	0	0	0	0
2024-10-15 22:38:40	24.510888304	101.18640864000001	100.999924	1	0	0	0	0
2024-10-15 22:38:50	24.457779412	101.3335558	100.999924	1	0	0	0	0
2024-10-15 22:39:00	24.482763444	101.0364362	100.999924	1	0	0	0	0
2024-10-15 22:39:10	24.459185820000002	101.1732902	100.999924	1	0	0	0	0
2024-10-15 22:39:20	24.456707784000002	101.30334584	100.999924	1	0	0	0	0
2024-10-15 22:39:30	24.464093324	101.16248587999999	100.999924	1	0	0	0	0
2024-10-15 22:39:40	24.414413128	101.21308703999999	100.999924	1	0	0	0	0
2024-10-15 22:39:50	24.448657536000002	101.3410262	100.999924	1	0	0	0	0
2024-10-15 22:40:00	24.40963302	101.50171696	100.999924	1	0	0	0	0
2024-10-15 22:40:10	24.391932472	101.23345496	100.999924	1	0	0	0	0
2024-10-15 22:40:20	24.409439964	101.21640304	100.999924	1	0	0	0	0
2024-10-15 22:40:30	24.376334752	101.28745407999999	100.999924	1	0	0	0	0
2024-10-15 22:40:40	24.41673452	101.11851116	100.999924	1	0	0	0	0
2024-10-15 22:40:50	24.397236244000002	101.27190892	100.999924	1	0	0	0	0
2024-10-15 22:41:00	24.364803035999998	101.2092	100.999924	1	0	0	0	0
2024-10-15 22:41:10	24.346980463999998	101.40370192	100.999924	1	0	0	0	0
2024-10-15 22:41:20	24.35472351764706	101.25745819607843	100.999924	1	0	0	0	0
2024-10-15 22:41:30	24.327287064	101.47276856	100.999924	1	0	0	0	0
2024-10-15 22:41:40	24.316313344	101.41671376	100.999924	1	0	0	0	0
2024-10-15 22:41:50	24.325533196000002	101.3869004	100.999924	1	0	0	0	0
2024-10-15 22:42:00	24.35095392	101.07343431999999	100.999924	1	0	0	0	0
2024-10-15 22:42:10	24.350186156	101.09754459999999	100.999924	1	0	0	0	0
2024-10-15 22:42:20	24.316657088	101.25515936000001	100.999924	1	0	0	0	0
2024-10-15 22:42:30	24.2560083	101.46247335999999	100.999924	1	0	0	0	0
2024-10-15 22:42:40	24.256943536	101.3745758	100.999924	1	0	0	0	0
2024-10-15 22:42:50	24.227197772	101.57532584	100.999924	1	0	0	0	0
2024-10-15 22:43:00	24.248200911999998	101.22857427999999	100.999924	1	0	0	0	0
2024-10-15 22:43:10	24.206354492	101.38751252	100.999924	1	0	0	0	0
2024-10-15 22:43:20	24.240633214492753	101.24681184057971	100.999924	1	0	0	0	0
2024-10-15 22:43:30	24.25060836097561	101.18136070731707	100.999924	1	0	0	0	0
2024-10-15 22:43:40	24.226369412	101.417718	100.999924	1	0	0	0	0
2024-10-15 22:43:50	24.274860112000002	100.97929872	100.999924	1	0	0	0	0
2024-10-15 22:44:00	24.24413808	101.09512932	100.999924	1	0	0	0	0
2024-10-15 22:44:10	24.188781584	101.43269824	100.999924	1	0	0	0	0
2024-10-15 22:44:20	24.15642678	101.38302524	100.999924	1	0	0	0	0
2024-10-15 22:44:30	24.17733892	101.30407611999999	100.999924	1	0	0	0	0
2024-10-15 22:44:40	24.19790794	101.2483876	100.999924	1	0	0	0	0
2024-10-15 22:44:50	24.153967768	101.29759124	100.999924	1	0	0	0	0
2024-10-15 22:45:00	24.111336507999997	101.55204872	100.999924	1	0	0	0	0
2024-10-15 22:45:10	24.133331688	101.31361524	100.999924	1	0	0	0	0
2024-10-15 22:45:20	24.119912404	101.3059106	100.999924	1	0	0	0	0
2024-10-15 22:45:30	24.14148318	101.00224252000001	100.999924	1	0	0	0	0
2024-10-15 22:45:40	24.143568272	101.05780816	100.999924	1	0	0	0	0
2024-10-15 22:45:50	24.122684160000002	101.2366248	100.999924	1	0	0	0	0
2024-10-15 22:46:00	24.094967648	101.12897184	100.999924	1	0	0	0	0
2024-10-15 22:46:10	24.067777407999998	101.51492992	100.999924	1	0	0	0	0
2024-10-15 22:46:20	24.046339908	101.5501002	100.999924	1	0	0	0	0
2024-10-15 22:46:30	24.058231132	101.28407284000001	100.999924	1	0	0	0	0
2024-10-15 22:46:40	24.031565248	101.44043824	100.999924	1	0	0	0	0
2024-10-15 22:46:50	24.063459476	101.04170024	100.999924	1	0	0	0	0
2024-10-15 22:47:00	24.019772372	101.4575576	101.51991568	1	0	0	0	0
2024-10-15 22:47:10	24.040748960000002	101.33490372	101.999908	1	0	0	0	0
2024-10-15 22:47:20	24.0654712	101.40427872000001	101.999908	1	0	0	0	0
2024-10-15 22:47:30	24.153656895999998	101.00552264	101.999908	1	0	0	0	0
2024-10-15 22:47:40	24.119222536000002	101.30472052	101.999908	1	0	0	0	0
2024-10-15 22:47:50	24.151535224	101.24848208	101.999908	1	0	0	0	0
2024-10-15 22:48:00	24.136262284	101.50888532	101.999908	1	0	0	0	0
2024-10-15 22:48:10	24.1917024	101.19152704	101.999908	1	0	0	0	0
2024-10-15 22:48:20	24.278078774509805	101.00969001960785	101.999908	1	0	0	0	0
2024-10-15 22:48:30	24.22947584	101.35632352	101.999908	1	0	0	0	0
2024-10-15 22:48:40	24.268243728	101.51640228000001	101.999908	1	0	0	0	0
2024-10-15 22:48:50	24.299801104	101.0795158	101.999908	1	0	0	0	0
2024-10-15 22:49:00	24.318410263999997	101.09927608	101.999908	1	0	0	0	0
2024-10-15 22:49:10	24.323325264	101.37080992	101.999908	1	0	0	0	0
2024-10-15 22:49:20	24.345332652	101.35758412	101.999908	1	0	0	0	0
2024-10-15 22:49:30	24.346926724	101.42264284	101.999908	1	0	0	0	0
2024-10-15 22:49:40	24.381402064	101.2414914	101.999908	1	0	0	0	0
2024-10-15 22:49:50	24.398289572	101.33716884	101.999908	1	0	0	0	0
2024-10-15 22:50:00	24.416859648	101.19142484	101.999908	1	0	0	0	0
2024-10-15 22:50:10	24.45545906	101.30066356	101.999908	1	0	0	0	0
2024-10-15 22:50:20	24.48764878	101.11594492	101.999908	1	0	0	0	0
2024-10-15 22:50:30	24.497917156	101.20007708	101.999908	1	0	0	0	0
2024-10-15 22:50:40	24.530672164	101.34129607999999	101.999908	1	0	0	0	0
2024-10-15 22:50:50	24.52483764	101.58718996	101.999908	1	0	0	0	0
2024-10-15 22:51:00	24.5730761	101.07555072	101.999908	1	0	0	0	0
2024-10-15 22:51:10	24.561094704	101.45866484	101.999908	1	0	0	0	0
2024-10-15 22:51:20	24.595746796	101.34628988	101.999908	1	0	0	0	0
2024-10-15 22:51:30	24.61690086	101.31610868	101.999908	1	0	0	0	0
2024-10-15 22:51:40	24.629838432	101.22236172	101.999908	1	0	0	0	0
2024-10-15 22:51:50	24.682065312000002	101.11904896	101.999908	1	0	0	0	0
2024-10-15 22:52:00	24.668299052	101.3386674	101.999908	1	0	0	0	0
2024-10-15 22:52:10	24.678081108	101.42927124	101.999908	1	0	0	0	0
2024-10-15 22:52:20	24.725487216	101.35368224	101.999908	1	0	0	0	0
2024-10-15 22:52:30	24.737778000000002	101.31069696	101.999908	1	0	0	0	0
2024-10-15 22:52:40	24.770656543999998	101.28369312	101.999908	1	0	0	0	0
2024-10-15 22:52:50	24.788495924	101.41720375999999	101.999908	1	0	0	0	0
2024-10-15 22:53:00	24.788380164	101.14199008	101.999908	1	0	0	0	0
2024-10-15 22:53:10	24.835356996	101.22926216	101.999908	1	0	0	0	0
2024-10-15 22:53:20	24.828116448	101.35795032	101.999908	1	0	0	0	0
2024-10-15 22:53:30	24.874337932	101.35007723999999	101.999908	1	0	0	0	0
2024-10-15 22:53:40	24.896761764	101.1123054	101.999908	1	0	0	0	0
2024-10-15 22:53:50	24.957876288	101.13740872	101.999908	1	0	0	0	0
2024-10-15 22:54:00	24.910751776	101.6375096	101.999908	1	0	0	0	0
2024-10-15 22:54:10	24.977176364	101.30752616	101.999908	1	0	0	0	0
2024-10-15 22:54:20	24.973456	101.33435268	101.999908	1	0	0	0	0
2024-10-15 22:54:30	25.017064464	101.37478847999999	101.999908	1	0	0	0	0
2024-10-15 22:54:40	25.009481704	101.41292188	101.999908	1	0	0	0	0
2024-10-15 22:54:50	25.018247468000002	101.40159732000001	101.999908	1	0	0	0	0
2024-10-15 22:55:00	25.052249968	101.14822904	101.999908	1	0	0	0	0
2024-10-15 22:55:10	25.111100232000002	101.13401744	101.999908	1	0	0	0	0
2024-10-15 22:55:20	25.142993328	101.23627096000001	101.999908	1	0	0	0	0
2024-10-15 22:55:30	25.107004256	101.3406132	101.999908	1	0	0	0	0
2024-10-15 22:55:40	25.132182236	101.26886615999999	101.999908	1	0	0	0	0
2024-10-15 22:55:50	25.174636048	101.24734428	101.999908	1	0	0	0	0
2024-10-15 22:56:00	25.223278360000002	101.06532016	101.999908	1	0	0	0	0
2024-10-15 22:56:10	25.22350454	101.27616431999999	101.999908	1	0	0	0	0
2024-10-15 22:56:20	25.241176568	101.23805408	101.999908	1	0	0	0	0
2024-10-15 22:56:30	25.316045152	101.07245668	101.999908	1	0	0	0	0
2024-10-15 22:56:40	25.289067264	101.34527908	101.999908	1	0	0	0	0
2024-10-15 22:56:50	25.30782188	101.53027352	101.999908	1	0	0	0	0
2024-10-15 22:57:00	25.317155452	101.3719018	101.999908	1	0	0	0	0
2024-10-15 22:57:10	25.381265243999998	101.03881095999999	101.999908	1	0	0	0	0
2024-10-15 22:57:20	25.427869292	101.118501	101.999908	1	0	0	0	0
2024-10-15 22:57:30	25.355338568	101.57845648	101.999908	1	0	0	0	0
2024-10-15 22:57:40	25.443634864	101.03798764	101.999908	1	0	0	0	0
2024-10-15 22:57:50	25.4210315	101.43439456	101.999908	1	0	0	0	0
2024-10-15 22:58:00	25.446545288	101.30923372	101.999908	1	0	0	0	0
2024-10-15 22:58:10	25.4479458	101.45269040000001	101.999908	1	0	0	0	0
2024-10-15 22:58:20	25.550536664	101.04158532	101.999908	1	0	0	0	0
2024-10-15 22:58:30	25.498369904	101.37841344	101.999908	1	0	0	0	0
2024-10-15 22:58:40	25.534397624	101.33299216	101.999908	1	0	0	0	0
2024-10-15 22:58:50	25.606867164	101.16307372	101.999908	1	0	0	0	0
2024-10-15 22:59:00	25.584685531999998	101.1859738	101.999908	1	0	0	0	0
2024-10-15 22:59:10	25.603440172	101.28589764	101.999908	1	0	0	0	0
2024-10-15 22:59:20	25.631501056	101.15350236	101.999908	1	0	0	0	0
2024-10-15 22:59:30	25.587561852	101.64726	101.999908	1	0	0	0	0
2024-10-15 22:59:40	25.611445816	101.47986532	101.999908	1	0	0	0	0
2024-10-15 22:59:50	25.633959232	101.68769344	101.999908	1	0	0	0	0
2024-10-15 23:00:00	25.6623568	101.4238594	101.999908	1	0	0	0	0
2024-10-15 23:00:10	25.70452244	101.30876016	101.999908	1	0	0	0	0
2024-10-15 23:00:20	25.701699304	101.3570278	101.999908	1	0	0	0	0
2024-10-15 23:00:30	25.706608212	101.50878924	101.999908	1	0	0	0	0
2024-10-15 23:00:40	25.802408916	101.1737978	101.999908	1	0	0	0	0
2024-10-15 23:00:50	25.80665538	101.16810372	101.999908	1	0	0	0	0
2024-10-15 23:01:00	25.81456908	101.33761024	101.999908	1	0	0	0	0
2024-10-15 23:01:10	25.850915752	101.16823767999999	101.999908	1	0	0	0	0
2024-10-15 23:01:20	25.859466416	101.24234948	101.999908	1	0	0	0	0
2024-10-15 23:01:30	25.879306328	101.28742148	101.999908	1	0	0	0	0
2024-10-15 23:01:40	25.885373168	101.30918763999999	101.999908	1	0	0	0	0
2024-10-15 23:01:50	25.899108864	101.44866016	101.999908	1	0	0	0	0
2024-10-15 23:02:00	25.897340447999998	101.61116564	101.999908	1	0	0	0	0
2024-10-15 23:02:10	25.917348948	101.32857136	101.999908	1	0	0	0	0
2024-10-15 23:02:20	25.947164688	101.29359751999999	101.999908	1	0	0	0	0
2024-10-15 23:02:30	25.958284144	101.3532248	101.999908	1	0	0	0	0
2024-10-15 23:02:40	25.946695156	101.45593131999999	101.999908	1	0	0	0	0
2024-10-15 23:02:50	25.963578248	101.52171396	101.999908	1	0	0	0	0
2024-10-15 23:03:00	25.97001244	101.56644372	101.999908	1	0	0	0	0
2024-10-15 23:03:10	26.060645907999998	101.22167644000001	101.999908	1	0	0	0	0
2024-10-15 23:03:20	25.980127756	101.65750604	101.999908	1	0	0	0	0
2024-10-15 23:03:30	26.007245264	101.63852848	101.999908	1	0	0	0	0
2024-10-15 23:03:40	25.98892782	101.82216192	101.999908	1	0	0	0	0
2024-10-15 23:03:50	25.943442448	102.18498908	101.999908	1	0	0	0	0
2024-10-15 23:04:00	25.943617328000002	102.0495176	101.999908	1	0	0	0	0
2024-10-15 23:04:10	25.955950127999998	102.00785468	101.999908	1	0	0	0	0
2024-10-15 23:04:20	25.892700536	102.42048532	101.999908	1	0	0	0	0
2024-10-15 23:04:30	25.907609452	102.41077408	101.999908	1	0	0	0	0
2024-10-15 23:04:40	25.86812096	102.39049504	101.999908	1	0	0	0	0
2024-10-15 23:04:50	25.869027336000002	102.36040848	101.999908	1	0	0	0	0
2024-10-15 23:05:00	25.899131328	102.04073712	101.999908	1	0	0	0	0
2024-10-15 23:05:10	25.864481744	102.34638752	101.999908	1	0	0	0	0
2024-10-15 23:05:20	25.845562728	102.33842944	101.999908	1	0	0	0	0
2024-10-15 23:05:30	25.851838607999998	102.25254408	101.999908	1	0	0	0	0
2024-10-15 23:05:40	25.821961664	102.34545896	101.999908	1	0	0	0	0
2024-10-15 23:05:50	25.796200148	102.3391708	101.999908	1	0	0	0	0
2024-10-15 23:06:00	25.794075564	102.22227324	101.999908	1	0	0	0	0
2024-10-15 23:06:10	25.765703044	102.29599496	101.999908	1	0	0	0	0
2024-10-15 23:06:20	25.76888528	102.31712571999999	101.999908	1	0	0	0	0
2024-10-15 23:06:30	25.768006996	102.26483431999999	101.999908	1	0	0	0	0
2024-10-15 23:06:40	25.775583356	102.25309328	101.999908	1	0	0	0	0
2024-10-15 23:06:50	25.699825492	102.44264984	101.999908	1	0	0	0	0
2024-10-15 23:07:00	25.711717516	102.29717836	101.999908	1	0	0	0	0
2024-10-15 23:07:10	25.731670272	102.21627516	101.999908	1	0	0	0	0
2024-10-15 23:07:20	25.73954392	102.14708172	101.999908	1	0	0	0	0
2024-10-15 23:07:30	25.737090167999998	102.24496504000001	101.999908	1	0	0	0	0
2024-10-15 23:07:40	25.682181824	102.47248164	101.999908	1	0	0	0	0
2024-10-15 23:07:50	25.62773828	102.60004044	101.999908	1	0	0	0	0
2024-10-15 23:08:00	25.645388572	102.512355	101.999908	1	0	0	0	0
2024-10-15 23:08:10	25.638354972	102.33216716	101.999908	1	0	0	0	0
2024-10-15 23:08:20	25.615261864705882	102.28172425490196	101.999908	1	0	0	0	0
2024-10-15 23:08:30	25.592819016	102.30340892	101.999908	1	0	0	0	0
2024-10-15 23:08:40	25.579838931999998	102.46003452	101.999908	1	0	0	0	0
2024-10-15 23:08:50	25.570346376	102.50931352	101.999908	1	0	0	0	0
2024-10-15 23:09:00	25.649696908	102.06576732	101.999908	1	0	0	0	0
2024-10-15 23:09:10	25.594752272	102.21858608000001	101.999908	1	0	0	0	0
2024-10-15 23:09:20	25.572099372	102.3038128	101.999908	1	0	0	0	0
2024-10-15 23:09:30	25.542371984	102.58607031999999	101.999908	1	0	0	0	0
2024-10-15 23:09:40	25.558270668	102.25840156	101.999908	1	0	0	0	0
2024-10-15 23:09:50	25.570445384	102.26801492	101.999908	1	0	0	0	0
2024-10-15 23:10:00	25.52364914	102.49694792000001	101.999908	1	0	0	0	0
2024-10-15 23:10:10	25.459779104	102.78168336	101.999908	1	0	0	0	0
2024-10-15 23:10:20	25.51376970980392	102.29439956862745	101.999908	1	0	0	0	0
2024-10-15 23:10:30	25.46192096	102.47454668	101.999908	1	0	0	0	0
2024-10-15 23:10:40	25.482009876	102.21748476	101.999908	1	0	0	0	0
2024-10-15 23:10:50	25.494420976	102.40438636	101.999908	1	0	0	0	0
2024-10-15 23:11:00	25.467306352	102.35895995999999	101.999908	1	0	0	0	0
2024-10-15 23:11:10	25.462091532000002	102.34751972	101.999908	1	0	0	0	0
2024-10-15 23:11:20	25.426642450980392	102.45835380392157	101.999908	1	0	0	0	0
2024-10-15 23:11:30	25.422524636000002	102.54111792	101.999908	1	0	0	0	0
2024-10-15 23:11:40	25.37600638	102.73081148	101.999908	1	0	0	0	0
2024-10-15 23:11:50	25.427865636	102.23382864	101.999908	1	0	0	0	0
2024-10-15 23:12:00	25.393596207999998	102.24027672	101.999908	1	0	0	0	0
2024-10-15 23:12:10	25.413472864	102.49173956	101.999908	1	0	0	0	0
2024-10-15 23:12:20	25.38073474	102.40859044	101.999908	1	0	0	0	0
2024-10-15 23:12:30	25.380056012	102.36360155999999	101.999908	1	0	0	0	0
2024-10-15 23:12:40	25.388266704	102.25930036	101.999908	1	0	0	0	0
2024-10-15 23:12:50	25.339432616	102.40957172	101.999908	1	0	0	0	0
2024-10-15 23:13:00	25.347569712	102.47126276	101.999908	1	0	0	0	0
2024-10-15 23:13:10	25.322078116	102.46580264	101.999908	1	0	0	0	0
2024-10-15 23:13:20	25.27698400289855	102.79454115942029	101.999908	1	0	0	0	0
2024-10-15 23:13:30	25.253733623809524	102.58495466666668	101.999908	1	0	0	0	0
2024-10-15 23:13:40	25.311680528	102.25052644	101.999908	1	0	0	0	0
2024-10-15 23:13:50	25.252722332	102.38394348	101.999908	1	0	0	0	0
2024-10-15 23:14:00	25.193214683999997	102.73242512	101.999908	1	0	0	0	0
2024-10-15 23:14:10	25.232007564	102.3098552	101.999908	1	0	0	0	0
2024-10-15 23:14:20	25.21997329056604	102.2826203018868	101.999908	1	0	0	0	0
2024-10-15 23:14:30	25.242764024	102.3010728	101.999908	1	0	0	0	0
2024-10-15 23:14:40	25.232923184	102.36156048	101.999908	1	0	0	0	0
2024-10-15 23:14:50	25.225922248	102.21145544	101.999908	1	0	0	0	0
2024-10-15 23:15:00	25.21773246	102.26075788	101.999908	1	0	0	0	0
2024-10-15 23:15:10	25.190286868	102.28174048	101.999908	1	0	0	0	0
2024-10-15 23:15:20	25.182501872	102.5479904	101.999908	1	0	0	0	0
2024-10-15 23:15:30	25.21638382	102.22453192	101.999908	1	0	0	0	0
2024-10-15 23:15:40	25.179073024	102.27277424	101.999908	1	0	0	0	0
2024-10-15 23:15:50	25.143916472	102.43889112	101.999908	1	0	0	0	0
2024-10-15 23:16:00	25.145692888	102.18163072	101.999908	1	0	0	0	0
2024-10-15 23:16:10	25.132904356	102.27473704	101.999908	1	0	0	0	0
2024-10-15 23:16:20	25.119895192	102.45333384	101.999908	1	0	0	0	0
2024-10-15 23:16:30	25.116620568000002	102.28289056	101.999908	1	0	0	0	0
2024-10-15 23:16:40	25.087093752	102.39518527999999	101.999908	1	0	0	0	0
2024-10-15 23:16:50	25.068939908	102.4867132	101.999908	1	0	0	0	0
2024-10-15 23:17:00	25.127332508	102.05553448	101.999908	1	0	0	0	0
2024-10-15 23:17:10	25.148585296	101.84197264	101.999908	1	0	0	0	0
2024-10-15 23:17:20	25.083541584	102.37470311999999	101.999908	1	0	0	0	0
2024-10-15 23:17:30	25.058339624	102.35020331999999	101.999908	1	0	0	0	0
2024-10-15 23:17:40	25.075180032	102.28357768	101.999908	1	0	0	0	0
2024-10-15 23:17:50	25.034770656	102.52353120000001	101.999908	1	0	0	0	0
2024-10-15 23:18:00	25.0470591	102.23621972	101.999908	1	0	0	0	0
2024-10-15 23:18:10	25.031917248000003	102.33124156	101.999908	1	0	0	0	0
2024-10-15 23:18:20	25.041940124	102.11959024	101.999908	1	0	0	0	0
2024-10-15 23:18:30	25.047344628	102.1108802	101.999908	1	0	0	0	0
2024-10-15 23:18:40	25.015779216	102.1717992	101.999908	1	0	0	0	0
2024-10-15 23:18:50	24.967484976	102.48777152	101.999908	1	0	0	0	0
2024-10-15 23:19:00	24.956053856	102.51067168	101.999908	1	0	0	0	0
2024-10-15 23:19:10	25.008035172	102.0529754	101.999908	1	0	0	0	0
2024-10-15 23:19:20	24.952078848	102.29569312	101.999908	1	0	0	0	0
2024-10-15 23:19:30	24.936572112	102.48019168	101.999908	1	0	0	0	0
2024-10-15 23:19:40	24.913313	102.50553788	101.999908	1	0	0	0	0
2024-10-15 23:19:50	24.977017304	101.89809928	101.999908	1	0	0	0	0
2024-10-15 23:20:00	24.954409419999998	102.20639776	101.999908	1	0	0	0	0
2024-10-15 23:20:10	24.907837736	102.29773984	101.999908	1	0	0	0	0
2024-10-15 23:20:20	24.865722652	102.56202728000001	101.999908	1	0	0	0	0
2024-10-15 23:20:30	24.867599092	102.4168604	101.999908	1	0	0	0	0
2024-10-15 23:20:40	24.93614808	102.16627596	101.999908	1	0	0	0	0
2024-10-15 23:20:50	24.858600424	102.27950964	101.999908	1	0	0	0	0
2024-10-15 23:21:00	24.852954172	102.448376	101.999908	1	0	0	0	0
2024-10-15 23:21:10	24.879786927999998	102.21515240000001	101.999908	1	0	0	0	0
2024-10-15 23:21:20	24.85303618	102.20649547999999	101.999908	1	0	0	0	0
2024-10-15 23:21:30	24.827141952	102.49652428	101.999908	1	0	0	0	0
2024-10-15 23:21:40	24.82526046	102.1320756	101.999908	1	0	0	0	0
2024-10-15 23:21:50	24.8224651	102.17044188	101.999908	1	0	0	0	0
2024-10-15 23:22:00	24.754957836	102.54571492	101.999908	1	0	0	0	0
2024-10-15 23:22:10	24.776266172	102.52944916	101.999908	1	0	0	0	0
2024-10-15 23:22:20	24.790858011999998	102.257537	101.999908	1	0	0	0	0
2024-10-15 23:22:30	24.800782104000003	102.142732	101.999908	1	0	0	0	0
2024-10-15 23:22:40	24.752061764	102.61601588	101.999908	1	0	0	0	0
2024-10-15 23:22:50	24.758998968	102.29151936000001	101.999908	1	0	0	0	0
2024-10-15 23:23:00	24.751930192	102.2040706	101.999908	1	0	0	0	0
2024-10-15 23:23:10	24.778310768	102.16859372	101.999908	1	0	0	0	0
2024-10-15 23:23:20	24.725748052	102.45825728000001	101.999908	1	0	0	0	0
2024-10-15 23:23:30	24.721362944	102.26512312	101.999908	1	0	0	0	0
2024-10-15 23:23:40	24.693737776000003	102.43545836	101.999908	1	0	0	0	0
2024-10-15 23:23:50	24.7392884	102.30833268	101.999908	1	0	0	0	0
2024-10-15 23:24:00	24.680919256	102.36454900000001	101.999908	1	0	0	0	0
2024-10-15 23:24:10	24.680919256	102.51782028	101.999908	1	0	0	0	0
2024-10-15 23:24:20	24.655146172	102.357809	101.999908	1	0	0	0	0
2024-10-15 23:24:30	24.655146172	102.357809	101.999908	1	0	0	0	0
2024-10-15 23:24:40	24.661750964	102.29808712	101.999908	1	0	0	0	0
2024-10-15 23:24:50	24.627400068	102.40365768	101.999908	1	0	0	0	0
2024-10-15 23:25:00	24.602996696	102.46898184	101.999908	1	0	0	0	0
2024-10-15 23:25:10	24.595860683999998	102.45259036	101.999908	1	0	0	0	0
2024-10-15 23:25:20	24.609799128	102.3368956	101.999908	1	0	0	0	0
2024-10-15 23:25:30	24.606993728	102.261321	101.999908	1	0	0	0	0
2024-10-15 23:25:40	24.61602782	102.19936612	101.999908	1	0	0	0	0
2024-10-15 23:25:50	24.591206264	102.30802784	101.999908	1	0	0	0	0
2024-10-15 23:26:00	24.57778124	102.24378332	101.999908	1	0	0	0	0
2024-10-15 23:26:10	24.535119264	102.54467292	101.999908	1	0	0	0	0
2024-10-15 23:26:20	24.542219619999997	102.26235452	101.999908	1	0	0	0	0
2024-10-15 23:26:30	24.567054792	102.12764403999999	101.999908	1	0	0	0	0
2024-10-15 23:26:40	24.567054792	102.12764403999999	101.999908	1	0	0	0	0
2024-10-15 23:26:50	24.543370768	102.17535532000001	101.999908	1	0	0	0	0
2024-10-15 23:27:00	24.553976476	102.17468396	101.999908	1	0	0	0	0
2024-10-15 23:27:10	24.521643204	102.07202268	101.999908	1	0	0	0	0
2024-10-15 23:27:20	24.498379363999998	102.60265676	101.999908	1	0	0	0	0
2024-10-15 23:27:30	24.481239952000003	102.38238076	101.999908	1	0	0	0	0
2024-10-15 23:27:40	24.496077452	102.32690355999999	101.999908	1	0	0	0	0
2024-10-15 23:27:50	24.482263036000003	102.427741	101.999908	1	0	0	0	0
2024-10-15 23:28:00	24.449966656	102.47004516	101.999908	1	0	0	0	0
2024-10-15 23:28:10	24.474943788	102.22303064	101.999908	1	0	0	0	0
2024-10-15 23:28:20	24.417380352	102.39781172	101.999908	1	0	0	0	0
2024-10-15 23:28:30	24.40501844	102.51788447999999	101.999908	1	0	0	0	0
2024-10-15 23:28:40	24.451178304	102.1688364	101.999908	1	0	0	0	0
2024-10-15 23:28:50	24.411656724	102.37640132	101.999908	1	0	0	0	0
2024-10-15 23:29:00	24.415760868	102.28310004	101.999908	1	0	0	0	0
2024-10-15 23:29:10	24.355700604	102.60980776	101.999908	1	0	0	0	0
2024-10-15 23:29:20	24.324632431999998	102.4756806	101.999908	1	0	0	0	0
2024-10-15 23:29:30	24.390404124	102.23927792	101.999908	1	0	0	0	0
2024-10-15 23:29:40	24.339924816	102.45020812	101.999908	1	0	0	0	0
2024-10-15 23:29:50	24.338632836000002	102.43973456	101.999908	1	0	0	0	0
2024-10-15 23:30:00	24.4083659	101.87032008	101.999908	1	0	0	0	0
2024-10-15 23:30:10	24.357589736	102.25775872	101.999908	1	0	0	0	0
2024-10-15 23:30:20	24.326261316	102.47642288	101.999908	1	0	0	0	0
2024-10-15 23:30:30	24.360551488	102.26731584000001	101.999908	1	0	0	0	0
2024-10-15 23:30:40	24.3143528	102.32054356	101.999908	1	0	0	0	0
2024-10-15 23:30:50	24.314346112	102.36137648	101.999908	1	0	0	0	0
2024-10-15 23:31:00	24.313275844	102.1839536	101.999908	1	0	0	0	0
2024-10-15 23:31:10	24.312459528	102.23907200000001	101.999908	1	0	0	0	0
2024-10-15 23:31:20	24.301611416	102.18758828	101.999908	1	0	0	0	0
2024-10-15 23:31:30	24.281276864	102.35917943999999	101.999908	1	0	0	0	0
2024-10-15 23:31:40	24.283179632	102.2266886	101.999908	1	0	0	0	0
2024-10-15 23:31:50	24.28934588	102.07202004	101.999908	1	0	0	0	0
2024-10-15 23:32:00	24.241577484	102.4699464	101.999908	1	0	0	0	0
2024-10-15 23:32:10	24.274321792000002	102.1725492	101.999908	1	0	0	0	0
2024-10-15 23:32:20	24.171140076	102.540148	101.999908	1	0	0	0	0
2024-10-15 23:32:30	24.230120812	102.28783672	101.999908	1	0	0	0	0
2024-10-15 23:32:40	24.219599404	102.26822848	101.999908	1	0	0	0	0
2024-10-15 23:32:50	24.210661236	102.2595642	101.999908	1	0	0	0	0
2024-10-15 23:33:00	24.23702604	102.07388272	101.999908	1	0	0	0	0
2024-10-15 23:33:10	24.183883376	102.41831604000001	101.999908	1	0	0	0	0
2024-10-15 23:33:20	24.151190072	102.44703712	101.999908	1	0	0	0	0
2024-10-15 23:33:30	24.164674952	102.2867238	101.999908	1	0	0	0	0
2024-10-15 23:33:40	24.166921232	102.45686364000001	101.999908	1	0	0	0	0
2024-10-15 23:33:50	24.196360996	102.0580498	101.999908	1	0	0	0	0
2024-10-15 23:34:00	24.150670608	102.17741608	101.999908	1	0	0	0	0
2024-10-15 23:34:10	24.143964204	102.33754807999999	101.999908	1	0	0	0	0
2024-10-15 23:34:20	24.114470792	102.52664204	101.999908	1	0	0	0	0
2024-10-15 23:34:30	24.134145103999998	102.25899376000001	101.999908	1	0	0	0	0
2024-10-15 23:34:40	24.10396206	102.30198912	101.999908	1	0	0	0	0
2024-10-15 23:34:50	24.071861116	102.70339212	101.999908	1	0	0	0	0
2024-10-15 23:35:00	24.084362844	102.1971842	101.999908	1	0	0	0	0
2024-10-15 23:35:10	24.133481608	101.99067936	101.999908	1	0	0	0	0
2024-10-15 23:35:20	24.069903724	102.28118104	101.999908	1	0	0	0	0
2024-10-15 23:35:30	24.030461503999998	102.47589476	101.999908	1	0	0	0	0
2024-10-15 23:35:40	24.082460752	102.12941072	101.999908	1	0	0	0	0
2024-10-15 23:35:50	24.014027679999998	102.37797696	101.999908	1	0	0	0	0
2024-10-15 23:36:00	24.062344627999998	102.22951356	101.999908	1	0	0	0	0
2024-10-15 23:36:10	24.042436216	102.26731072	101.999908	1	0	0	0	0
2024-10-15 23:36:20	24.009435652	102.26889936	101.999908	1	0	0	0	0
2024-10-15 23:36:30	24.002834004	102.19418596	101.999908	1	0	0	0	0
2024-10-15 23:36:40	23.979439327999998	102.29391228	101.999908	1	0	0	0	0
2024-10-15 23:36:50	23.95998848	102.3563786	101.999908	1	0	0	0	0
2024-10-15 23:37:00	23.9797496	102.26559132	101.999908	1	0	0	0	0
2024-10-15 23:37:10	24.015470576	102.03048220000001	101.999908	1	0	0	0	0
2024-10-15 23:37:20	23.966082144	102.29587832	101.999908	1	0	0	0	0
2024-10-15 23:37:30	24.023779524	101.90141504	101.999908	1	0	0	0	0
2024-10-15 23:37:40	23.974335743999998	102.2883306	101.999908	1	0	0	0	0
2024-10-15 23:37:50	23.99201304	101.95188048	101.999908	1	0	0	0	0
2024-10-15 23:38:00	23.963951331999997	102.27173824	101.999908	1	0	0	0	0
2024-10-15 23:38:10	23.9824936	101.95052559999999	101.999908	1	0	0	0	0
2024-10-15 23:38:20	23.947419536	102.19533007999999	101.999908	1	0	0	0	0
2024-10-15 23:38:30	23.932484719999998	102.2207432	101.999908	1	0	0	0	0
2024-10-15 23:38:40	23.884227896	102.37660752000001	101.999908	1	0	0	0	0
2024-10-15 23:38:50	23.953662444	102.00822572	101.999908	1	0	0	0	0
2024-10-15 23:39:00	23.89264088	102.46526592000001	101.999908	1	0	0	0	0
2024-10-15 23:39:10	23.926856004	101.98836348	101.999908	1	0	0	0	0
2024-10-15 23:39:20	23.915331728	102.21754616	101.999908	1	0	0	0	0
2024-10-15 23:39:30	23.915657508	102.26685388	101.999908	1	0	0	0	0
2024-10-15 23:39:40	23.906269536	102.14918519999999	101.999908	1	0	0	0	0
2024-10-15 23:39:50	23.932240024000002	102.0959212	101.999908	1	0	0	0	0
2024-10-15 23:40:00	23.899551144	102.20175812000001	101.999908	1	0	0	0	0
2024-10-15 23:40:10	23.911259824000002	102.0463754	101.999908	1	0	0	0	0
2024-10-15 23:40:20	23.851680272	102.44623252	101.999908	1	0	0	0	0
2024-10-15 23:40:30	23.890974928000002	102.09382352	101.999908	1	0	0	0	0
2024-10-15 23:40:40	23.89827482	102.06115844	101.999908	1	0	0	0	0
2024-10-15 23:40:50	23.910620504	101.91247228	101.999908	1	0	0	0	0
2024-10-15 23:41:00	23.861170272	102.17911864	101.999908	1	0	0	0	0
2024-10-15 23:41:10	23.85113478	102.22871896	101.999908	1	0	0	0	0
2024-10-15 23:41:20	23.867866959999997	102.21453284	101.999908	1	0	0	0	0
2024-10-15 23:41:30	23.896861936	101.98524239999999	101.999908	1	0	0	0	0
2024-10-15 23:41:40	23.878123856000002	102.15878716	101.999908	1	0	0	0	0
2024-10-15 23:41:50	23.891979452	101.99476248	101.999908	1	0	0	0	0
2024-10-15 23:42:00	23.8304026	102.21451072	101.999908	1	0	0	0	0
2024-10-15 23:42:10	23.882117756	101.92976648000001	101.999908	1	0	0	0	0
2024-10-15 23:42:20	23.893396708	101.81139144	101.999908	1	0	0	0	0
2024-10-15 23:42:30	23.828615068	102.40600332	101.999908	1	0	0	0	0
2024-10-15 23:42:40	23.828607172	102.12243504	101.999908	1	0	0	0	0
2024-10-15 23:42:50	23.843840584	102.15279344	101.999908	1	0	0	0	0
2024-10-15 23:43:00	23.830913348	102.28024028	101.999908	1	0	0	0	0
2024-10-15 23:43:10	23.83861158	102.15325784	101.999908	1	0	0	0	0
2024-10-15 23:43:20	23.908862384	101.98201071999999	101.999908	1	0	0	0	0
2024-10-15 23:43:30	23.86910393333333	101.85055575362318	101.999908	1	0	0	0	0
2024-10-15 23:43:40	23.846432036585366	102.09404487804879	101.999908	1	0	0	0	0
2024-10-15 23:43:50	23.823755408	102.19978812	101.999908	1	0	0	0	0
2024-10-15 23:44:00	23.849036756	102.14684752	101.999908	1	0	0	0	0
2024-10-15 23:44:10	23.848178872000002	101.89718472	101.999908	1	0	0	0	0
2024-10-15 23:44:20	23.863866272	101.96021716	101.999908	1	0	0	0	0
2024-10-15 23:44:30	23.881728856	101.9798744	101.999908	1	0	0	0	0
2024-10-15 23:44:40	23.824432423999998	102.20147956	101.999908	1	0	0	0	0
2024-10-15 23:44:50	23.826409872	102.1681476	101.999908	1	0	0	0	0
2024-10-15 23:45:00	23.897935836	101.60491415999999	101.999908	1	0	0	0	0
2024-10-15 23:45:10	23.88116584	101.7529512	101.999908	1	0	0	0	0
2024-10-15 23:45:20	23.87930876	101.94661392	101.999908	1	0	0	0	0
2024-10-15 23:45:30	23.869749152	101.86516456	101.999908	1	0	0	0	0
2024-10-15 23:45:40	23.911780076	101.81030448	101.999908	1	0	0	0	0
2024-10-15 23:45:50	23.866510792	101.9107202	101.999908	1	0	0	0	0
2024-10-15 23:46:00	23.902168576	101.80534432	101.999908	1	0	0	0	0
2024-10-15 23:46:10	23.851268	101.90366052	101.999908	1	0	0	0	0
2024-10-15 23:46:20	23.899829568	102.09894003999999	101.999908	1	0	0	0	0
2024-10-15 23:46:30	23.891616096	101.89324064	101.999908	1	0	0	0	0
2024-10-15 23:46:40	23.856731932	102.15757808000001	101.999908	1	0	0	0	0
2024-10-15 23:46:50	23.890521776	101.90009336	101.999908	1	0	0	0	0
2024-10-15 23:47:00	23.903365764	101.91547968	101.999908	1	0	0	0	0
2024-10-15 23:47:10	23.842933715999997	102.14196004	101.999908	1	0	0	0	0
2024-10-15 23:47:20	23.876702928	101.99602608	101.999908	1	0	0	0	0
2024-10-15 23:47:30	23.876605744	101.8187216	101.999908	1	0	0	0	0
2024-10-15 23:47:40	23.855756	102.11119076	101.999908	1	0	0	0	0
2024-10-15 23:47:50	23.879235224	101.99184124	101.999908	1	0	0	0	0
2024-10-15 23:48:00	23.860665964000003	102.16512743999999	101.999908	1	0	0	0	0
2024-10-15 23:48:10	23.882461592	101.99034963999999	101.999908	1	0	0	0	0
2024-10-15 23:48:20	23.872708564	102.07261224	101.999908	1	0	0	0	0
2024-10-15 23:48:30	23.9188996	101.87309628	101.999908	1	0	0	0	0
2024-10-15 23:48:40	23.888594824000002	102.09834452	101.999908	1	0	0	0	0
2024-10-15 23:48:50	23.940929284	101.66471104	101.999908	1	0	0	0	0
2024-10-15 23:49:00	23.909035136	101.64910196	101.999908	1	0	0	0	0
2024-10-15 23:49:10	23.931182092	101.80724547999999	101.999908	1	0	0	0	0
2024-10-15 23:49:20	23.903205088	102.03001088	101.999908	1	0	0	0	0
2024-10-15 23:49:30	23.898456352	101.97418708	101.999908	1	0	0	0	0
2024-10-15 23:49:40	23.904489856	102.03259952	101.999908	1	0	0	0	0
2024-10-15 23:49:50	23.928411972	101.87686412	101.999908	1	0	0	0	0
2024-10-15 23:50:00	23.916524616	101.98434224	101.999908	1	0	0	0	0
2024-10-15 23:50:10	23.929173264	101.94716684	101.999908	1	0	0	0	0
2024-10-15 23:50:20	23.952912744	101.66923624	101.999908	1	0	0	0	0
2024-10-15 23:50:30	23.900298168	102.16006604	101.999908	1	0	0	0	0
2024-10-15 23:50:40	23.897149456	102.08904079999999	101.999908	1	0	0	0	0
2024-10-15 23:50:50	23.888948548000002	101.98247896	101.999908	1	0	0	0	0
2024-10-15 23:51:00	23.936956283999997	101.84876608	101.999908	1	0	0	0	0
2024-10-15 23:51:10	23.945122387999998	101.90085552	101.999908	1	0	0	0	0
2024-10-15 23:51:20	23.931750104	102.06493572	101.999908	1	0	0	0	0
2024-10-15 23:51:30	23.960382992	101.97013876	101.999908	1	0	0	0	0
2024-10-15 23:51:40	23.974474872000002	101.57135896	101.999908	1	0	0	0	0
2024-10-15 23:51:50	23.949520772	101.71431304000001	101.999908	1	0	0	0	0
2024-10-15 23:52:00	23.94663864	101.96913248	101.999908	1	0	0	0	0
2024-10-15 23:52:10	23.938916464000002	102.05256124	101.999908	1	0	0	0	0
2024-10-15 23:52:20	23.975028612	101.69392752	101.999908	1	0	0	0	0
2024-10-15 23:52:30	23.918173712	102.01793928	101.999908	1	0	0	0	0
2024-10-15 23:52:40	23.925938876	102.11113104	101.999908	1	0	0	0	0
2024-10-15 23:52:50	23.942650668	101.95744544	101.999908	1	0	0	0	0
2024-10-15 23:53:00	23.951556612	101.915982	101.999908	1	0	0	0	0
2024-10-15 23:53:10	23.960204432	101.85480704000001	101.999908	1	0	0	0	0
2024-10-15 23:53:20	23.91635844	102.12580136	101.999908	1	0	0	0	0
2024-10-15 23:53:30	23.936945996	101.99464056	101.999908	1	0	0	0	0
2024-10-15 23:53:40	23.966123416	101.9556312	101.999908	1	0	0	0	0
2024-10-15 23:53:50	23.966482216	101.95462856	101.999908	1	0	0	0	0
2024-10-15 23:54:00	23.931963648	102.07347484	101.999908	1	0	0	0	0
2024-10-15 23:54:10	23.978660232	101.9036638	101.999908	1	0	0	0	0
2024-10-15 23:54:20	23.981749692	101.85063848	101.999908	1	0	0	0	0
2024-10-15 23:54:30	23.928684888	102.26321208	101.999908	1	0	0	0	0
2024-10-15 23:54:40	23.914839344	102.1828404	101.999908	1	0	0	0	0
2024-10-15 23:54:50	23.952780568	101.87363056	101.999908	1	0	0	0	0
2024-10-15 23:55:00	23.997024344	101.622462	101.999908	1	0	0	0	0
2024-10-15 23:55:10	23.980603976	101.85529939999999	101.999908	1	0	0	0	0
2024-10-15 23:55:20	23.983845648	101.864033	101.999908	1	0	0	0	0
2024-10-15 23:55:30	23.966097344	102.1080792	101.999908	1	0	0	0	0
2024-10-15 23:55:40	23.987084564	101.90259472	101.999908	1	0	0	0	0
2024-10-15 23:55:50	23.97927464	101.92561067999999	101.999908	1	0	0	0	0
2024-10-15 23:56:00	23.96863806	101.94048368	101.999908	1	0	0	0	0
2024-10-15 23:56:10	24.009230108	101.81959524	101.999908	1	0	0	0	0
2024-10-15 23:56:20	23.980785912	101.9082976	101.999908	1	0	0	0	0
2024-10-15 23:56:30	24.013264908	101.91823088000001	101.999908	1	0	0	0	0
2024-10-15 23:56:40	24.047262256	101.5804348	101.999908	1	0	0	0	0
2024-10-15 23:56:50	23.981000076	102.00855616	101.999908	1	0	0	0	0
2024-10-15 23:57:00	24.036915907999997	101.72143192	101.999908	1	0	0	0	0
2024-10-15 23:57:10	24.066310572	101.61850396	101.999908	1	0	0	0	0
2024-10-15 23:57:20	24.001171164000002	102.01991028	101.999908	1	0	0	0	0
2024-10-15 23:57:30	24.061878632	101.87091176	101.999908	1	0	0	0	0
2024-10-15 23:57:40	24.063074575999998	101.81070024	101.999908	1	0	0	0	0
2024-10-15 23:57:50	24.079759376	101.7308406	101.999908	1	0	0	0	0
2024-10-15 23:58:00	24.085892424	101.62004268	101.999908	1	0	0	0	0
2024-10-15 23:58:10	24.045821236000002	101.85708736000001	101.999908	1	0	0	0	0
2024-10-15 23:58:20	24.034257216	102.1568916	101.999908	1	0	0	0	0
2024-10-15 23:58:30	24.083979376	101.80088592	101.999908	1	0	0	0	0
2024-10-15 23:58:40	24.102149256	101.89960168	101.999908	1	0	0	0	0
2024-10-15 23:58:50	24.0439944	101.86682916000001	101.999908	1	0	0	0	0
2024-10-15 23:59:00	24.101604296	101.76652852	101.999908	1	0	0	0	0
2024-10-15 23:59:10	24.0420472	102.10003032	101.999908	1	0	0	0	0
2024-10-15 23:59:20	24.049273792	101.95662788	101.999908	1	0	0	0	0
2024-10-15 23:59:30	24.059048156	101.94538036	101.999908	1	0	0	0	0
2024-10-15 23:59:40	24.098147008	101.8985504	101.999908	1	0	0	0	0
2024-10-15 23:59:50	24.101359796	101.65158816	101.999908	1	0	0	0	0
2024-10-16 00:00:00	24.087350476	102.05073124	101.999908	1	0	0	0	0
