PROCESSDATA	2411FIC20102 Data	yyyy-MM-dd HH:mm:ss
8	10	2024-11-17 14:45:00	751
tagname	2411FIC20102.MV	2411FIC20102.PV	2411FIC20102.SV	2411FIC20102.MODE	bOpOFL	bPvOFL	bSpOFL	bAutOFL
desc	回炼油返塔_OP	回炼油返塔_PV	回炼油返塔_SP	Aut	bOpOFL	bPvOFL	bSpOFL	bAutOFL
fsMax=1.775881055592336	fsMin=0	fsGridNum=10	fdMax=1.775881055592336tfdMin=0	fdGridNum=10	v0GridNum=10	L=24
2024-11-17 14:45:00	25.18329568064516	98.69992112903226	98.99994	1	0	0	0	0
2024-11-17 14:45:10	25.0871316	99.0486529452381	98.99994	1	0	0	0	0
2024-11-17 14:45:20	25.103129922	99.138759	98.99994	1	0	0	0	0
2024-11-17 14:45:30	25.0770132	99.27344360000001	98.99994	1	0	0	0	0
2024-11-17 14:45:40	25.096907848	99.14504024	98.99994	1	0	0	0	0
2024-11-17 14:45:50	25.137279734	98.8660416	98.99994	1	0	0	0	0
2024-11-17 14:46:00	25.1201178	98.9598119047619	98.99994	1	0	0	0	0
2024-11-17 14:46:10	25.154522752380952	98.90826904761904	98.99994	1	0	0	0	0
2024-11-17 14:46:20	25.082913248	99.188872846	98.99994	1	0	0	0	0
2024-11-17 14:46:30	25.060099945999998	99.318339	98.99994	1	0	0	0	0
2024-11-17 14:46:40	25.117154734	98.931324936	98.99994	1	0	0	0	0
2024-11-17 14:46:50	25.064117794	99.2697634	98.99994	1	0	0	0	0
2024-11-17 14:47:00	25.084229320754716	99.10130603773585	98.99994	1	0	0	0	0
2024-11-17 14:47:10	25.11025559615385	98.84946528846153	98.99994	1	0	0	0	0
2024-11-17 14:47:20	25.186284756000003	98.4673694	98.99994	1	0	0	0	0
2024-11-17 14:47:30	25.110317814	98.9998094	98.99994	1	0	0	0	0
2024-11-17 14:47:40	25.05693109	99.3405556	98.99994	1	0	0	0	0
2024-11-17 14:47:50	25.02929534	99.4889124	98.99994	1	0	0	0	0
2024-11-17 14:48:00	25.089062856603775	99.08021509433962	98.99994	1	0	0	0	0
2024-11-17 14:48:10	25.06857072307692	99.09367423076922	98.99994	1	0	0	0	0
2024-11-17 14:48:20	25.079518496000002	99.059646488	98.99994	1	0	0	0	0
2024-11-17 14:48:30	25.099858464	98.923099	98.99994	1	0	0	0	0
2024-11-17 14:48:40	25.080782342000003	99.0126744	98.99994	1	0	0	0	0
2024-11-17 14:48:50	25.01934233	99.397694688	98.99994	1	0	0	0	0
2024-11-17 14:49:00	25.033132771153845	99.27957665	98.99994	1	0	0	0	0
2024-11-17 14:49:10	25.018996786538462	98.9132123076923	98.99994	1	0	0	0	0
2024-11-17 14:49:20	25.053421054	99.0803792	98.99994	1	0	0	0	0
2024-11-17 14:49:30	25.031392626	99.214480852	98.99994	1	0	0	0	0
2024-11-17 14:49:40	25.037228878	99.1407846	98.99994	1	0	0	0	0
2024-11-17 14:49:50	25.006246060000002	99.306826	98.99994	1	0	0	0	0
2024-11-17 14:50:00	25.04385661923077	99.0434123923077	98.99994	1	0	0	0	0
2024-11-17 14:50:10	25.032354075471698	98.77865301132076	98.99994	1	0	0	0	0
2024-11-17 14:50:20	25.023919365999998	99.11787740000001	98.99994	1	0	0	0	0
2024-11-17 14:50:30	25.006943732	99.2562238	98.99994	1	0	0	0	0
2024-11-17 14:50:40	25.07183383	98.789311154	98.99994	1	0	0	0	0
2024-11-17 14:50:50	25.056625656	98.8908926	98.99994	1	0	0	0	0
2024-11-17 14:51:00	25.03653696923077	98.9812798076923	98.99994	1	0	0	0	0
2024-11-17 14:51:10	25.017035173584905	99.01152800377358	98.99994	1	0	0	0	0
2024-11-17 14:51:20	25.05707734	98.8103658	98.99994	1	0	0	0	0
2024-11-17 14:51:30	24.995060244	99.179803366	98.99994	1	0	0	0	0
2024-11-17 14:51:40	25.025035402	98.960008536	98.99994	1	0	0	0	0
2024-11-17 14:51:50	24.96098192	99.32407660000001	98.99994	1	0	0	0	0
2024-11-17 14:52:00	25.019334603846154	98.95662596153846	98.99994	1	0	0	0	0
2024-11-17 14:52:10	25.02934721153846	98.54153241923076	98.99994	1	0	0	0	0
2024-11-17 14:52:20	24.978474338	99.23435074199999	98.99994	1	0	0	0	0
2024-11-17 14:52:30	25.002699584	99.064400754	98.99994	1	0	0	0	0
2024-11-17 14:52:40	24.988428816	99.149051494	98.99994	1	0	0	0	0
2024-11-17 14:52:50	24.959165086	99.291694	98.99994	1	0	0	0	0
2024-11-17 14:53:00	24.98652343773585	99.0437303773585	98.99994	1	0	0	0	0
2024-11-17 14:53:10	24.976382880769233	99.1813873076923	98.99994	1	0	0	0	0
2024-11-17 14:53:20	24.875825352	99.7138656	98.99994	1	0	0	0	0
2024-11-17 14:53:30	24.952874428	99.17366750000001	98.99994	1	0	0	0	0
2024-11-17 14:53:40	24.976598932	98.978431852	98.99994	1	0	0	0	0
2024-11-17 14:53:50	24.928909372	99.24061949	98.99994	1	0	0	0	0
2024-11-17 14:54:00	24.925813009615386	99.21693923076923	98.99994	1	0	0	0	0
2024-11-17 14:54:10	24.886051213207548	99.54327830188679	98.99994	1	0	0	0	0
2024-11-17 14:54:20	24.937370296	99.058487548	98.99994	1	0	0	0	0
2024-11-17 14:54:30	24.913262672000002	99.11632284000001	98.99994	1	0	0	0	0
2024-11-17 14:54:40	24.933857174	98.968528464	98.99994	1	0	0	0	0
2024-11-17 14:54:50	24.879375642000003	99.276014442	98.99994	1	0	0	0	0
2024-11-17 14:55:00	24.88391663269231	99.22170354615385	98.99994	1	0	0	0	0
2024-11-17 14:55:10	24.873787028846156	99.10453269230769	98.99994	1	0	0	0	0
2024-11-17 14:55:20	24.88615366	99.1326359	98.99994	1	0	0	0	0
2024-11-17 14:55:30	24.84324804	99.365091912	98.99994	1	0	0	0	0
2024-11-17 14:55:40	24.920849896	98.8699838	98.99994	1	0	0	0	0
2024-11-17 14:55:50	24.854533078	99.260579246	98.99994	1	0	0	0	0
2024-11-17 14:56:00	24.877224198076924	99.10065076923077	98.99994	1	0	0	0	0
2024-11-17 14:56:10	24.88059968076923	99.18006356923077	98.99994	1	0	0	0	0
2024-11-17 14:56:20	24.881838524	98.9922454	98.99994	1	0	0	0	0
2024-11-17 14:56:30	24.839374034000002	99.225627782	98.99994	1	0	0	0	0
2024-11-17 14:56:40	24.847905	99.1490376	98.99994	1	0	0	0	0
2024-11-17 14:56:50	24.788740559999997	99.47507279999999	98.99994	1	0	0	0	0
2024-11-17 14:57:00	24.794128881132075	99.37430924528302	98.99994	1	0	0	0	0
2024-11-17 14:57:10	24.75675327254902	99.25905647058823	98.99994	1	0	0	0	0
2024-11-17 14:57:20	24.783783458	99.37079399999999	98.99994	1	0	0	0	0
2024-11-17 14:57:30	24.8148705	99.110372	98.99994	1	0	0	0	0
2024-11-17 14:57:40	24.783972306	99.263897	98.99994	1	0	0	0	0
2024-11-17 14:57:50	24.784969194	99.203545	98.99994	1	0	0	0	0
2024-11-17 14:58:00	24.761634298076924	99.34247835000001	98.99994	1	0	0	0	0
2024-11-17 14:58:10	24.77432962264151	99.10212075471698	98.99994	1	0	0	0	0
2024-11-17 14:58:20	24.754571396	99.2977696	98.99994	1	0	0	0	0
2024-11-17 14:58:30	24.778161446	99.121576194	98.99994	1	0	0	0	0
2024-11-17 14:58:40	24.756592504	99.1915046	98.99994	1	0	0	0	0
2024-11-17 14:58:50	24.759097632000003	99.156025	98.99994	1	0	0	0	0
2024-11-17 14:59:00	24.72144790769231	99.33073999999999	98.99994	1	0	0	0	0
2024-11-17 14:59:10	24.74148661509434	98.85743566037736	98.99994	1	0	0	0	0
2024-11-17 14:59:20	24.729846584	99.206308742	98.99994	1	0	0	0	0
2024-11-17 14:59:30	24.763706925999998	98.972181	98.99994	1	0	0	0	0
2024-11-17 14:59:40	24.71045796	99.27741019999999	98.99994	1	0	0	0	0
2024-11-17 14:59:50	24.719556332	99.19087730000001	98.99994	1	0	0	0	0
2024-11-17 15:00:00	24.721657821153848	99.15512115384615	98.99994	1	0	0	0	0
2024-11-17 15:00:10	24.66864114615385	99.42316076923078	98.99994	1	0	0	0	0
2024-11-17 15:00:20	24.685005538000002	99.2609614	98.99994	1	0	0	0	0
2024-11-17 15:00:30	24.710656012	99.01642319999999	98.99994	1	0	0	0	0
2024-11-17 15:00:40	24.707352182	99.01445407	98.99994	1	0	0	0	0
2024-11-17 15:00:50	24.658403394	99.3062558	98.99994	1	0	0	0	0
2024-11-17 15:01:00	24.667852190476193	99.21671114285715	98.99994	1	0	0	0	0
2024-11-17 15:01:10	24.692407904761904	98.94702142857143	98.99994	1	0	0	0	0
2024-11-17 15:01:20	24.640444375999998	99.3400424	98.99994	1	0	0	0	0
2024-11-17 15:01:30	24.752249524	98.6432502	98.99994	1	0	0	0	0
2024-11-17 15:01:40	24.671894676	99.1621046	98.99994	1	0	0	0	0
2024-11-17 15:01:50	24.619887352	99.432740142	98.99994	1	0	0	0	0
2024-11-17 15:02:00	24.600485588461538	99.46877673076924	98.99994	1	0	0	0	0
2024-11-17 15:02:10	24.67700743076923	99.01310771346154	98.99994	1	0	0	0	0
2024-11-17 15:02:20	24.666966222000003	99.0079102	98.99994	1	0	0	0	0
2024-11-17 15:02:30	24.658902604	99.0406418	98.99994	1	0	0	0	0
2024-11-17 15:02:40	24.642448043999998	99.131722476	98.99994	1	0	0	0	0
2024-11-17 15:02:50	24.61089698	99.265072158	98.99994	1	0	0	0	0
2024-11-17 15:03:00	24.63768689807692	99.08508615384615	98.99994	1	0	0	0	0
2024-11-17 15:03:10	24.64873516792453	99.11744291320755	98.99994	1	0	0	0	0
2024-11-17 15:03:20	24.636883932	99.074243676	98.99994	1	0	0	0	0
2024-11-17 15:03:30	24.722518272	98.5196654	98.99994	1	0	0	0	0
2024-11-17 15:03:40	24.623824714	99.2235278	98.99994	1	0	0	0	0
2024-11-17 15:03:50	24.639037558	99.10910580000001	98.99994	1	0	0	0	0
2024-11-17 15:04:00	24.63456725576923	99.11565387884615	98.99994	1	0	0	0	0
2024-11-17 15:04:10	24.590059313207547	99.17495040377358	98.99994	1	0	0	0	0
2024-11-17 15:04:20	24.64486045	99.0195098	98.99994	1	0	0	0	0
2024-11-17 15:04:30	24.662492	98.83879123	98.99994	1	0	0	0	0
2024-11-17 15:04:40	24.62283248	99.083158936	98.99994	1	0	0	0	0
2024-11-17 15:04:50	24.554156	99.50294199999999	98.99994	1	0	0	0	0
2024-11-17 15:05:00	24.64502480769231	98.92117105384617	98.99994	1	0	0	0	0
2024-11-17 15:05:10	24.621237655555557	98.83723055555556	98.99994	1	0	0	0	0
2024-11-17 15:05:20	24.61858089	99.071337336	98.99994	1	0	0	0	0
2024-11-17 15:05:30	24.648171572	98.90732200000001	98.99994	1	0	0	0	0
2024-11-17 15:05:40	24.593690102	99.2378722	98.99994	1	0	0	0	0
2024-11-17 15:05:50	24.58339017	99.206307006	98.99994	1	0	0	0	0
2024-11-17 15:06:00	24.494263681132075	99.69911730377358	98.99994	1	0	0	0	0
2024-11-17 15:06:10	24.612705719607845	98.90770403333333	98.99994	1	0	0	0	0
2024-11-17 15:06:20	24.537616118000003	99.327058712	98.99994	1	0	0	0	0
2024-11-17 15:06:30	24.544062036	99.2607596	98.99994	1	0	0	0	0
2024-11-17 15:06:40	24.546809428	99.212561546	98.99994	1	0	0	0	0
2024-11-17 15:06:50	24.578355842	98.970235858	98.99994	1	0	0	0	0
2024-11-17 15:07:00	24.58244008076923	98.94056008461538	98.99994	1	0	0	0	0
2024-11-17 15:07:10	24.549121534615384	99.00395076923077	98.99994	1	0	0	0	0
2024-11-17 15:07:20	24.544452988	99.130417064	98.99994	1	0	0	0	0
2024-11-17 15:07:30	24.569939692	98.945937106	98.99994	1	0	0	0	0
2024-11-17 15:07:40	24.538129528	99.1290516	98.99994	1	0	0	0	0
2024-11-17 15:07:50	24.548198162000002	99.0496024	98.99994	1	0	0	0	0
2024-11-17 15:08:00	24.573621605660378	98.86902547169811	98.99994	1	0	0	0	0
2024-11-17 15:08:10	24.491002484313725	99.29182450980393	98.99994	1	0	0	0	0
2024-11-17 15:08:20	24.498523214	99.30800540000001	98.99994	1	0	0	0	0
2024-11-17 15:08:30	24.500967412	99.2569072	98.99994	1	0	0	0	0
2024-11-17 15:08:40	24.516734032000002	99.12814364600001	98.99994	1	0	0	0	0
2024-11-17 15:08:50	24.53655159	98.9978178	98.99994	1	0	0	0	0
2024-11-17 15:09:00	24.555848698076925	98.85429807692307	98.99994	1	0	0	0	0
2024-11-17 15:09:10	24.494618196226416	99.15060716981132	98.99994	1	0	0	0	0
2024-11-17 15:09:20	24.525837638	99.0137834	98.99994	1	0	0	0	0
2024-11-17 15:09:30	24.54412293	98.9071922	98.99994	1	0	0	0	0
2024-11-17 15:09:40	24.498023654	99.18921551	98.99994	1	0	0	0	0
2024-11-17 15:09:50	24.558317138	98.8060994	98.99994	1	0	0	0	0
2024-11-17 15:10:00	24.48975611346154	99.21496346153846	98.99994	1	0	0	0	0
2024-11-17 15:10:10	24.50449776346154	99.09988192307692	98.99994	1	0	0	0	0
2024-11-17 15:10:20	24.491270336	99.18745697	98.99994	1	0	0	0	0
2024-11-17 15:10:30	24.561831914	98.713249688	98.99994	1	0	0	0	0
2024-11-17 15:10:40	24.518270838	99.0032638	98.99994	1	0	0	0	0
2024-11-17 15:10:50	24.522218834	98.9838006	98.99994	1	0	0	0	0
2024-11-17 15:11:00	24.538883042857144	98.84975476190476	98.99994	1	0	0	0	0
2024-11-17 15:11:10	24.51004741219512	98.92228414634147	98.99994	1	0	0	0	0
2024-11-17 15:11:20	24.489002378000002	99.14842076599999	98.99994	1	0	0	0	0
2024-11-17 15:11:30	24.430712622	99.474345	98.99994	1	0	0	0	0
2024-11-17 15:11:40	24.532390923999998	98.7976402	98.99994	1	0	0	0	0
2024-11-17 15:11:50	24.52720822	98.8759048	98.99994	1	0	0	0	0
2024-11-17 15:12:00	24.56038441698113	98.67942886792453	98.99994	1	0	0	0	0
2024-11-17 15:12:10	24.45676160566038	99.32828924528302	98.99994	1	0	0	0	0
2024-11-17 15:12:20	24.496634794000002	99.01981640000001	98.99994	1	0	0	0	0
2024-11-17 15:12:30	24.5084381	98.9526749	98.99994	1	0	0	0	0
2024-11-17 15:12:40	24.5156956	98.9026642	98.99994	1	0	0	0	0
2024-11-17 15:12:50	24.514121056862745	98.90783333333333	98.99994	1	0	0	0	0
2024-11-17 15:13:00	24.457279204000002	99.222877488	98.99994	1	0	0	0	0
2024-11-17 15:13:10	24.45465895769231	99.20132538461539	98.99994	1	0	0	0	0
2024-11-17 15:13:20	24.445000296	99.26020423599999	98.99994	1	0	0	0	0
2024-11-17 15:13:30	24.422524636	99.377727368	98.99994	1	0	0	0	0
2024-11-17 15:13:40	24.434407976	99.2516432	98.99994	1	0	0	0	0
2024-11-17 15:13:50	24.414863604	99.3302524	98.99994	1	0	0	0	0
2024-11-17 15:14:00	24.448205912	99.074706996	98.99994	1	0	0	0	0
2024-11-17 15:14:10	24.41325647142857	98.98235285714286	98.99994	1	0	0	0	0
2024-11-17 15:14:20	24.418068976	99.156072	98.99994	1	0	0	0	0
2024-11-17 15:14:30	24.424965376	99.08803479999999	98.99994	1	0	0	0	0
2024-11-17 15:14:40	24.466846128	98.8055568	98.99994	1	0	0	0	0
2024-11-17 15:14:50	24.42952216	99.0656784	98.99994	1	0	0	0	0
2024-11-17 15:15:00	24.4379096	98.99136352000001	98.99994	1	0	0	0	0
2024-11-17 15:15:10	24.386978166666665	99.40464431666666	98.99994	1	0	0	0	0
2024-11-17 15:15:20	24.421919776	99.079011424	98.99994	1	0	0	0	0
2024-11-17 15:15:30	24.413577496000002	99.1081472	98.99994	1	0	0	0	0
2024-11-17 15:15:40	24.40999932	99.060462512	98.99994	1	0	0	0	0
2024-11-17 15:15:50	24.419948	98.98304999999999	98.99994	1	0	0	0	0
2024-11-17 15:16:00	24.453119316000002	98.7655304	98.99994	1	0	0	0	0
2024-11-17 15:16:10	24.356013202439026	99.21024658536585	98.99994	1	0	0	0	0
2024-11-17 15:16:20	24.378668416	99.186923968	98.99994	1	0	0	0	0
2024-11-17 15:16:30	24.362309696	99.25915684799999	98.99994	1	0	0	0	0
2024-11-17 15:16:40	24.388004528	99.02253	98.99994	1	0	0	0	0
2024-11-17 15:16:50	24.365220948	99.1018344	98.99994	1	0	0	0	0
2024-11-17 15:17:00	24.389775424	98.90355120000001	98.99994	1	0	0	0	0
2024-11-17 15:17:10	24.323422257142855	99.28279571428571	98.99994	1	0	0	0	0
2024-11-17 15:17:20	24.320216144	99.252834	98.99994	1	0	0	0	0
2024-11-17 15:17:30	24.304969064	99.30029760000001	98.99994	1	0	0	0	0
2024-11-17 15:17:40	24.362386284	98.939938344	98.99994	1	0	0	0	0
2024-11-17 15:17:50	24.348311132	99.02189338800001	98.99994	1	0	0	0	0
2024-11-17 15:18:00	24.357594644	98.94920287999999	98.99994	1	0	0	0	0
2024-11-17 15:18:10	24.356599595121953	98.96582869756098	98.99994	1	0	0	0	0
2024-11-17 15:18:20	24.305264624	99.256521056	98.99994	1	0	0	0	0
2024-11-17 15:18:30	24.331851456	99.06976359999999	98.99994	1	0	0	0	0
2024-11-17 15:18:40	24.353664928	98.911198	98.99994	1	0	0	0	0
2024-11-17 15:18:50	24.284203004000002	99.3270716	98.99994	1	0	0	0	0
2024-11-17 15:19:00	24.306152872	99.1835538	98.99994	1	0	0	0	0
2024-11-17 15:19:10	24.31628715609756	99.1826812195122	98.99994	1	0	0	0	0
2024-11-17 15:19:20	24.284918172	99.280053712	98.99994	1	0	0	0	0
2024-11-17 15:19:30	24.316394856	99.079886196	98.99994	1	0	0	0	0
2024-11-17 15:19:40	24.332088944	98.9839832	98.99994	1	0	0	0	0
2024-11-17 15:19:50	24.354581732	98.801124608	98.99994	1	0	0	0	0
2024-11-17 15:20:00	24.276220804	99.2818616	98.99994	1	0	0	0	0
2024-11-17 15:20:10	24.327075731707318	98.98113024390244	98.99994	1	0	0	0	0
2024-11-17 15:20:20	24.273387992	99.243406212	98.99994	1	0	0	0	0
2024-11-17 15:20:30	24.256679852	99.34213240000001	98.99994	1	0	0	0	0
2024-11-17 15:20:40	24.299233188	99.01872759999999	98.99994	1	0	0	0	0
2024-11-17 15:20:50	24.272471036000002	99.190802232	98.99994	1	0	0	0	0
2024-11-17 15:21:00	24.307570528	98.970186	98.99994	1	0	0	0	0
2024-11-17 15:21:10	24.300216419512193	98.98788824390245	98.99994	1	0	0	0	0
2024-11-17 15:21:20	24.272432196	99.1970976	98.99994	1	0	0	0	0
2024-11-17 15:21:30	24.277188556	99.12742743999999	98.99994	1	0	0	0	0
2024-11-17 15:21:40	24.285495712	99.0394448	98.99994	1	0	0	0	0
2024-11-17 15:21:50	24.2919116	98.9787648	98.99994	1	0	0	0	0
2024-11-17 15:22:00	24.298592192	98.9494204	98.99994	1	0	0	0	0
2024-11-17 15:22:10	24.244463536585364	99.29762195121951	98.99994	1	0	0	0	0
2024-11-17 15:22:20	24.278621364	99.04377033600001	98.99994	1	0	0	0	0
2024-11-17 15:22:30	24.23757256	99.2981144	98.99994	1	0	0	0	0
2024-11-17 15:22:40	24.279228412	99.0187456	98.99994	1	0	0	0	0
2024-11-17 15:22:50	24.244085728	99.242642	98.99994	1	0	0	0	0
2024-11-17 15:23:00	24.208974484000002	99.410410632	98.99994	1	0	0	0	0
2024-11-17 15:23:10	24.248032315384616	99.07807391923076	98.99994	1	0	0	0	0
2024-11-17 15:23:20	24.248032315384616	99.07807391923076	98.99994	1	0	0	0	0
2024-11-17 15:23:30	24.232522352	99.16374239999999	98.99994	1	0	0	0	0
2024-11-17 15:23:40	24.232522352	99.16374239999999	98.99994	1	0	0	0	0
2024-11-17 15:23:50	24.271368392000003	98.905424	98.99994	1	0	0	0	0
2024-11-17 15:24:00	24.253797744	99.0053876	98.99994	1	0	0	0	0
2024-11-17 15:24:10	24.265068634146342	98.85054658536585	98.99994	1	0	0	0	0
2024-11-17 15:24:20	24.265068634146342	98.85054658536585	98.99994	1	0	0	0	0
2024-11-17 15:24:30	24.232495875999998	99.15208456399999	98.99994	1	0	0	0	0
2024-11-17 15:24:40	24.201200312	99.310741408	98.99994	1	0	0	0	0
2024-11-17 15:24:50	24.20193824	99.3033824	98.99994	1	0	0	0	0
2024-11-17 15:25:00	24.216385631999998	99.1454936	98.99994	1	0	0	0	0
2024-11-17 15:25:10	24.206395317073174	99.16931341463415	98.99994	1	0	0	0	0
2024-11-17 15:25:20	24.20245938	99.176984152	98.99994	1	0	0	0	0
2024-11-17 15:25:30	24.158614472	99.384761248	98.99994	1	0	0	0	0
2024-11-17 15:25:40	24.112886464	99.6100022	98.99994	1	0	0	0	0
2024-11-17 15:25:50	24.159675784	99.23915720000001	98.99994	1	0	0	0	0
2024-11-17 15:26:00	24.233920559999998	98.7692476	98.99994	1	0	0	0	0
2024-11-17 15:26:10	24.15512215	99.16616	98.99994	1	0	0	0	0
2024-11-17 15:26:20	24.16981358	99.1516376	98.99994	1	0	0	0	0
2024-11-17 15:26:30	24.169253263999998	99.101107392	98.99994	1	0	0	0	0
2024-11-17 15:26:40	24.115545504	99.40766119999999	98.99994	1	0	0	0	0
2024-11-17 15:26:50	24.163160276	99.0615612	98.99994	1	0	0	0	0
2024-11-17 15:27:00	24.1459276	99.128236688	98.99994	1	0	0	0	0
2024-11-17 15:27:10	24.16117440731707	98.98214585365854	98.99994	1	0	0	0	0
2024-11-17 15:27:20	24.116555732000002	99.25790119999999	98.99994	1	0	0	0	0
2024-11-17 15:27:30	24.103640892	99.2879564	98.99994	1	0	0	0	0
2024-11-17 15:27:40	24.0846218	99.3627612	98.99994	1	0	0	0	0
2024-11-17 15:27:50	24.121848864	99.11100760000001	98.99994	1	0	0	0	0
2024-11-17 15:28:00	24.107602483999997	99.1583952	98.99994	1	0	0	0	0
2024-11-17 15:28:10	24.109230731707317	99.15158292682928	98.99994	1	0	0	0	0
2024-11-17 15:28:20	24.108699776	99.11633553600001	98.99994	1	0	0	0	0
2024-11-17 15:28:30	24.039446544	99.516185352	98.99994	1	0	0	0	0
2024-11-17 15:28:40	24.058788747999998	99.359238848	98.99994	1	0	0	0	0
2024-11-17 15:28:50	24.04905864	99.382187856	98.99994	1	0	0	0	0
2024-11-17 15:29:00	24.100030096	99.02012520000001	98.99994	1	0	0	0	0
2024-11-17 15:29:10	24.0738518902439	99.03877609756097	98.99994	1	0	0	0	0
2024-11-17 15:29:20	24.061844836	99.23921537599999	98.99994	1	0	0	0	0
2024-11-17 15:29:30	24.068893308	99.19456360000001	98.99994	1	0	0	0	0
2024-11-17 15:29:40	24.06592324	99.191886	98.99994	1	0	0	0	0
2024-11-17 15:29:50	24.11513438	98.84235042	98.99994	1	0	0	0	0
2024-11-17 15:30:00	24.114784179999997	98.81454719999999	98.99994	1	0	0	0	0
2024-11-17 15:30:10	24.026252963414635	99.27196804634146	98.99994	1	0	0	0	0
2024-11-17 15:30:20	24.101584384000002	98.8802616	98.99994	1	0	0	0	0
2024-11-17 15:30:30	24.054230164	99.1688968	98.99994	1	0	0	0	0
2024-11-17 15:30:40	24.007565644000003	99.4183556	98.99994	1	0	0	0	0
2024-11-17 15:30:50	23.997182180000003	99.46039068799999	98.99994	1	0	0	0	0
2024-11-17 15:31:00	24.002123140000002	99.3542008	98.99994	1	0	0	0	0
2024-11-17 15:31:10	24.0389635	99.22921423076923	98.99994	1	0	0	0	0
2024-11-17 15:31:20	23.992266756	99.38162738	98.99994	1	0	0	0	0
2024-11-17 15:31:30	24.093105576000003	98.699328584	98.99994	1	0	0	0	0
2024-11-17 15:31:40	24.074499204000002	98.8311952	98.99994	1	0	0	0	0
2024-11-17 15:31:50	24.023361163999997	99.1567556	98.99994	1	0	0	0	0
2024-11-17 15:32:00	24.018391920000003	99.154848	98.99994	1	0	0	0	0
2024-11-17 15:32:10	24.01210153846154	99.07163613846153	98.99994	1	0	0	0	0
2024-11-17 15:32:20	23.984916744	99.3554484	98.99994	1	0	0	0	0
2024-11-17 15:32:30	23.974593144	99.423462	98.99994	1	0	0	0	0
2024-11-17 15:32:40	24.08841268	98.671743952	98.99994	1	0	0	0	0
2024-11-17 15:32:50	24.068082732	98.779381364	98.99994	1	0	0	0	0
2024-11-17 15:33:00	24.064916636	98.8107748	98.99994	1	0	0	0	0
2024-11-17 15:33:10	24.02148481509434	99.06524413584906	98.99994	1	0	0	0	0
2024-11-17 15:33:20	24.067213428	98.80784	98.99994	1	0	0	0	0
2024-11-17 15:33:30	24.053550904	98.9173608	98.99994	1	0	0	0	0
2024-11-17 15:33:40	24.020758652	99.048978924	98.99994	1	0	0	0	0
2024-11-17 15:33:50	24.018059968	99.05753456	98.99994	1	0	0	0	0
2024-11-17 15:34:00	24.020215599999997	99.04496879999999	98.99994	1	0	0	0	0
2024-11-17 15:34:10	23.959127834615387	99.00854	98.99994	1	0	0	0	0
2024-11-17 15:34:20	24.000523188	99.121562928	98.99994	1	0	0	0	0
2024-11-17 15:34:30	23.965249088	99.3238228	98.99994	1	0	0	0	0
2024-11-17 15:34:40	24.03690692	98.8429748	98.99994	1	0	0	0	0
2024-11-17 15:34:50	24.005530736	99.031912	98.99994	1	0	0	0	0
2024-11-17 15:35:00	23.980736051999997	99.1688584	98.99994	1	0	0	0	0
2024-11-17 15:35:10	23.98388965185185	99.25696333333333	98.99994	1	0	0	0	0
2024-11-17 15:35:20	23.9480947	99.2970304	98.99994	1	0	0	0	0
2024-11-17 15:35:30	23.913130680000002	99.47176421600001	98.99994	1	0	0	0	0
2024-11-17 15:35:40	23.962968832	99.121765028	98.99994	1	0	0	0	0
2024-11-17 15:35:50	23.977163892	99.004454992	98.99994	1	0	0	0	0
2024-11-17 15:36:00	24.01798908	98.757947816	98.99994	1	0	0	0	0
2024-11-17 15:36:10	23.960647334615384	99.1037245576923	98.99994	1	0	0	0	0
2024-11-17 15:36:20	23.916384784	99.36779848	98.99994	1	0	0	0	0
2024-11-17 15:36:30	23.936594932	99.204218572	98.99994	1	0	0	0	0
2024-11-17 15:36:40	23.96970572	99.001044	98.99994	1	0	0	0	0
2024-11-17 15:36:50	24.035837332	98.5913592	98.99994	1	0	0	0	0
2024-11-17 15:37:00	23.879039956	99.57002831999999	98.99994	1	0	0	0	0
2024-11-17 15:37:10	23.982706888888888	98.81616481481481	98.99994	1	0	0	0	0
2024-11-17 15:37:20	23.922830272	99.243342	98.99994	1	0	0	0	0
2024-11-17 15:37:30	23.996107824	98.79385216	98.99994	1	0	0	0	0
2024-11-17 15:37:40	23.9711012	98.9427776	98.99994	1	0	0	0	0
2024-11-17 15:37:50	24.011857052	98.6817216	98.99994	1	0	0	0	0
2024-11-17 15:38:00	23.971753912	98.961335392	98.99994	1	0	0	0	0
2024-11-17 15:38:10	23.933817714285713	99.38195355714285	98.99994	1	0	0	0	0
2024-11-17 15:38:20	23.966344572	98.9714636	98.99994	1	0	0	0	0
2024-11-17 15:38:30	23.973122308	98.9290552	98.99994	1	0	0	0	0
2024-11-17 15:38:40	23.911077	99.28913544000001	98.99994	1	0	0	0	0
2024-11-17 15:38:50	23.926803984	99.16828319999999	98.99994	1	0	0	0	0
2024-11-17 15:39:00	23.968072464	98.923511312	98.99994	1	0	0	0	0
2024-11-17 15:39:10	23.967898450943395	99.05969150943397	98.99994	1	0	0	0	0
2024-11-17 15:39:20	23.975117991999998	98.809447792	98.99994	1	0	0	0	0
2024-11-17 15:39:30	23.91589496	99.168230528	98.99994	1	0	0	0	0
2024-11-17 15:39:40	23.874567151999997	99.3573892	98.99994	1	0	0	0	0
2024-11-17 15:39:50	23.9901536	98.64196095199999	98.99994	1	0	0	0	0
2024-11-17 15:40:00	23.97774124	98.7343784	98.99994	1	0	0	0	0
2024-11-17 15:40:10	23.97212333076923	98.88042593461539	98.99994	1	0	0	0	0
2024-11-17 15:40:20	23.91740428	99.1031044	98.99994	1	0	0	0	0
2024-11-17 15:40:30	23.896880143999997	99.2001076	98.99994	1	0	0	0	0
2024-11-17 15:40:40	23.888632544	99.213625208	98.99994	1	0	0	0	0
2024-11-17 15:40:50	23.881474108	99.231506368	98.99994	1	0	0	0	0
2024-11-17 15:41:00	23.884099836	99.1638516	98.99994	1	0	0	0	0
2024-11-17 15:41:10	23.91406525609756	99.07662257317074	98.99994	1	0	0	0	0
2024-11-17 15:41:20	23.93841906	98.79559359999999	98.99994	1	0	0	0	0
2024-11-17 15:41:30	23.916037376000002	98.9435076	98.99994	1	0	0	0	0
2024-11-17 15:41:40	23.877357103999998	99.1506596	98.99994	1	0	0	0	0
2024-11-17 15:41:50	23.89275684	99.04627160000001	98.99994	1	0	0	0	0
2024-11-17 15:42:00	23.848821292	99.3015704	98.99994	1	0	0	0	0
2024-11-17 15:42:10	23.886544285714287	99.05258142857143	98.99994	1	0	0	0	0
2024-11-17 15:42:20	23.926916864	98.769809536	98.99994	1	0	0	0	0
2024-11-17 15:42:30	23.831629103999997	99.38011062	98.99994	1	0	0	0	0
2024-11-17 15:42:40	23.938424352	98.6694608	98.99994	1	0	0	0	0
2024-11-17 15:42:50	23.887746096	99.0313876	98.99994	1	0	0	0	0
2024-11-17 15:43:00	23.796239680000003	99.581733376	98.99994	1	0	0	0	0
2024-11-17 15:43:10	23.890504857142858	98.94236212857143	98.99994	1	0	0	0	0
2024-11-17 15:43:20	23.892095816	98.944580184	98.99994	1	0	0	0	0
2024-11-17 15:43:30	23.933202956000002	98.699344636	98.99994	1	0	0	0	0
2024-11-17 15:43:40	23.885982176	98.99984336	98.99994	1	0	0	0	0
2024-11-17 15:43:50	23.905429264000002	98.8878584	98.99994	1	0	0	0	0
2024-11-17 15:44:00	23.875721556000002	99.098480384	98.99994	1	0	0	0	0
2024-11-17 15:44:10	23.89440113018868	99.17231629811322	98.99994	1	0	0	0	0
2024-11-17 15:44:20	23.901950192	98.9056136	98.99994	1	0	0	0	0
2024-11-17 15:44:30	23.807879772	99.4824392	98.99994	1	0	0	0	0
2024-11-17 15:44:40	23.878220839999997	99.021861832	98.99994	1	0	0	0	0
2024-11-17 15:44:50	23.873935808	99.024850564	98.99994	1	0	0	0	0
2024-11-17 15:45:00	23.885961784	98.90633319999999	98.99994	1	0	0	0	0
2024-11-17 15:45:10	23.85586877735849	98.91403021320755	98.99994	1	0	0	0	0
2024-11-17 15:45:20	23.90109764	98.7554184	98.99994	1	0	0	0	0
2024-11-17 15:45:30	23.87416486	98.901974	98.99994	1	0	0	0	0
2024-11-17 15:45:40	23.90254696	98.72836600000001	98.99994	1	0	0	0	0
2024-11-17 15:45:50	23.856394736	99.060150776	98.99994	1	0	0	0	0
2024-11-17 15:46:00	23.853528020000002	99.0609908	98.99994	1	0	0	0	0
2024-11-17 15:46:10	23.837006207317074	98.99389390243903	98.99994	1	0	0	0	0
2024-11-17 15:46:20	23.887573428	98.8283084	98.99994	1	0	0	0	0
2024-11-17 15:46:30	23.913605856	98.66272719999999	98.99994	1	0	0	0	0
2024-11-17 15:46:40	23.910105696	98.74990480000001	98.99994	1	0	0	0	0
2024-11-17 15:46:50	23.835463592	99.2298564	98.99994	1	0	0	0	0
2024-11-17 15:47:00	23.828189952	99.22968818800001	98.99994	1	0	0	0	0
2024-11-17 15:47:10	23.885949575609757	98.92811853658537	98.99994	1	0	0	0	0
2024-11-17 15:47:20	23.802975052	99.338109176	98.99994	1	0	0	0	0
2024-11-17 15:47:30	23.855684868	98.9682664	98.99994	1	0	0	0	0
2024-11-17 15:47:40	23.925287492000002	98.54828359999999	98.99994	1	0	0	0	0
2024-11-17 15:47:50	23.930248736	98.540746236	98.99994	1	0	0	0	0
2024-11-17 15:48:00	23.794362568	99.434808	98.99994	1	0	0	0	0
2024-11-17 15:48:10	23.82990332857143	99.20879857142857	98.99994	1	0	0	0	0
2024-11-17 15:48:20	23.839810751999998	99.055693824	98.99994	1	0	0	0	0
2024-11-17 15:48:30	23.833460944000002	99.1045692	98.99994	1	0	0	0	0
2024-11-17 15:48:40	23.818727076000002	99.1726276	98.99994	1	0	0	0	0
2024-11-17 15:48:50	23.850871376	98.949452	98.99994	1	0	0	0	0
2024-11-17 15:49:00	23.878243776	98.78317104	98.99994	1	0	0	0	0
2024-11-17 15:49:10	23.819660485714287	98.9609832	98.99994	1	0	0	0	0
2024-11-17 15:49:20	23.820954099999998	99.13390858	98.99994	1	0	0	0	0
2024-11-17 15:49:30	23.832087776	99.03983960000001	98.99994	1	0	0	0	0
2024-11-17 15:49:40	23.887367083999997	98.717521448	98.99994	1	0	0	0	0
2024-11-17 15:49:50	23.889216728	98.7422216	98.99994	1	0	0	0	0
2024-11-17 15:50:00	23.836899436	99.08155912	98.99994	1	0	0	0	0
2024-11-17 15:50:10	23.888491428571427	98.95403428571429	98.99994	1	0	0	0	0
2024-11-17 15:50:20	23.875642424	98.904548996	98.99994	1	0	0	0	0
2024-11-17 15:50:30	23.912808048	98.680614232	98.99994	1	0	0	0	0
2024-11-17 15:50:40	23.831831212	99.18589	98.99994	1	0	0	0	0
2024-11-17 15:50:50	23.88392966	98.87293360000001	98.99994	1	0	0	0	0
2024-11-17 15:51:00	23.892190264	98.836029584	98.99994	1	0	0	0	0
2024-11-17 15:51:10	23.923480036585364	98.88542804878048	98.99994	1	0	0	0	0
2024-11-17 15:51:20	23.8971494	98.836552244	98.99994	1	0	0	0	0
2024-11-17 15:51:30	23.808757	99.36506676799999	98.99994	1	0	0	0	0
2024-11-17 15:51:40	23.833418656000003	99.169110688	98.99994	1	0	0	0	0
2024-11-17 15:51:50	23.852774864	99.04253200000001	98.99994	1	0	0	0	0
2024-11-17 15:52:00	23.810041543999997	99.3149884	98.99994	1	0	0	0	0
2024-11-17 15:52:10	23.804480995121953	99.34027414634147	98.99994	1	0	0	0	0
2024-11-17 15:52:20	23.859956332	98.94043588800001	98.99994	1	0	0	0	0
2024-11-17 15:52:30	23.84898944	99.0445948	98.99994	1	0	0	0	0
2024-11-17 15:52:40	23.836972016	99.110419004	98.99994	1	0	0	0	0
2024-11-17 15:52:50	23.819977767999998	99.1578052	98.99994	1	0	0	0	0
2024-11-17 15:53:00	23.802779740000002	99.2524208	98.99994	1	0	0	0	0
2024-11-17 15:53:10	23.85884917142857	98.80938	98.99994	1	0	0	0	0
2024-11-17 15:53:20	23.847914744	98.9748864	98.99994	1	0	0	0	0
2024-11-17 15:53:30	23.890671372	98.72280498399999	98.99994	1	0	0	0	0
2024-11-17 15:53:40	23.87214578	98.8830104	98.99994	1	0	0	0	0
2024-11-17 15:53:50	23.85471454	99.02777040000001	98.99994	1	0	0	0	0
2024-11-17 15:54:00	23.849794192	99.05418039999999	98.99994	1	0	0	0	0
2024-11-17 15:54:10	23.873340600000002	99.00103645714286	98.99994	1	0	0	0	0
2024-11-17 15:54:20	23.78607658	99.435208896	98.99994	1	0	0	0	0
2024-11-17 15:54:30	23.886014644	98.779918	98.99994	1	0	0	0	0
2024-11-17 15:54:40	23.863542872	98.97051300800001	98.99994	1	0	0	0	0
2024-11-17 15:54:50	23.863360944	98.959668904	98.99994	1	0	0	0	0
2024-11-17 15:55:00	23.8565146	99.003848288	98.99994	1	0	0	0	0
2024-11-17 15:55:10	23.898875185365856	98.99596097560976	98.99994	1	0	0	0	0
2024-11-17 15:55:20	23.85956424	98.978861088	98.99994	1	0	0	0	0
2024-11-17 15:55:30	23.874030036	98.90160888	98.99994	1	0	0	0	0
2024-11-17 15:55:40	23.834688128	99.1731912	98.99994	1	0	0	0	0
2024-11-17 15:55:50	23.845736035999998	99.077861372	98.99994	1	0	0	0	0
2024-11-17 15:56:00	23.830491144	99.1638236	98.99994	1	0	0	0	0
2024-11-17 15:56:10	23.91443782857143	98.8733193	98.99994	1	0	0	0	0
2024-11-17 15:56:20	23.798998336	99.411384192	98.99994	1	0	0	0	0
2024-11-17 15:56:30	23.850577292	99.066705356	98.99994	1	0	0	0	0
2024-11-17 15:56:40	23.87216304	98.887902	98.99994	1	0	0	0	0
2024-11-17 15:56:50	23.816031812000002	99.24354720000001	98.99994	1	0	0	0	0
2024-11-17 15:57:00	23.873458204000002	98.8733028	98.99994	1	0	0	0	0
2024-11-17 15:57:10	23.845385046341462	99.20184167073171	98.99994	1	0	0	0	0
2024-11-17 15:57:20	23.844678436000002	99.072911636	98.99994	1	0	0	0	0
2024-11-17 15:57:30	23.84203716	99.0375028	98.99994	1	0	0	0	0
2024-11-17 15:57:40	23.801685816000003	99.2971456	98.99994	1	0	0	0	0
2024-11-17 15:57:50	23.886386896	98.721490952	98.99994	1	0	0	0	0
2024-11-17 15:58:00	23.848218048	98.957728592	98.99994	1	0	0	0	0
2024-11-17 15:58:10	23.912908704651162	98.86737697674418	98.99994	1	0	0	0	0
2024-11-17 15:58:20	23.820487316	99.1308048	98.99994	1	0	0	0	0
2024-11-17 15:58:30	23.804514752	99.217998576	98.99994	1	0	0	0	0
2024-11-17 15:58:40	23.869253519999997	98.817622204	98.99994	1	0	0	0	0
2024-11-17 15:58:50	23.866019424	98.86963119999999	98.99994	1	0	0	0	0
2024-11-17 15:59:00	23.822207380000002	99.15693862399999	98.99994	1	0	0	0	0
2024-11-17 15:59:10	23.863911302439025	99.06252707317074	98.99994	1	0	0	0	0
2024-11-17 15:59:20	23.820518756000002	99.11541369599999	98.99994	1	0	0	0	0
2024-11-17 15:59:30	23.82800168	99.0589736	98.99994	1	0	0	0	0
2024-11-17 15:59:40	23.793625000000002	99.2637788	98.99994	1	0	0	0	0
2024-11-17 15:59:50	23.837315468	98.96899400000001	98.99994	1	0	0	0	0
2024-11-17 16:00:00	23.823707872	99.0642916	98.99994	1	0	0	0	0
2024-11-17 16:00:10	23.8397288	98.93580428571428	98.99994	1	0	0	0	0
2024-11-17 16:00:20	23.827089764	99.0670104	98.99994	1	0	0	0	0
2024-11-17 16:00:30	23.862084311999997	98.8240436	98.99994	1	0	0	0	0
2024-11-17 16:00:40	23.842919484	98.91807162	98.99994	1	0	0	0	0
2024-11-17 16:00:50	23.851959108	98.834898384	98.99994	1	0	0	0	0
2024-11-17 16:01:00	23.800744664	99.16821519999999	98.99994	1	0	0	0	0
2024-11-17 16:01:10	23.773554885714287	99.10371395714286	98.99994	1	0	0	0	0
2024-11-17 16:01:20	23.80141358	99.1579972	98.99994	1	0	0	0	0
2024-11-17 16:01:30	23.775177904	99.3103004	98.99994	1	0	0	0	0
2024-11-17 16:01:40	23.862583324000003	98.7637376	98.99994	1	0	0	0	0
2024-11-17 16:01:50	23.814968624000002	99.0976472	98.99994	1	0	0	0	0
2024-11-17 16:02:00	23.799598568	99.177244	98.99994	1	0	0	0	0
2024-11-17 16:02:10	23.80353456097561	99.04402292682927	98.99994	1	0	0	0	0
2024-11-17 16:02:20	23.817227892000002	99.03146120000001	98.99994	1	0	0	0	0
2024-11-17 16:02:30	23.832415384	98.91139199999999	98.99994	1	0	0	0	0
2024-11-17 16:02:40	23.75302724	99.4000776	98.99994	1	0	0	0	0
2024-11-17 16:02:50	23.809262256	98.99094360000001	98.99994	1	0	0	0	0
2024-11-17 16:03:00	23.832537151999997	98.8649912	98.99994	1	0	0	0	0
2024-11-17 16:03:10	23.80042788301887	99.04104679245282	98.99994	1	0	0	0	0
2024-11-17 16:03:20	23.817909452	98.9547164	98.99994	1	0	0	0	0
2024-11-17 16:03:30	23.768202684000002	99.24637	98.99994	1	0	0	0	0
2024-11-17 16:03:40	23.799564996	99.048936	98.99994	1	0	0	0	0
2024-11-17 16:03:50	23.80840186	98.99413596800001	98.99994	1	0	0	0	0
2024-11-17 16:04:00	23.833000164	98.86704726399999	98.99994	1	0	0	0	0
2024-11-17 16:04:10	23.79592115	99.03342846153846	98.99994	1	0	0	0	0
2024-11-17 16:04:20	23.81735518	98.9912252	98.99994	1	0	0	0	0
2024-11-17 16:04:30	23.822605904	98.961691004	98.99994	1	0	0	0	0
2024-11-17 16:04:40	23.787458232000002	99.19386937600001	98.99994	1	0	0	0	0
2024-11-17 16:04:50	23.788474144000002	99.15794423999999	98.99994	1	0	0	0	0
2024-11-17 16:05:00	23.75666418	99.3289788	98.99994	1	0	0	0	0
2024-11-17 16:05:10	23.7778132	99.07530857142858	98.99994	1	0	0	0	0
2024-11-17 16:05:20	23.800716752	99.020926208	98.99994	1	0	0	0	0
2024-11-17 16:05:30	23.822919715999998	98.866057752	98.99994	1	0	0	0	0
2024-11-17 16:05:40	23.806151156000002	98.9734328	98.99994	1	0	0	0	0
2024-11-17 16:05:50	23.805492528	98.98450679999999	98.99994	1	0	0	0	0
2024-11-17 16:06:00	23.830332251999998	98.86382760000001	98.99994	1	0	0	0	0
2024-11-17 16:06:10	23.86730386037736	98.52116245283018	98.99994	1	0	0	0	0
2024-11-17 16:06:20	23.781070372	99.1438304	98.99994	1	0	0	0	0
2024-11-17 16:06:30	23.716638468	99.52025160000001	98.99994	1	0	0	0	0
2024-11-17 16:06:40	23.814983348000002	98.90270032	98.99994	1	0	0	0	0
2024-11-17 16:06:50	23.763257804	99.21850239999999	98.99994	1	0	0	0	0
2024-11-17 16:07:00	23.794316788	99.02050006399999	98.99994	1	0	0	0	0
2024-11-17 16:07:10	23.778924942857145	98.90727428571428	98.99994	1	0	0	0	0
2024-11-17 16:07:20	23.7858235	99.0749364	98.99994	1	0	0	0	0
2024-11-17 16:07:30	23.787381628000002	99.065874208	98.99994	1	0	0	0	0
2024-11-17 16:07:40	23.826087475999998	98.88545239999999	98.99994	1	0	0	0	0
2024-11-17 16:07:50	23.786937692000002	99.131441408	98.99994	1	0	0	0	0
2024-11-17 16:08:00	23.777370756	99.1696152	98.99994	1	0	0	0	0
2024-11-17 16:08:10	23.784511485714287	99.1132484	98.99994	1	0	0	0	0
2024-11-17 16:08:20	23.784829384000002	99.06854	98.99994	1	0	0	0	0
2024-11-17 16:08:30	23.797115748	98.9944912	98.99994	1	0	0	0	0
2024-11-17 16:08:40	23.8056428	98.91413759999999	98.99994	1	0	0	0	0
2024-11-17 16:08:50	23.79510206	98.9767732	98.99994	1	0	0	0	0
2024-11-17 16:09:00	23.741664888	99.30367784	98.99994	1	0	0	0	0
2024-11-17 16:09:10	23.80928257142857	99.35938285714285	98.99994	1	0	0	0	0
2024-11-17 16:09:20	23.729908964	99.355839104	98.99994	1	0	0	0	0
2024-11-17 16:09:30	23.780944856	99.026478564	98.99994	1	0	0	0	0
2024-11-17 16:09:40	23.771993652000003	99.09675800000001	98.99994	1	0	0	0	0
2024-11-17 16:09:50	23.78300942	99.044786	98.99994	1	0	0	0	0
2024-11-17 16:10:00	23.839733592	98.67451240000001	98.99994	1	0	0	0	0
2024-11-17 16:10:10	23.76656056097561	99.28874195121952	98.99994	1	0	0	0	0
2024-11-17 16:10:20	23.813277728	98.86905659600001	98.99994	1	0	0	0	0
2024-11-17 16:10:30	23.785826336	99.0607016	98.99994	1	0	0	0	0
2024-11-17 16:10:40	23.766421131999998	99.2156156	98.99994	1	0	0	0	0
2024-11-17 16:10:50	23.781479739999998	99.086563	98.99994	1	0	0	0	0
2024-11-17 16:11:00	23.800453696	98.9432288	98.99994	1	0	0	0	0
2024-11-17 16:11:10	23.774685942857143	98.89665784285715	98.99994	1	0	0	0	0
2024-11-17 16:11:20	23.773630176	99.0833392	98.99994	1	0	0	0	0
2024-11-17 16:11:30	23.767678764	99.1432992	98.99994	1	0	0	0	0
2024-11-17 16:11:40	23.780000632	99.04305055600001	98.99994	1	0	0	0	0
2024-11-17 16:11:50	23.8357147	98.7073372	98.99994	1	0	0	0	0
2024-11-17 16:12:00	23.814513072	98.8749296	98.99994	1	0	0	0	0
2024-11-17 16:12:10	23.75053691707317	99.1913631707317	98.99994	1	0	0	0	0
2024-11-17 16:12:20	23.745960544	99.26654929600001	98.99994	1	0	0	0	0
2024-11-17 16:12:30	23.853501012	98.57318024	98.99994	1	0	0	0	0
2024-11-17 16:12:40	23.722565176	99.426473712	98.99994	1	0	0	0	0
2024-11-17 16:12:50	23.85602552	98.5851516	98.99994	1	0	0	0	0
2024-11-17 16:13:00	23.736318100000002	99.3309984	98.99994	1	0	0	0	0
2024-11-17 16:13:10	23.74730662264151	99.25263905660377	98.99994	1	0	0	0	0
2024-11-17 16:13:20	23.751127072	99.165279804	98.99994	1	0	0	0	0
2024-11-17 16:13:30	23.838720792	98.6138136	98.99994	1	0	0	0	0
2024-11-17 16:13:40	23.752295972000002	99.130025916	98.99994	1	0	0	0	0
2024-11-17 16:13:50	23.820316688000002	98.720925804	98.99994	1	0	0	0	0
2024-11-17 16:14:00	23.775548204	99.0060156	98.99994	1	0	0	0	0
2024-11-17 16:14:10	23.802736494117646	98.7597586372549	98.99994	1	0	0	0	0
2024-11-17 16:14:20	23.762258616	99.144138768	98.99994	1	0	0	0	0
2024-11-17 16:14:30	23.755140804	99.1499932	98.99994	1	0	0	0	0
2024-11-17 16:14:40	23.822984772	98.701367392	98.99994	1	0	0	0	0
2024-11-17 16:14:50	23.784953368	98.93472200000001	98.99994	1	0	0	0	0
2024-11-17 16:15:00	23.801975328	98.8200224	98.99994	1	0	0	0	0
2024-11-17 16:15:10	23.772566870731705	98.95116414634147	98.99994	1	0	0	0	0
2024-11-17 16:15:20	23.746510664	99.2001436	98.99994	1	0	0	0	0
2024-11-17 16:15:30	23.829291536	98.674102	98.99994	1	0	0	0	0
2024-11-17 16:15:40	23.793385104000002	98.881470948	98.99994	1	0	0	0	0
2024-11-17 16:15:50	23.796011448	98.91063879999999	98.99994	1	0	0	0	0
2024-11-17 16:16:00	23.813642148000003	98.83117680000001	98.99994	1	0	0	0	0
2024-11-17 16:16:10	23.74664588235294	98.98488945882353	98.99994	1	0	0	0	0
2024-11-17 16:16:20	23.785697292	99.004528992	98.99994	1	0	0	0	0
2024-11-17 16:16:30	23.843492412	98.6726072	98.99994	1	0	0	0	0
2024-11-17 16:16:40	23.79755288	98.97792079999999	98.99994	1	0	0	0	0
2024-11-17 16:16:50	23.818888	98.8459248	98.99994	1	0	0	0	0
2024-11-17 16:17:00	23.735435203999998	99.42201879999999	98.99994	1	0	0	0	0
2024-11-17 16:17:10	23.802287173170733	98.89093756097562	98.99994	1	0	0	0	0
2024-11-17 16:17:20	23.779335239999998	99.14881401599999	98.99994	1	0	0	0	0
2024-11-17 16:17:30	23.808638844	98.935853896	98.99994	1	0	0	0	0
2024-11-17 16:17:40	23.79821656	98.97779936399999	98.99994	1	0	0	0	0
2024-11-17 16:17:50	23.81362526	98.89314622399999	98.99994	1	0	0	0	0
2024-11-17 16:18:00	23.817418208	98.8978456	98.99994	1	0	0	0	0
2024-11-17 16:18:10	23.801301157142856	99.00298142857143	98.99994	1	0	0	0	0
2024-11-17 16:18:20	23.767681312	99.1755224	98.99994	1	0	0	0	0
2024-11-17 16:18:30	23.80141184	98.9452756	98.99994	1	0	0	0	0
2024-11-17 16:18:40	23.76510304	99.1459312	98.99994	1	0	0	0	0
2024-11-17 16:18:50	23.749399752	99.2418704	98.99994	1	0	0	0	0
2024-11-17 16:19:00	23.759220636000002	99.166518	98.99994	1	0	0	0	0
2024-11-17 16:19:10	23.731692314285713	99.16848714285715	98.99994	1	0	0	0	0
2024-11-17 16:19:20	23.846911732	98.57163886400001	98.99994	1	0	0	0	0
2024-11-17 16:19:30	23.817734628	98.77949720000001	98.99994	1	0	0	0	0
2024-11-17 16:19:40	23.820565924	98.794337792	98.99994	1	0	0	0	0
2024-11-17 16:19:50	23.812748212	98.8277308	98.99994	1	0	0	0	0
2024-11-17 16:20:00	23.751916544	99.21781080000001	98.99994	1	0	0	0	0
2024-11-17 16:20:10	23.816015868292684	98.84104708780488	98.99994	1	0	0	0	0
2024-11-17 16:20:20	23.802666804	98.8754788	98.99994	1	0	0	0	0
2024-11-17 16:20:30	23.751443084	99.2220248	98.99994	1	0	0	0	0
2024-11-17 16:20:40	23.803929544	98.8636584	98.99994	1	0	0	0	0
2024-11-17 16:20:50	23.788505744000002	98.95687799999999	98.99994	1	0	0	0	0
2024-11-17 16:21:00	23.745491328	99.1989116	98.99994	1	0	0	0	0
2024-11-17 16:21:10	23.80335298536585	98.8989828	98.99994	1	0	0	0	0
2024-11-17 16:21:20	23.791597336000002	98.8823012	98.99994	1	0	0	0	0
2024-11-17 16:21:30	23.827201116	98.6688436	98.99994	1	0	0	0	0
2024-11-17 16:21:40	23.748087284	99.1937856	98.99994	1	0	0	0	0
2024-11-17 16:21:50	23.718695656	99.37670822	98.99994	1	0	0	0	0
2024-11-17 16:22:00	23.768285504	98.7892256	98.99994	1	0	0	0	0
2024-11-17 16:22:10	23.728354628571427	99.17990637142857	98.99994	1	0	0	0	0
2024-11-17 16:22:20	23.740029024000002	99.1439836	98.99994	1	0	0	0	0
2024-11-17 16:22:30	23.6842838	99.47947040000001	98.99994	1	0	0	0	0
2024-11-17 16:22:40	23.683548356	99.4376124	98.99994	1	0	0	0	0
2024-11-17 16:22:50	23.736569460000002	99.072362	98.99994	1	0	0	0	0
2024-11-17 16:23:00	23.729635648000002	99.3572188	98.99994	1	0	0	0	0
2024-11-17 16:23:10	23.693933111538463	99.25125461538461	98.99994	1	0	0	0	0
2024-11-17 16:23:20	23.741500876	98.98392462400001	98.99994	1	0	0	0	0
2024-11-17 16:23:30	23.771447228	98.74946350799999	98.99994	1	0	0	0	0
2024-11-17 16:23:40	23.690587888	99.2721296	98.99994	1	0	0	0	0
2024-11-17 16:23:50	23.725467008	99.059194	98.99994	1	0	0	0	0
2024-11-17 16:24:00	23.71258064	99.143792	98.99994	1	0	0	0	0
2024-11-17 16:24:10	23.717853292307694	99.20937769230768	98.99994	1	0	0	0	0
2024-11-17 16:24:20	23.772751836	98.73374639999999	98.99994	1	0	0	0	0
2024-11-17 16:24:30	23.71549686	99.099984	98.99994	1	0	0	0	0
2024-11-17 16:24:40	23.753831912	98.804138	98.99994	1	0	0	0	0
2024-11-17 16:24:50	23.679254684	99.2542392	98.99994	1	0	0	0	0
2024-11-17 16:25:00	23.679254684	99.2542392	98.99994	1	0	0	0	0
2024-11-17 16:25:10	23.6950206902439	99.24277637804879	98.99994	1	0	0	0	0
2024-11-17 16:25:20	23.730618103999998	98.866371356	98.99994	1	0	0	0	0
2024-11-17 16:25:30	23.730618103999998	98.866371356	98.99994	1	0	0	0	0
2024-11-17 16:25:40	23.7096928	98.9566356	98.99994	1	0	0	0	0
2024-11-17 16:25:50	23.7096928	98.9566356	98.99994	1	0	0	0	0
2024-11-17 16:26:00	23.712481664	98.882932	98.99994	1	0	0	0	0
2024-11-17 16:26:10	23.698169492	98.9728896	98.99994	1	0	0	0	0
2024-11-17 16:26:20	23.691290407547168	98.98350830188679	98.99994	1	0	0	0	0
2024-11-17 16:26:30	23.653992884	99.23160639999999	98.99994	1	0	0	0	0
2024-11-17 16:26:40	23.720485948	98.780586	98.99994	1	0	0	0	0
2024-11-17 16:26:50	23.603975788	99.5363576	98.99994	1	0	0	0	0
2024-11-17 16:27:00	23.678365384	99.018049428	98.99994	1	0	0	0	0
2024-11-17 16:27:10	23.662115412	99.10728811199999	98.99994	1	0	0	0	0
2024-11-17 16:27:20	23.686315353846155	98.88216038461539	98.99994	1	0	0	0	0
2024-11-17 16:27:30	23.622317456	99.3163644	98.99994	1	0	0	0	0
2024-11-17 16:27:40	23.689170576	98.88950820800001	98.99994	1	0	0	0	0
2024-11-17 16:27:50	23.610041656	99.35995302799999	98.99994	1	0	0	0	0
2024-11-17 16:28:00	23.65139148	99.09354627200001	98.99994	1	0	0	0	0
2024-11-17 16:28:10	23.68109688	99.0604656	98.99994	1	0	0	0	0
2024-11-17 16:28:20	23.707051914285714	98.81819	98.99994	1	0	0	0	0
2024-11-17 16:28:30	23.657922056	99.12953458	98.99994	1	0	0	0	0
2024-11-17 16:28:40	23.669534795999997	99.0517932	98.99994	1	0	0	0	0
2024-11-17 16:28:50	23.624925344	99.3014908	98.99994	1	0	0	0	0
2024-11-17 16:29:00	23.646330304	99.1663944	98.99994	1	0	0	0	0
2024-11-17 16:29:10	23.74813048	98.5159008	98.99994	1	0	0	0	0
2024-11-17 16:29:20	23.691073042307693	98.66545461538462	98.99994	1	0	0	0	0
2024-11-17 16:29:30	23.668398004	99.08290360000001	98.99994	1	0	0	0	0
2024-11-17 16:29:40	23.691755176	98.91548039999999	98.99994	1	0	0	0	0
2024-11-17 16:29:50	23.70982744	98.82724839999999	98.99994	1	0	0	0	0
2024-11-17 16:30:00	23.656627692	99.1552348	98.99994	1	0	0	0	0
2024-11-17 16:30:10	23.615806927999998	99.415045968	98.99994	1	0	0	0	0
2024-11-17 16:30:20	23.657853497560975	98.90359097560976	98.99994	1	0	0	0	0
2024-11-17 16:30:30	23.641404964	99.19758742	98.99994	1	0	0	0	0
2024-11-17 16:30:40	23.600239764	99.44629176000001	98.99994	1	0	0	0	0
2024-11-17 16:30:50	23.635508568	99.2071664	98.99994	1	0	0	0	0
2024-11-17 16:31:00	23.6392708	99.0950656	98.99994	1	0	0	0	0
2024-11-17 16:31:10	23.61014798	99.0741516	98.99994	1	0	0	0	0
2024-11-17 16:31:20	23.642281203846153	98.77153767692307	98.99994	1	0	0	0	0
2024-11-17 16:31:30	23.608748564	99.24418680000001	98.99994	1	0	0	0	0
2024-11-17 16:31:40	23.709127264	98.5791004	98.99994	1	0	0	0	0
2024-11-17 16:31:50	23.671986987999997	98.8495444	98.99994	1	0	0	0	0
2024-11-17 16:32:00	23.650828948	98.982502	98.99994	1	0	0	0	0
2024-11-17 16:32:10	23.708050531999998	98.6206592	98.99994	1	0	0	0	0
2024-11-17 16:32:20	23.672190528571427	99.10455285714286	98.99994	1	0	0	0	0
2024-11-17 16:32:30	23.636283932	99.13646200000001	98.99994	1	0	0	0	0
2024-11-17 16:32:40	23.67718498	98.90391421199999	98.99994	1	0	0	0	0
2024-11-17 16:32:50	23.695553899999997	98.78739039999999	98.99994	1	0	0	0	0
2024-11-17 16:33:00	23.654431264	99.04624	98.99994	1	0	0	0	0
2024-11-17 16:33:10	23.710222352	98.815748	98.99994	1	0	0	0	0
2024-11-17 16:33:20	23.657453796153845	99.41360223076923	98.99994	1	0	0	0	0
2024-11-17 16:33:30	23.636576276	99.1830704	98.99994	1	0	0	0	0
2024-11-17 16:33:40	23.652992296	99.07948560000001	98.99994	1	0	0	0	0
2024-11-17 16:33:50	23.64913352	99.1196844	98.99994	1	0	0	0	0
2024-11-17 16:34:00	23.662220076	99.0152808	98.99994	1	0	0	0	0
2024-11-17 16:34:10	23.653135232	98.9123168	98.99994	1	0	0	0	0
2024-11-17 16:34:20	23.644941314285713	99.01586571428571	98.99994	1	0	0	0	0
2024-11-17 16:34:30	23.711059112	98.73090390399999	98.99994	1	0	0	0	0
2024-11-17 16:34:40	23.723609200000002	98.6694212	98.99994	1	0	0	0	0
2024-11-17 16:34:50	23.67405102	99.00419701999999	98.99994	1	0	0	0	0
2024-11-17 16:35:00	23.733611868	98.64759600000001	98.99994	1	0	0	0	0
2024-11-17 16:35:10	23.675149008	99.1978068	98.99994	1	0	0	0	0
2024-11-17 16:35:20	23.706615749999997	98.95069333333333	98.99994	1	0	0	0	0
2024-11-17 16:35:30	23.708057208	98.887692	98.99994	1	0	0	0	0
2024-11-17 16:35:40	23.668534847999997	99.11135682000001	98.99994	1	0	0	0	0
2024-11-17 16:35:50	23.64786478	99.2430984	98.99994	1	0	0	0	0
2024-11-17 16:36:00	23.710317200000002	98.8481944	98.99994	1	0	0	0	0
2024-11-17 16:36:10	23.672343916	99.017864	98.99994	1	0	0	0	0
2024-11-17 16:36:20	23.71380682352941	98.73636235294117	98.99994	1	0	0	0	0
2024-11-17 16:36:30	23.662651712	99.17111386799999	98.99994	1	0	0	0	0
2024-11-17 16:36:40	23.691654959999997	98.9986168	98.99994	1	0	0	0	0
2024-11-17 16:36:50	23.76562326	98.56313060800001	98.99994	1	0	0	0	0
2024-11-17 16:37:00	23.6637624	99.23868879999999	98.99994	1	0	0	0	0
2024-11-17 16:37:10	23.714278976	98.9148236	98.99994	1	0	0	0	0
2024-11-17 16:37:20	23.71829773207547	98.81074132075472	98.99994	1	0	0	0	0
2024-11-17 16:37:30	23.705065840000003	99.017409136	98.99994	1	0	0	0	0
2024-11-17 16:37:40	23.723871256	98.9057152	98.99994	1	0	0	0	0
2024-11-17 16:37:50	23.702371256	99.0842176	98.99994	1	0	0	0	0
2024-11-17 16:38:00	23.7448615	98.84353146000001	98.99994	1	0	0	0	0
2024-11-17 16:38:10	23.770844776	98.911838928	98.99994	1	0	0	0	0
2024-11-17 16:38:20	23.781055870588236	98.60380411764706	98.99994	1	0	0	0	0
2024-11-17 16:38:30	23.760312624	98.92727096799999	101.20793423999999	1	0	0	0	0
2024-11-17 16:38:40	23.830887856	98.9244528	101.299934	1	0	0	0	0
2024-11-17 16:38:50	23.930262799999998	98.745583032	101.299934	1	0	0	0	0
2024-11-17 16:39:00	23.98464408	98.84104928	101.299934	1	0	0	0	0
2024-11-17 16:39:10	24.056172912	99.02996	101.299934	1	0	0	0	0
2024-11-17 16:39:20	24.080426403846154	99.42790615384615	101.299934	1	0	0	0	0
2024-11-17 16:39:30	24.118052040000002	99.284912	101.299934	1	0	0	0	0
2024-11-17 16:39:40	24.216585284	99.086069392	101.299934	1	0	0	0	0
2024-11-17 16:39:50	24.310400440000002	98.9754312	101.299934	1	0	0	0	0
2024-11-17 16:40:00	24.403294392000003	98.8299188	101.299934	1	0	0	0	0
2024-11-17 16:40:10	24.4201301	99.1289652	101.299934	1	0	0	0	0
2024-11-17 16:40:20	24.565945596226413	98.90802120566039	101.299934	1	0	0	0	0
2024-11-17 16:40:30	24.581913608	99.0600916	101.299934	1	0	0	0	0
2024-11-17 16:40:40	24.604709667999998	99.33132280000001	101.299934	1	0	0	0	0
2024-11-17 16:40:50	24.68752318	99.21507	101.299934	1	0	0	0	0
2024-11-17 16:41:00	24.781123712	99.0244648	101.299934	1	0	0	0	0
2024-11-17 16:41:10	24.854630603999997	98.9951904	101.299934	1	0	0	0	0
2024-11-17 16:41:20	24.89723624390244	98.91576609756098	101.299934	1	0	0	0	0
2024-11-17 16:41:30	24.965875732	99.174388616	101.299934	1	0	0	0	0
2024-11-17 16:41:40	25.085542136	98.863343812	101.299934	1	0	0	0	0
2024-11-17 16:41:50	25.20317524	98.54892861200001	101.299934	1	0	0	0	0
2024-11-17 16:42:00	25.250227316	98.757665984	101.299934	1	0	0	0	0
2024-11-17 16:42:10	25.257161904	98.90106218800001	101.299934	1	0	0	0	0
2024-11-17 16:42:20	25.333267407692308	99.05892346153847	101.299934	1	0	0	0	0
2024-11-17 16:42:30	25.451892516	98.7868772	101.299934	1	0	0	0	0
2024-11-17 16:42:40	25.519036632	98.8513216	101.299934	1	0	0	0	0
2024-11-17 16:42:50	25.521648224000003	99.30884719999999	101.299934	1	0	0	0	0
2024-11-17 16:43:00	25.600991344	99.228377408	101.299934	1	0	0	0	0
2024-11-17 16:43:10	25.712805168	99.2507788	101.299934	1	0	0	0	0
2024-11-17 16:43:20	25.755169111764708	99.0466935882353	101.299934	1	0	0	0	0
2024-11-17 16:43:30	25.775985568	99.408069104	101.299934	1	0	0	0	0
2024-11-17 16:43:40	25.719618484	100.01938728	101.299934	1	0	0	0	0
2024-11-17 16:43:50	25.726563807999998	100.19843212	101.299934	1	0	0	0	0
2024-11-17 16:44:00	25.735260956	100.32497432	101.299934	1	0	0	0	0
2024-11-17 16:44:10	25.748589904	100.67632288	101.299934	1	0	0	0	0
2024-11-17 16:44:20	25.7754154	100.30948371428572	101.299934	1	0	0	0	0
2024-11-17 16:44:30	25.740912576	100.82830075999999	101.299934	1	0	0	0	0
2024-11-17 16:44:40	25.802605856	100.55997183999999	101.299934	1	0	0	0	0
2024-11-17 16:44:50	25.773538392	100.86446188	101.299934	1	0	0	0	0
2024-11-17 16:45:00	25.794354448	100.83703228	101.299934	1	0	0	0	0
2024-11-17 16:45:10	25.868094879999997	100.80324544	101.299934	1	0	0	0	0
2024-11-17 16:45:20	25.864031292307693	100.78431546153845	101.299934	1	0	0	0	0
2024-11-17 16:45:30	25.7209896	101.58795704	101.299934	1	0	0	0	0
2024-11-17 16:45:40	25.730558639999998	101.5098682	101.299934	1	0	0	0	0
2024-11-17 16:45:50	25.766803144	101.291083	101.299934	1	0	0	0	0
2024-11-17 16:46:00	25.76181906	101.34544204000001	101.299934	1	0	0	0	0
2024-11-17 16:46:10	25.745166291999997	101.13873676	101.299934	1	0	0	0	0
2024-11-17 16:46:20	25.701560907692308	101.56794476923076	101.299934	1	0	0	0	0
2024-11-17 16:46:30	25.696676756	101.65753656	101.299934	1	0	0	0	0
2024-11-17 16:46:40	25.752743832	101.29562588	101.299934	1	0	0	0	0
2024-11-17 16:46:50	25.74510068	101.34557728	101.299934	1	0	0	0	0
2024-11-17 16:47:00	25.731428400000002	101.43049452000001	101.299934	1	0	0	0	0
2024-11-17 16:47:10	25.77975904	101.14246644	101.299934	1	0	0	0	0
2024-11-17 16:47:20	25.72261443076923	101.42624646153845	101.299934	1	0	0	0	0
2024-11-17 16:47:30	25.778661040000003	101.15461936	101.299934	1	0	0	0	0
2024-11-17 16:47:40	25.742905324	101.42006988	101.299934	1	0	0	0	0
2024-11-17 16:47:50	25.727690464000002	101.50308928	101.299934	1	0	0	0	0
2024-11-17 16:48:00	25.806496944	100.97474623999999	101.299934	1	0	0	0	0
2024-11-17 16:48:10	25.805512232	101.22430228	101.299934	1	0	0	0	0
2024-11-17 16:48:20	25.755293778846156	101.34685353846154	101.299934	1	0	0	0	0
2024-11-17 16:48:30	25.72151952	101.53421227999999	101.299934	1	0	0	0	0
2024-11-17 16:48:40	25.714678656	101.54578599999999	101.299934	1	0	0	0	0
2024-11-17 16:48:50	25.807181823999997	100.9604496	101.299934	1	0	0	0	0
2024-11-17 16:49:00	25.763276628	101.29419356	101.299934	1	0	0	0	0
2024-11-17 16:49:10	25.78097086	101.06084496	101.299934	1	0	0	0	0
2024-11-17 16:49:20	25.768742155555557	101.23812318518517	101.299934	1	0	0	0	0
2024-11-17 16:49:30	25.75989026	101.36550244	101.299934	1	0	0	0	0
2024-11-17 16:49:40	25.75512776	101.3794736	101.299934	1	0	0	0	0
2024-11-17 16:49:50	25.79952528	101.1306294	101.299934	1	0	0	0	0
2024-11-17 16:50:00	25.79000268	101.17454056	101.299934	1	0	0	0	0
