PROCESSDATA	2111FIC46005 Data	yyyy-MM-dd HH:mm:ss
8	10	2024-10-26 21:55:00	751
tagname	2111FIC46005.MV	2111FIC46005.PV	2111FIC46005.SV	2111FIC46005.MODE	bOpOFL	bPvOFL	bSpOFL	bAutOFL
desc	低低压蒸汽自F301至C420_OP	低低压蒸汽自F301至C420_PV	低低压蒸汽自F301至C420_SP	Aut	bOpOFL	bPvOFL	bSpOFL	bAutOFL
fsMax=1.4890226999999996	fsMin=0	fsGridNum=10	fdMax=1.4890226999999996tfdMin=0	fdGridNum=10	v0GridNum=10	L=24
2024-10-26 21:55:00	70.244206766	868.52939108	870	1	0	0	0	0
2024-10-26 21:55:10	70.2544774	868.3058913	870	1	0	0	0	0
2024-10-26 21:55:20	70.25589132222223	868.5019050555555	870	1	0	0	0	0
2024-10-26 21:55:30	70.26587298846154	868.2190738846155	870	1	0	0	0	0
2024-10-26 21:55:40	70.27536620400001	867.9672969	870	1	0	0	0	0
2024-10-26 21:55:50	70.275057	868.459974	870	1	0	0	0	0
2024-10-26 21:56:00	70.2903934	867.98408884	870	1	0	0	0	0
2024-10-26 21:56:10	70.295920826	868.1547355800001	870	1	0	0	0	0
2024-10-26 21:56:20	70.30657703125	867.923513578125	870	1	0	0	0	0
2024-10-26 21:56:30	70.30172102857144	868.4726412857143	870	1	0	0	0	0
2024-10-26 21:56:40	70.3003384	869.0233800000001	870	1	0	0	0	0
2024-10-26 21:56:50	70.308814878	868.61107366	870	1	0	0	0	0
2024-10-26 21:57:00	70.314755878	868.4503744	870	1	0	0	0	0
2024-10-26 21:57:10	70.316657308	868.53141196	870	1	0	0	0	0
2024-10-26 21:57:20	70.32782793650793	868.1417217460317	870	1	0	0	0	0
2024-10-26 21:57:30	70.33091512195122	868.4762438780489	870	1	0	0	0	0
2024-10-26 21:57:40	70.341992752	868.32234838	870	1	0	0	0	0
2024-10-26 21:57:50	70.34438759999999	868.44864402	870	1	0	0	0	0
2024-10-26 21:58:00	70.359481378	867.88871506	870	1	0	0	0	0
2024-10-26 21:58:10	70.3650238	867.9785039999999	870	1	0	0	0	0
2024-10-26 21:58:20	70.36816018518519	867.9058877222222	870	1	0	0	0	0
2024-10-26 21:58:30	70.36895310425533	868.5482939574468	870	1	0	0	0	0
2024-10-26 21:58:40	70.3848438	867.9712007	870	1	0	0	0	0
2024-10-26 21:58:50	70.3846286	868.3890279999999	870	1	0	0	0	0
2024-10-26 21:59:00	70.392008326	868.25482708	870	1	0	0	0	0
2024-10-26 21:59:10	70.39433669200001	868.504242	870	1	0	0	0	0
2024-10-26 21:59:20	70.39077018518519	869.1164074259259	870	1	0	0	0	0
2024-10-26 21:59:30	70.38149397021277	869.8320107021276	870	1	0	0	0	0
2024-10-26 21:59:40	70.3818464	869.88303092	870	1	0	0	0	0
2024-10-26 21:59:50	70.3753618	870.183186	870	1	0	0	0	0
2024-10-26 22:00:00	70.371657856	870.48480064	870	1	0	0	0	0
2024-10-26 22:00:10	70.365783788	870.69464252	870	1	0	0	0	0
2024-10-26 22:00:20	70.36114722222223	870.9210767962963	870	1	0	0	0	0
2024-10-26 22:00:30	70.35406808510639	871.0652340425532	870	1	0	0	0	0
2024-10-26 22:00:40	70.289345878	875.02375842	870	1	0	0	0	0
2024-10-26 22:00:50	70.25409719999999	876.017274	870	1	0	0	0	0
2024-10-26 22:01:00	70.2201168	876.9543950999999	870	1	0	0	0	0
2024-10-26 22:01:10	70.20095323000001	876.448351	870	1	0	0	0	0
2024-10-26 22:01:20	70.17304217735848	876.7350358490567	870	1	0	0	0	0
2024-10-26 22:01:30	70.15009480625	876.9390104166667	870	1	0	0	0	0
2024-10-26 22:01:40	70.12536279999999	876.863998	870	1	0	0	0	0
2024-10-26 22:01:50	70.095126	877.28186886	870	1	0	0	0	0
2024-10-26 22:02:00	70.0749338	876.871956	870	1	0	0	0	0
2024-10-26 22:02:10	70.0489376	877.04126238	870	1	0	0	0	0
2024-10-26 22:02:20	70.01654317407407	877.3978731296296	870	1	0	0	0	0
2024-10-26 22:02:30	69.98955276595746	877.5407206382979	870	1	0	0	0	0
2024-10-26 22:02:40	69.97043579999999	877.2236015999999	870	1	0	0	0	0
2024-10-26 22:02:50	69.9456576	877.163554	870	1	0	0	0	0
2024-10-26 22:03:00	69.9266594	876.712096	870	1	0	0	0	0
2024-10-26 22:03:10	69.9106092	876.05657232	870	1	0	0	0	0
2024-10-26 22:03:20	69.9435038888889	872.8327592592592	870	1	0	0	0	0
2024-10-26 22:03:30	69.96900589787234	870.5068502340425	870	1	0	0	0	0
2024-10-26 22:03:40	70.00352896999999	868.2998139	870	1	0	0	0	0
2024-10-26 22:03:50	70.014613	868.0819740000001	870	1	0	0	0	0
2024-10-26 22:04:00	70.034533	867.2690183999999	870	1	0	0	0	0
2024-10-26 22:04:10	70.0384922	867.66611618	870	1	0	0	0	0
2024-10-26 22:04:20	70.03422836666667	868.1478573148148	870	1	0	0	0	0
2024-10-26 22:04:30	70.0312885106383	868.9100978723404	870	1	0	0	0	0
2024-10-26 22:04:40	70.0179566744681	869.9539248723405	870	1	0	0	0	0
2024-10-26 22:04:50	70.0193458	870.00932162	870	1	0	0	0	0
2024-10-26 22:05:00	70.009808892	870.44102634	870	1	0	0	0	0
2024-10-26 22:05:10	70.007974782	870.5333499999999	870	1	0	0	0	0
2024-10-26 22:05:20	70.0058199425926	870.6010593518519	870	1	0	0	0	0
2024-10-26 22:05:30	69.99524510638297	871.0903744680851	870	1	0	0	0	0
2024-10-26 22:05:40	69.99262836	870.97988	870	1	0	0	0	0
2024-10-26 22:05:50	69.9959968	870.60109396	870	1	0	0	0	0
2024-10-26 22:06:00	69.99525200000001	870.6013646399999	870	1	0	0	0	0
2024-10-26 22:06:10	69.99375979999999	870.580672	870	1	0	0	0	0
2024-10-26 22:06:20	69.98986191296297	870.3271493518519	870	1	0	0	0	0
2024-10-26 22:06:30	70.01222829787234	869.1457142978724	870	1	0	0	0	0
2024-10-26 22:06:40	70.04351064680851	867.390564531915	870	1	0	0	0	0
2024-10-26 22:06:50	70.0479176	867.54934962	870	1	0	0	0	0
2024-10-26 22:07:00	70.0619378	867.329866	870	1	0	0	0	0
2024-10-26 22:07:10	70.075823414	867.0927064800001	870	1	0	0	0	0
2024-10-26 22:07:20	70.0968990625	866.404096265625	870	1	0	0	0	0
2024-10-26 22:07:30	70.10200512195122	866.8363244390245	870	1	0	0	0	0
2024-10-26 22:07:40	70.106624634	867.15299278	870	1	0	0	0	0
2024-10-26 22:07:50	70.1114544	867.65037264	870	1	0	0	0	0
2024-10-26 22:08:00	70.11955400000001	867.60218	870	1	0	0	0	0
2024-10-26 22:08:10	70.13049319999999	867.440398	870	1	0	0	0	0
2024-10-26 22:08:20	70.13917671875001	867.5772866406251	870	1	0	0	0	0
2024-10-26 22:08:30	70.14814681428571	867.5094714285714	870	1	0	0	0	0
2024-10-26 22:08:40	70.1616392	867.13550494	870	1	0	0	0	0
2024-10-26 22:08:50	70.16532480000001	867.5355116	870	1	0	0	0	0
2024-10-26 22:09:00	70.1755204	867.4520239999999	870	1	0	0	0	0
2024-10-26 22:09:10	70.1781094	867.91812	870	1	0	0	0	0
2024-10-26 22:09:20	70.18136358490567	867.9106822830189	870	1	0	0	0	0
2024-10-26 22:09:30	70.18837606666666	868.0859576666667	870	1	0	0	0	0
2024-10-26 22:09:40	70.1871811	868.48960642	870	1	0	0	0	0
2024-10-26 22:09:50	70.1978972	868.2737559999999	870	1	0	0	0	0
2024-10-26 22:10:00	70.198459478	868.56923394	870	1	0	0	0	0
2024-10-26 22:10:10	70.203531634	868.687796	870	1	0	0	0	0
2024-10-26 22:10:20	70.20254018867925	868.8848555471698	870	1	0	0	0	0
2024-10-26 22:10:30	70.2064953846154	868.8330076923077	870	1	0	0	0	0
2024-10-26 22:10:40	70.205952078	869.13802368	870	1	0	0	0	0
2024-10-26 22:10:50	70.210124048	869.032346	870	1	0	0	0	0
2024-10-26 22:11:00	70.208513826	869.28182	870	1	0	0	0	0
2024-10-26 22:11:10	70.2191852	868.798744	870	1	0	0	0	0
2024-10-26 22:11:20	70.22674320754717	868.3954773584906	870	1	0	0	0	0
2024-10-26 22:11:30	70.22699	868.8856000000001	870	1	0	0	0	0
2024-10-26 22:11:40	70.23419109999999	868.68012486	870	1	0	0	0	0
2024-10-26 22:11:50	70.239577626	868.569028	870	1	0	0	0	0
2024-10-26 22:12:00	70.2281182	869.65865186	870	1	0	0	0	0
2024-10-26 22:12:10	70.22946879599999	869.76026862	870	1	0	0	0	0
2024-10-26 22:12:20	70.23693218867925	869.1600113207547	870	1	0	0	0	0
2024-10-26 22:12:30	70.2381516875	869.43214375	870	1	0	0	0	0
2024-10-26 22:12:40	70.2408266	869.1772922600001	870	1	0	0	0	0
2024-10-26 22:12:50	70.250275352	868.8004076	870	1	0	0	0	0
2024-10-26 22:13:00	70.2540644	868.8708805800001	870	1	0	0	0	0
2024-10-26 22:13:10	70.263605622	868.47138418	870	1	0	0	0	0
2024-10-26 22:13:20	70.26203566037736	868.9692338113207	870	1	0	0	0	0
2024-10-26 22:13:30	70.27136021276596	868.5753329148937	870	1	0	0	0	0
2024-10-26 22:13:40	70.2713542	869.0467536	870	1	0	0	0	0
2024-10-26 22:13:50	70.27248041200001	869.10454246	870	1	0	0	0	0
2024-10-26 22:14:00	70.2721324	869.366952	870	1	0	0	0	0
2024-10-26 22:14:10	70.2799016	868.940698	870	1	0	0	0	0
2024-10-26 22:14:20	70.28660927272728	869.2110697818182	870	1	0	0	0	0
2024-10-26 22:14:30	70.28525613829787	869.1621625531915	870	1	0	0	0	0
2024-10-26 22:14:40	70.29271460000001	868.80198914	870	1	0	0	0	0
2024-10-26 22:14:50	70.2886652	869.40984958	870	1	0	0	0	0
2024-10-26 22:15:00	70.29449799999999	869.227016	870	1	0	0	0	0
2024-10-26 22:15:10	70.30729653	868.57591916	870	1	0	0	0	0
2024-10-26 22:15:20	70.31042584528302	868.5747641509433	870	1	0	0	0	0
2024-10-26 22:15:30	70.3175671574468	868.5719037446809	870	1	0	0	0	0
2024-10-26 22:15:40	70.31091959999999	869.2361619999999	870	1	0	0	0	0
2024-10-26 22:15:50	70.31487800400001	869.2558379999999	870	1	0	0	0	0
2024-10-26 22:16:00	70.3196832	869.019014	870	1	0	0	0	0
2024-10-26 22:16:10	70.32337176600001	869.004872	870	1	0	0	0	0
2024-10-26 22:16:20	70.32492291320754	868.7551056603774	870	1	0	0	0	0
2024-10-26 22:16:30	70.32733836808511	869.1112951914894	870	1	0	0	0	0
2024-10-26 22:16:40	70.33119640000001	869.11979692	870	1	0	0	0	0
2024-10-26 22:16:50	70.3351672	869.0724970800001	870	1	0	0	0	0
2024-10-26 22:17:00	70.33964814400001	868.995262	870	1	0	0	0	0
2024-10-26 22:17:10	70.3467164	868.679482	870	1	0	0	0	0
2024-10-26 22:17:20	70.34774188679245	869.1163528301887	870	1	0	0	0	0
2024-10-26 22:17:30	70.35222638297873	868.9291893617021	870	1	0	0	0	0
2024-10-26 22:17:40	70.3569904	868.8296530800001	870	1	0	0	0	0
2024-10-26 22:17:50	70.365051096	868.554658	870	1	0	0	0	0
2024-10-26 22:18:00	70.375668544	868.19787726	870	1	0	0	0	0
2024-10-26 22:18:10	70.374607314	868.790258	870	1	0	0	0	0
2024-10-26 22:18:20	70.3830228528302	869.0011348490566	870	1	0	0	0	0
2024-10-26 22:18:30	70.3764	869.190476	870	1	0	0	0	0
2024-10-26 22:18:40	70.37883931399999	869.25341944	870	1	0	0	0	0
2024-10-26 22:18:50	70.3812792	869.150948	870	1	0	0	0	0
2024-10-26 22:19:00	70.37030560000001	869.8591700000001	870	1	0	0	0	0
2024-10-26 22:19:10	70.3653438	870.28809558	870	1	0	0	0	0
2024-10-26 22:19:20	70.37589324528302	869.4094065471699	870	1	0	0	0	0
2024-10-26 22:19:30	70.38290638297873	869.3177085106383	870	1	0	0	0	0
2024-10-26 22:19:40	70.390783734	869.003276	870	1	0	0	0	0
2024-10-26 22:19:50	70.3985562	868.55149586	870	1	0	0	0	0
2024-10-26 22:20:00	70.416409	867.857742	870	1	0	0	0	0
2024-10-26 22:20:10	70.4201256	868.0368659999999	870	1	0	0	0	0
2024-10-26 22:20:20	70.42891033207547	867.9373356037736	870	1	0	0	0	0
2024-10-26 22:20:30	70.42809844893617	868.5171003404255	870	1	0	0	0	0
2024-10-26 22:20:40	70.434642004	868.3194255999999	870	1	0	0	0	0
2024-10-26 22:20:50	70.388788	871.68850626	870	1	0	0	0	0
2024-10-26 22:21:00	70.365837996	872.779038	870	1	0	0	0	0
2024-10-26 22:21:10	70.340880248	873.796094	870	1	0	0	0	0
2024-10-26 22:21:20	70.3226746	874.0147293018869	870	1	0	0	0	0
2024-10-26 22:21:30	70.30479571428572	874.2601421428571	870	1	0	0	0	0
2024-10-26 22:21:40	70.2922722	874.15137	870	1	0	0	0	0
2024-10-26 22:21:50	70.2768836	874.039922	870	1	0	0	0	0
2024-10-26 22:22:00	70.25955119999999	874.39224626	870	1	0	0	0	0
2024-10-26 22:22:10	70.248128034	874.126894	870	1	0	0	0	0
2024-10-26 22:22:20	70.23602188679244	874.1820338490566	870	1	0	0	0	0
2024-10-26 22:22:30	70.22897978723404	873.7389550851063	870	1	0	0	0	0
2024-10-26 22:22:40	70.2193648	873.32292752	870	1	0	0	0	0
2024-10-26 22:22:50	70.21322800399999	873.1460059999999	870	1	0	0	0	0
2024-10-26 22:23:00	70.194779	873.62002694	870	1	0	0	0	0
2024-10-26 22:23:10	70.18678840000001	873.2439307	870	1	0	0	0	0
2024-10-26 22:23:20	70.17844264150943	873.1493528301887	870	1	0	0	0	0
2024-10-26 22:23:30	70.16736191489362	873.1473260425532	870	1	0	0	0	0
2024-10-26 22:23:40	70.14830053	873.6530700000001	870	1	0	0	0	0
2024-10-26 22:23:50	70.13440299999999	873.68601404	870	1	0	0	0	0
2024-10-26 22:24:00	70.11174460000001	874.314212	870	1	0	0	0	0
2024-10-26 22:24:10	70.088871322	874.78943	870	1	0	0	0	0
2024-10-26 22:24:20	70.06490849056604	875.0813595849056	870	1	0	0	0	0
2024-10-26 22:24:30	70.0416653	875.6173986666666	870	1	0	0	0	0
2024-10-26 22:24:40	70.027278744	875.429714	870	1	0	0	0	0
2024-10-26 22:24:50	70.012919388	875.1388089999999	870	1	0	0	0	0
2024-10-26 22:25:00	69.988661286	875.52641	870	1	0	0	0	0
2024-10-26 22:25:10	69.972134	875.45837406	870	1	0	0	0	0
2024-10-26 22:25:20	69.9599516981132	875.2995228679246	870	1	0	0	0	0
2024-10-26 22:25:30	69.95687333333333	873.9796666666667	870	1	0	0	0	0
2024-10-26 22:25:40	69.99846480000001	870.20573722	870	1	0	0	0	0
2024-10-26 22:25:50	70.034565188	868.02085286	870	1	0	0	0	0
2024-10-26 22:26:00	70.0525438	867.370806	870	1	0	0	0	0
2024-10-26 22:26:10	70.07576967	866.5732300000001	870	1	0	0	0	0
2024-10-26 22:26:20	70.08828867924528	866.5977055094339	870	1	0	0	0	0
2024-10-26 22:26:30	70.10285445531915	866.2731777659575	870	1	0	0	0	0
2024-10-26 22:26:40	70.1171558	866.28728734	870	1	0	0	0	0
2024-10-26 22:26:50	70.1149258	867.36413432	870	1	0	0	0	0
2024-10-26 22:27:00	70.12244700000001	867.27401264	870	1	0	0	0	0
2024-10-26 22:27:10	70.119088126	868.233752	870	1	0	0	0	0
2024-10-26 22:27:20	70.12698366603773	867.8970773584906	870	1	0	0	0	0
2024-10-26 22:27:30	70.12955638297872	868.3959234042553	870	1	0	0	0	0
2024-10-26 22:27:40	70.13354779999999	868.458034	870	1	0	0	0	0
2024-10-26 22:27:50	70.1373002	868.5614219	870	1	0	0	0	0
2024-10-26 22:28:00	70.136875866	869.04830776	870	1	0	0	0	0
2024-10-26 22:28:10	70.14496036599999	868.6646037400001	870	1	0	0	0	0
2024-10-26 22:28:20	70.13624660377359	869.2380218490566	870	1	0	0	0	0
2024-10-26 22:28:30	70.14175115384614	869.2320111153846	870	1	0	0	0	0
2024-10-26 22:28:40	70.15137307	868.88907246	870	1	0	0	0	0
2024-10-26 22:28:50	70.1628454	868.24805494	870	1	0	0	0	0
2024-10-26 22:29:00	70.17034233400001	868.11460084	870	1	0	0	0	0
2024-10-26 22:29:10	70.182372112	867.699002	870	1	0	0	0	0
2024-10-26 22:29:20	70.19365461132075	867.6584415094339	870	1	0	0	0	0
2024-10-26 22:29:30	70.21211666666666	866.9263	870	1	0	0	0	0
2024-10-26 22:29:40	70.22518524	866.7726952200001	870	1	0	0	0	0
2024-10-26 22:29:50	70.245869626	866.14624438	870	1	0	0	0	0
2024-10-26 22:30:00	70.2515142	866.531498	870	1	0	0	0	0
2024-10-26 22:30:10	70.2654145	866.49477744	870	1	0	0	0	0
2024-10-26 22:30:20	70.27657624339624	866.5027613207548	870	1	0	0	0	0
2024-10-26 22:30:30	70.28399340425533	866.7983808510638	870	1	0	0	0	0
2024-10-26 22:30:40	70.283051456	867.50336066	870	1	0	0	0	0
2024-10-26 22:30:50	70.2988424	867.22777152	870	1	0	0	0	0
2024-10-26 22:31:00	70.3043386	867.479818	870	1	0	0	0	0
2024-10-26 22:31:10	70.3093852	867.606536	870	1	0	0	0	0
2024-10-26 22:31:20	70.3246362264151	867.2303532075472	870	1	0	0	0	0
2024-10-26 22:31:30	70.33318615384616	867.2501780384616	870	1	0	0	0	0
2024-10-26 22:31:40	70.340887482	867.405892	870	1	0	0	0	0
2024-10-26 22:31:50	70.35344520000001	867.22855936	870	1	0	0	0	0
2024-10-26 22:32:00	70.3628066	867.41982542	870	1	0	0	0	0
2024-10-26 22:32:10	70.3589596	868.095198	870	1	0	0	0	0
2024-10-26 22:32:20	70.3588783773585	868.3883962264151	870	1	0	0	0	0
2024-10-26 22:32:30	70.36823063829787	868.3128428723404	870	1	0	0	0	0
2024-10-26 22:32:40	70.36501720000001	868.80398456	870	1	0	0	0	0
2024-10-26 22:32:50	70.371370678	868.6446972	870	1	0	0	0	0
2024-10-26 22:33:00	70.37868040400001	868.575396	870	1	0	0	0	0
2024-10-26 22:33:10	70.37951100000001	868.87348032	870	1	0	0	0	0
2024-10-26 22:33:20	70.38292185185185	869.1300480925926	870	1	0	0	0	0
2024-10-26 22:33:30	70.37895000384616	869.2749337307692	870	1	0	0	0	0
2024-10-26 22:33:40	70.3908932	868.73381386	870	1	0	0	0	0
2024-10-26 22:33:50	70.397978666	868.63088014	870	1	0	0	0	0
2024-10-26 22:34:00	70.40539032199999	868.47299462	870	1	0	0	0	0
2024-10-26 22:34:10	70.4055452	868.67790716	870	1	0	0	0	0
2024-10-26 22:34:20	70.41848660377359	868.4742680377358	870	1	0	0	0	0
2024-10-26 22:34:30	70.41476702127659	868.8678340425531	870	1	0	0	0	0
2024-10-26 22:34:40	70.4289658	868.0973759999999	870	1	0	0	0	0
2024-10-26 22:34:50	70.4331726	868.41466684	870	1	0	0	0	0
2024-10-26 22:35:00	70.44454999999999	868.13169214	870	1	0	0	0	0
2024-10-26 22:35:10	70.4528352	867.95761722	870	1	0	0	0	0
2024-10-26 22:35:20	70.4597576509434	868.1712283018868	870	1	0	0	0	0
2024-10-26 22:35:30	70.44376404255318	869.3984595744681	870	1	0	0	0	0
2024-10-26 22:35:40	70.4174622	871.11796356	870	1	0	0	0	0
2024-10-26 22:35:50	70.40656607800001	871.5427187	870	1	0	0	0	0
2024-10-26 22:36:00	70.3710798	873.4427199600001	870	1	0	0	0	0
2024-10-26 22:36:10	70.35535700000001	873.543742	870	1	0	0	0	0
2024-10-26 22:36:20	70.32823490566037	874.6805806792453	870	1	0	0	0	0
2024-10-26 22:36:30	70.29794173333333	875.3606333333333	870	1	0	0	0	0
2024-10-26 22:36:40	70.2732092	875.92728966	870	1	0	0	0	0
2024-10-26 22:36:50	70.24792760000001	876.0762316	870	1	0	0	0	0
2024-10-26 22:37:00	70.206554	877.258356	870	1	0	0	0	0
2024-10-26 22:37:10	70.1948032	876.46869566	870	1	0	0	0	0
2024-10-26 22:37:20	70.17062493207547	877.0675886792453	870	1	0	0	0	0
2024-10-26 22:37:30	70.14518548936171	876.6645011702128	870	1	0	0	0	0
2024-10-26 22:37:40	70.1163338	876.97650718	870	1	0	0	0	0
2024-10-26 22:37:50	70.08956280000001	877.1001933599999	870	1	0	0	0	0
2024-10-26 22:38:00	70.067799	877.00897586	870	1	0	0	0	0
2024-10-26 22:38:10	70.0463194	876.900942	870	1	0	0	0	0
2024-10-26 22:38:20	70.01335543396226	877.448041509434	870	1	0	0	0	0
2024-10-26 22:38:30	69.97887666666666	877.8157166666667	870	1	0	0	0	0
2024-10-26 22:38:40	69.94777496	878.034382	870	1	0	0	0	0
2024-10-26 22:38:50	69.92153139999999	877.97227632	870	1	0	0	0	0
2024-10-26 22:39:00	69.97457562999999	872.64948282	870	1	0	0	0	0
2024-10-26 22:39:10	70.01978228600001	869.4933213	870	1	0	0	0	0
2024-10-26 22:39:20	70.02370616037736	869.1992184716981	870	1	0	0	0	0
2024-10-26 22:39:30	70.02961073333333	869.1795666666667	870	1	0	0	0	0
2024-10-26 22:39:40	70.03270260000001	869.12808838	870	1	0	0	0	0
2024-10-26 22:39:50	70.034845726	869.19118196	870	1	0	0	0	0
2024-10-26 22:40:00	70.03718734399999	869.31074786	870	1	0	0	0	0
2024-10-26 22:40:10	70.025451	870.0401951399999	870	1	0	0	0	0
2024-10-26 22:40:20	70.02326493018867	870.239877245283	870	1	0	0	0	0
2024-10-26 22:40:30	70.03867	869.2165	870	1	0	0	0	0
2024-10-26 22:40:40	70.065724396	867.82961484	870	1	0	0	0	0
2024-10-26 22:40:50	70.06889819999999	868.06932388	870	1	0	0	0	0
2024-10-26 22:41:00	70.0764824	867.92421	870	1	0	0	0	0
2024-10-26 22:41:10	70.07505859999999	868.4824440399999	870	1	0	0	0	0
2024-10-26 22:41:20	70.08587557924528	868.0834555471698	870	1	0	0	0	0
2024-10-26 22:41:30	70.09426333333333	868.055316	870	1	0	0	0	0
2024-10-26 22:41:40	70.1001802	867.9431264799999	870	1	0	0	0	0
2024-10-26 22:41:50	70.1052154	868.13628692	870	1	0	0	0	0
2024-10-26 22:42:00	70.111972018	868.23662	870	1	0	0	0	0
2024-10-26 22:42:10	70.1314968	867.4082111600001	870	1	0	0	0	0
2024-10-26 22:42:20	70.15659660377358	866.3770223584905	870	1	0	0	0	0
2024-10-26 22:42:30	70.17170666666667	866.3362999999999	870	1	0	0	0	0
2024-10-26 22:42:40	70.1872962	866.07704766	870	1	0	0	0	0
2024-10-26 22:42:50	70.206507066	865.72333464	870	1	0	0	0	0
2024-10-26 22:43:00	70.2240484	865.48987838	870	1	0	0	0	0
2024-10-26 22:43:10	70.232405	866.000412	870	1	0	0	0	0
2024-10-26 22:43:20	70.25323698113208	865.467764	870	1	0	0	0	0
2024-10-26 22:43:30	70.25956613333334	866.1571	870	1	0	0	0	0
2024-10-26 22:43:40	70.2766804	865.92677	870	1	0	0	0	0
2024-10-26 22:43:50	70.290053714	865.956734	870	1	0	0	0	0
2024-10-26 22:44:00	70.2923184	866.8063087400001	870	1	0	0	0	0
2024-10-26 22:44:10	70.2991506	866.95757744	870	1	0	0	0	0
2024-10-26 22:44:20	70.32283811320755	866.1834484528302	870	1	0	0	0	0
2024-10-26 22:44:30	70.33690333333332	866.0972543333334	870	1	0	0	0	0
2024-10-26 22:44:40	70.331516526	867.13226	870	1	0	0	0	0
2024-10-26 22:44:50	70.3465302	867.01619632	870	1	0	0	0	0
2024-10-26 22:45:00	70.3588202	866.8903696	870	1	0	0	0	0
2024-10-26 22:45:10	70.364140152	867.09259	870	1	0	0	0	0
2024-10-26 22:45:20	70.37290584905661	867.2933068679246	870	1	0	0	0	0
2024-10-26 22:45:30	70.38001463333333	867.43162	870	1	0	0	0	0
2024-10-26 22:45:40	70.389186288	867.345336	870	1	0	0	0	0
2024-10-26 22:45:50	70.397919	867.37079758	870	1	0	0	0	0
2024-10-26 22:46:00	70.41420640000001	866.964024	870	1	0	0	0	0
2024-10-26 22:46:10	70.413491064	867.72927426	870	1	0	0	0	0
2024-10-26 22:46:20	70.41660264528302	868.0977080754717	870	1	0	0	0	0
2024-10-26 22:46:30	70.30454812692308	875.5797634230769	870	1	0	0	0	0
2024-10-26 22:46:40	70.213950966	879.98479338	870	1	0	0	0	0
2024-10-26 22:46:50	70.1615542	880.97093442	870	1	0	0	0	0
2024-10-26 22:47:00	70.1250738	880.96074492	870	1	0	0	0	0
2024-10-26 22:47:10	70.071982086	881.7620872	870	1	0	0	0	0
2024-10-26 22:47:20	70.02758495849056	882.0860375471698	870	1	0	0	0	0
2024-10-26 22:47:30	69.98225169999999	882.1761	870	1	0	0	0	0
2024-10-26 22:47:40	69.927865	882.967798	870	1	0	0	0	0
2024-10-26 22:47:50	69.89203823999999	882.4336941199999	870	1	0	0	0	0
2024-10-26 22:48:00	69.890934	879.5906162	870	1	0	0	0	0
2024-10-26 22:48:10	70.01636280000001	869.52641188	870	1	0	0	0	0
2024-10-26 22:48:20	70.06124318301887	866.9598518867924	870	1	0	0	0	0
2024-10-26 22:48:30	70.07632234042552	866.6621361702128	870	1	0	0	0	0
2024-10-26 22:48:40	70.09667174399999	866.26485856	870	1	0	0	0	0
2024-10-26 22:48:50	70.11750659399999	865.679882	870	1	0	0	0	0
2024-10-26 22:49:00	70.1358104	865.4915102599999	870	1	0	0	0	0
2024-10-26 22:49:10	70.159006	865.0084871	870	1	0	0	0	0
2024-10-26 22:49:20	70.17352094339623	865.0710736981132	870	1	0	0	0	0
2024-10-26 22:49:30	70.20669333333333	864.2057203333334	870	1	0	0	0	0
2024-10-26 22:49:40	70.21812159999999	864.6449621200001	870	1	0	0	0	0
2024-10-26 22:49:50	70.2373048	864.611348	870	1	0	0	0	0
2024-10-26 22:50:00	70.2607962	864.05606862	870	1	0	0	0	0
2024-10-26 22:50:10	70.27912825599999	864.474066	870	1	0	0	0	0
2024-10-26 22:50:20	70.29644950000001	864.6314244905661	870	1	0	0	0	0
2024-10-26 22:50:30	70.321865	864.1794666666667	870	1	0	0	0	0
2024-10-26 22:50:40	70.334079982	864.57753362	870	1	0	0	0	0
2024-10-26 22:50:50	70.34921100000001	864.88545386	870	1	0	0	0	0
2024-10-26 22:51:00	70.37265819999999	864.581452	870	1	0	0	0	0
2024-10-26 22:51:10	70.3895201	864.7091039999999	870	1	0	0	0	0
2024-10-26 22:51:20	70.40070773584905	865.2205490566038	870	1	0	0	0	0
2024-10-26 22:51:30	70.41654333333334	865.222941	870	1	0	0	0	0
2024-10-26 22:51:40	70.42839959999999	865.522466	870	1	0	0	0	0
2024-10-26 22:51:50	70.3644922	870.691816	870	1	0	0	0	0
2024-10-26 22:52:00	70.2474734	877.71488	870	1	0	0	0	0
2024-10-26 22:52:10	70.20301972200001	878.72240382	870	1	0	0	0	0
2024-10-26 22:52:20	70.17213623018868	879.0449971509435	870	1	0	0	0	0
2024-10-26 22:52:30	70.13874666666666	878.8802000000001	870	1	0	0	0	0
2024-10-26 22:52:40	70.10594760000001	879.011788	870	1	0	0	0	0
2024-10-26 22:52:50	70.076031326	878.97654306	870	1	0	0	0	0
2024-10-26 22:53:00	70.0450824	878.90455594	870	1	0	0	0	0
2024-10-26 22:53:10	70.01537173	878.81063218	870	1	0	0	0	0
2024-10-26 22:53:20	69.99149132075472	878.7791011320754	870	1	0	0	0	0
2024-10-26 22:53:30	69.95395203877551	878.9260551020408	870	1	0	0	0	0
2024-10-26 22:53:40	69.92141170000001	879.1040384800001	870	1	0	0	0	0
2024-10-26 22:53:50	69.9039692	878.0979676	870	1	0	0	0	0
2024-10-26 22:54:00	69.8701944	878.47795878	870	1	0	0	0	0
2024-10-26 22:54:10	69.9048272	874.269768	870	1	0	0	0	0
2024-10-26 22:54:20	69.99515094339623	867.4229683207548	870	1	0	0	0	0
2024-10-26 22:54:30	70.04119666666666	865.5025333333333	870	1	0	0	0	0
2024-10-26 22:54:40	70.056685282	865.49998278	870	1	0	0	0	0
2024-10-26 22:54:50	70.07542720000001	865.46039722	870	1	0	0	0	0
2024-10-26 22:55:00	70.093971988	865.24545074	870	1	0	0	0	0
2024-10-26 22:55:10	70.109601	865.33737	870	1	0	0	0	0
2024-10-26 22:55:20	70.12941226415094	864.9747784905661	870	1	0	0	0	0
2024-10-26 22:55:30	70.15492070212765	864.6616191489361	870	1	0	0	0	0
2024-10-26 22:55:40	70.164801166	865.251044	870	1	0	0	0	0
2024-10-26 22:55:50	70.195097426	864.235082	870	1	0	0	0	0
2024-10-26 22:56:00	70.2106484	864.584816	870	1	0	0	0	0
2024-10-26 22:56:10	70.2316316	864.37903632	870	1	0	0	0	0
2024-10-26 22:56:20	70.25255994716981	864.6081948679245	870	1	0	0	0	0
2024-10-26 22:56:30	70.26411386666668	864.7408593333333	870	1	0	0	0	0
2024-10-26 22:56:40	70.28957924	864.221042	870	1	0	0	0	0
2024-10-26 22:56:50	70.311498678	864.18356662	870	1	0	0	0	0
2024-10-26 22:57:00	70.319547078	864.8161160000001	870	1	0	0	0	0
2024-10-26 22:57:10	70.3389073	864.89809712	870	1	0	0	0	0
2024-10-26 22:57:20	70.34546196792452	864.9433641509434	870	1	0	0	0	0
2024-10-26 22:57:30	70.3789026	864.4664333333334	870	1	0	0	0	0
2024-10-26 22:57:40	70.395929092	864.58698358	870	1	0	0	0	0
2024-10-26 22:57:50	70.4034834	865.2534440000001	870	1	0	0	0	0
2024-10-26 22:58:00	70.4247594	864.9433799999999	870	1	0	0	0	0
2024-10-26 22:58:10	70.448948	864.62492136	870	1	0	0	0	0
2024-10-26 22:58:20	70.46369669056604	864.9588358490566	870	1	0	0	0	0
2024-10-26 22:58:30	70.41209333333333	869.4700666666666	870	1	0	0	0	0
2024-10-26 22:58:40	70.3001276	876.5976681000001	870	1	0	0	0	0
2024-10-26 22:58:50	70.254714826	877.8024302599999	870	1	0	0	0	0
2024-10-26 22:59:00	70.233544	877.49623492	870	1	0	0	0	0
2024-10-26 22:59:10	70.233544	877.49623492	870	1	0	0	0	0
2024-10-26 22:59:20	70.16046704150943	878.7144867924528	870	1	0	0	0	0
2024-10-26 22:59:30	70.13193733333334	878.4390333333333	870	1	0	0	0	0
2024-10-26 22:59:40	70.10096073	878.63281692	870	1	0	0	0	0
2024-10-26 22:59:50	70.0621782	879.10403484	870	1	0	0	0	0
2024-10-26 23:00:00	70.03594720000001	878.87259382	870	1	0	0	0	0
2024-10-26 23:00:10	70.03594720000001	878.87259382	870	1	0	0	0	0
2024-10-26 23:00:20	69.98213318490566	878.4324962264151	870	1	0	0	0	0
2024-10-26 23:00:30	69.94372526666668	878.9252933333333	870	1	0	0	0	0
2024-10-26 23:00:40	69.90606573	879.37566232	870	1	0	0	0	0
2024-10-26 23:00:50	69.8652192	879.9266824	870	1	0	0	0	0
2024-10-26 23:01:00	69.8409908	879.1785990799999	870	1	0	0	0	0
2024-10-26 23:01:10	69.851511218	876.5432934199999	870	1	0	0	0	0
2024-10-26 23:01:20	69.88397867924529	872.6296290377359	870	1	0	0	0	0
2024-10-26 23:01:30	69.88397867924529	872.6296290377359	870	1	0	0	0	0
2024-10-26 23:01:40	69.9291968	869.4538520000001	870	1	0	0	0	0
2024-10-26 23:01:50	69.95472120000001	867.9786	870	1	0	0	0	0
2024-10-26 23:02:00	70.006804708	864.98423	870	1	0	0	0	0
2024-10-26 23:02:10	70.036597	864.27484936	870	1	0	0	0	0
2024-10-26 23:02:20	70.0546051773585	864.7263924528302	870	1	0	0	0	0
2024-10-26 23:02:30	70.08607384615384	863.6611	870	1	0	0	0	0
2024-10-26 23:02:40	70.0984372	864.16647	870	1	0	0	0	0
2024-10-26 23:02:50	70.121201952	864.16412822	870	1	0	0	0	0
2024-10-26 23:03:00	70.131059	864.730734	870	1	0	0	0	0
2024-10-26 23:03:10	70.131059	864.730734	870	1	0	0	0	0
2024-10-26 23:03:20	70.16829671886792	864.6530484528301	870	1	0	0	0	0
2024-10-26 23:03:30	70.18907333333333	864.6019333333334	870	1	0	0	0	0
2024-10-26 23:03:40	70.20405976	864.721708	870	1	0	0	0	0
2024-10-26 23:03:50	70.220343782	865.06252776	870	1	0	0	0	0
2024-10-26 23:04:00	70.241264722	864.76585338	870	1	0	0	0	0
2024-10-26 23:04:10	70.241264722	864.76585338	870	1	0	0	0	0
2024-10-26 23:04:20	70.27830194716981	864.380181245283	870	1	0	0	0	0
2024-10-26 23:04:30	70.29879486666667	864.6467666666666	870	1	0	0	0	0
2024-10-26 23:04:40	70.3155548	864.71186	870	1	0	0	0	0
2024-10-26 23:04:50	70.3437118	864.0646030600001	870	1	0	0	0	0
2024-10-26 23:05:00	70.360911	864.305334	870	1	0	0	0	0
2024-10-26 23:05:10	70.360911	864.305334	870	1	0	0	0	0
2024-10-26 23:05:20	70.39299132075472	864.503654716981	870	1	0	0	0	0
2024-10-26 23:05:30	70.40764826666667	865.0873496666667	870	1	0	0	0	0
2024-10-26 23:05:40	70.41629900000001	865.6668291000001	870	1	0	0	0	0
2024-10-26 23:05:50	70.2964363	874.5615150599999	870	1	0	0	0	0
2024-10-26 23:06:00	70.2964363	874.5615150599999	870	1	0	0	0	0
2024-10-26 23:06:10	70.174123004	879.006152	870	1	0	0	0	0
2024-10-26 23:06:20	70.14078	879.1800076226415	870	1	0	0	0	0
2024-10-26 23:06:30	70.14078	879.1800076226415	870	1	0	0	0	0
2024-10-26 23:06:40	70.10488333333333	879.342448	870	1	0	0	0	0
2024-10-26 23:06:50	70.10488333333333	879.342448	870	1	0	0	0	0
2024-10-26 23:07:00	70.0493808	878.744768	870	1	0	0	0	0
2024-10-26 23:07:10	70.021677822	878.56363666	870	1	0	0	0	0
2024-10-26 23:07:20	69.9929578	878.60540336	870	1	0	0	0	0
2024-10-26 23:07:30	69.95867541886793	878.9999641509434	870	1	0	0	0	0
2024-10-26 23:07:40	69.93308393333334	878.466166	870	1	0	0	0	0
2024-10-26 23:07:50	69.93308393333334	878.466166	870	1	0	0	0	0
2024-10-26 23:08:00	69.891197448	877.5450249	870	1	0	0	0	0
2024-10-26 23:08:10	69.872273822	877.15219114	870	1	0	0	0	0
2024-10-26 23:08:20	69.848776226	877.11139282	870	1	0	0	0	0
2024-10-26 23:08:30	69.86609490566038	873.8471951698114	856.0377358490566	1	0	0	0	0
2024-10-26 23:08:40	69.82379666666667	871.492	850	1	0	0	0	0
2024-10-26 23:08:50	69.823722692	866.703024	850	1	0	0	0	0
2024-10-26 23:09:00	69.87532019999999	859.764158	850	1	0	0	0	0
2024-10-26 23:09:10	69.869251744	858.15554	850	1	0	0	0	0
2024-10-26 23:09:20	69.838963	858.2576515000001	850	1	0	0	0	0
2024-10-26 23:09:30	69.80967670188679	858.388029226415	850	1	0	0	0	0
2024-10-26 23:09:40	69.7809098	858.2470913000001	850	1	0	0	0	0
2024-10-26 23:09:50	69.74791789199999	858.5298339	850	1	0	0	0	0
2024-10-26 23:10:00	69.785898	854.25785864	850	1	0	0	0	0
2024-10-26 23:10:10	69.7825244	853.8410319999999	850	1	0	0	0	0
2024-10-26 23:10:20	69.769310018	853.7806544	850	1	0	0	0	0
2024-10-26 23:10:30	69.75584830188679	853.8684470754717	850	1	0	0	0	0
2024-10-26 23:10:40	69.73887653333334	853.8884843333334	850	1	0	0	0	0
2024-10-26 23:10:50	69.733964	853.49048126	850	1	0	0	0	0
2024-10-26 23:11:00	69.722892692	853.1998856600001	850	1	0	0	0	0
2024-10-26 23:11:10	69.7332912	851.9941140000001	850	1	0	0	0	0
2024-10-26 23:11:20	69.7676476	849.34580152	850	1	0	0	0	0
2024-10-26 23:11:30	69.77100624905661	848.9944150943396	850	1	0	0	0	0
2024-10-26 23:11:40	69.78959333333333	848.3111776666667	850	1	0	0	0	0
2024-10-26 23:11:50	69.8007598	848.1920285599999	850	1	0	0	0	0
2024-10-26 23:12:00	69.79457004	848.8695964	850	1	0	0	0	0
2024-10-26 23:12:10	69.81068570000001	847.983672	850	1	0	0	0	0
2024-10-26 23:12:20	69.8235548	847.586432	850	1	0	0	0	0
2024-10-26 23:12:30	69.82979762830189	847.4713094339622	850	1	0	0	0	0
2024-10-26 23:12:40	69.84101961538462	847.5058307692308	850	1	0	0	0	0
2024-10-26 23:12:50	69.8486966	847.704704	850	1	0	0	0	0
2024-10-26 23:13:00	69.855878448	847.6501880000001	850	1	0	0	0	0
2024-10-26 23:13:10	69.856033	848.0582340000001	850	1	0	0	0	0
2024-10-26 23:13:20	69.863743	847.958651	850	1	0	0	0	0
2024-10-26 23:13:30	69.86352264150943	848.3906037735849	850	1	0	0	0	0
2024-10-26 23:13:40	69.86965666666667	848.440417	850	1	0	0	0	0
2024-10-26 23:13:50	69.87076930799999	848.663776	850	1	0	0	0	0
2024-10-26 23:14:00	69.877466752	848.6973360000001	850	1	0	0	0	0
2024-10-26 23:14:10	69.8833438	848.36059904	850	1	0	0	0	0
2024-10-26 23:14:20	69.89785611799999	847.91944486	850	1	0	0	0	0
2024-10-26 23:14:30	69.89106276603773	848.3972603773585	850	1	0	0	0	0
2024-10-26 23:14:40	69.9134101923077	847.6663605769231	850	1	0	0	0	0
2024-10-26 23:14:50	69.9191708	847.72186796	850	1	0	0	0	0
2024-10-26 23:15:00	69.938004886	847.2060568200001	850	1	0	0	0	0
2024-10-26 23:15:10	69.9482482	847.2253954399999	850	1	0	0	0	0
2024-10-26 23:15:20	69.9438392	847.9102549199999	850	1	0	0	0	0
2024-10-26 23:15:30	69.94675679245283	848.139093245283	850	1	0	0	0	0
2024-10-26 23:15:40	69.95149	848.3586399999999	850	1	0	0	0	0
2024-10-26 23:15:50	69.955875186	848.44405822	850	1	0	0	0	0
2024-10-26 23:16:00	69.94699516	849.35776218	850	1	0	0	0	0
2024-10-26 23:16:10	69.95240572200001	849.06240264	850	1	0	0	0	0
2024-10-26 23:16:20	69.9507212	849.3872393400001	850	1	0	0	0	0
2024-10-26 23:16:30	69.95594037735849	849.4028400188679	850	1	0	0	0	0
2024-10-26 23:16:40	69.94968333333333	849.7669346666667	850	1	0	0	0	0
2024-10-26 23:16:50	69.952175404	849.633794	850	1	0	0	0	0
2024-10-26 23:17:00	69.951716	849.74431522	850	1	0	0	0	0
2024-10-26 23:17:10	69.948547	850.04591408	850	1	0	0	0	0
2024-10-26 23:17:20	69.9428738	850.3687169	850	1	0	0	0	0
2024-10-26 23:17:30	69.94202589433962	850.1433177169812	850	1	0	0	0	0
2024-10-26 23:17:40	69.94501000000001	850.1784886666667	850	1	0	0	0	0
2024-10-26 23:17:50	69.93173852599999	851.04284662	850	1	0	0	0	0
2024-10-26 23:18:00	69.935217248	850.5620379999999	850	1	0	0	0	0
2024-10-26 23:18:10	69.9410828	850.190626	850	1	0	0	0	0
2024-10-26 23:18:20	69.9396296	850.250375	850	1	0	0	0	0
2024-10-26 23:18:30	69.9391269773585	850.4668765471698	850	1	0	0	0	0
2024-10-26 23:18:40	69.92577046666666	850.9974163333334	850	1	0	0	0	0
2024-10-26 23:18:50	69.9205447	851.06300272	850	1	0	0	0	0
2024-10-26 23:19:00	69.9233534	850.66379262	850	1	0	0	0	0
2024-10-26 23:19:10	69.9201554	850.84674	850	1	0	0	0	0
2024-10-26 23:19:20	69.914815634	850.86556708	850	1	0	0	0	0
2024-10-26 23:19:30	69.90683396226416	851.162403245283	850	1	0	0	0	0
2024-10-26 23:19:40	69.91183333333333	850.691384	850	1	0	0	0	0
2024-10-26 23:19:50	69.9044792	850.95427406	850	1	0	0	0	0
2024-10-26 23:20:00	69.9058082	850.6470959999999	850	1	0	0	0	0
2024-10-26 23:20:10	69.91185244799999	850.2555376800001	850	1	0	0	0	0
2024-10-26 23:20:20	69.91263699	849.98036	850	1	0	0	0	0
2024-10-26 23:20:30	69.9105958490566	849.9730398490566	850	1	0	0	0	0
2024-10-26 23:20:40	69.9236423076923	849.2934121538461	850	1	0	0	0	0
2024-10-26 23:20:50	69.930360944	849.10461768	850	1	0	0	0	0
2024-10-26 23:21:00	69.9454118	848.23580484	850	1	0	0	0	0
2024-10-26 23:21:10	69.942968456	848.78664952	850	1	0	0	0	0
2024-10-26 23:21:20	69.96405957200001	847.700312	850	1	0	0	0	0
2024-10-26 23:21:30	69.95795452830188	848.227927018868	850	1	0	0	0	0
2024-10-26 23:21:40	69.9696682	848.21590036	850	1	0	0	0	0
2024-10-26 23:21:50	69.9783654	848.0480496600001	850	1	0	0	0	0
2024-10-26 23:22:00	69.984003226	848.14295968	850	1	0	0	0	0
2024-10-26 23:22:10	69.997697996	847.75738116	850	1	0	0	0	0
2024-10-26 23:22:20	70.00329543	847.947702	850	1	0	0	0	0
2024-10-26 23:22:30	70.01814962264152	847.3630418301886	850	1	0	0	0	0
2024-10-26 23:22:40	70.0359	846.8978040000001	850	1	0	0	0	0
2024-10-26 23:22:50	70.03803681400001	847.438162	850	1	0	0	0	0
2024-10-26 23:23:00	70.05221193	847.20252116	850	1	0	0	0	0
2024-10-26 23:23:10	70.0622486	847.168956	850	1	0	0	0	0
2024-10-26 23:23:20	70.07525313	846.88005988	850	1	0	0	0	0
2024-10-26 23:23:30	70.08934056603773	846.7433950943396	850	1	0	0	0	0
2024-10-26 23:23:40	70.10016826666667	846.7484129999999	850	1	0	0	0	0
2024-10-26 23:23:50	70.108296	846.83112726	850	1	0	0	0	0
2024-10-26 23:24:00	70.123578018	846.5632168799999	850	1	0	0	0	0
2024-10-26 23:24:10	70.1419774	845.967564	850	1	0	0	0	0
2024-10-26 23:24:20	70.15060849999999	846.427932	850	1	0	0	0	0
2024-10-26 23:24:30	70.16210113207548	846.9715900754717	850	1	0	0	0	0
2024-10-26 23:24:40	70.0155214	856.6882536666666	850	1	0	0	0	0
2024-10-26 23:24:50	69.9015158	862.3396399999999	850	1	0	0	0	0
2024-10-26 23:25:00	69.83449892200001	863.85775574	850	1	0	0	0	0
2024-10-26 23:25:10	69.7831932	863.86274626	850	1	0	0	0	0
2024-10-26 23:25:20	69.730719996	864.2520201799999	850	1	0	0	0	0
2024-10-26 23:25:30	69.6781234031746	864.1295992380952	850	1	0	0	0	0
2024-10-26 23:25:40	69.62441202380953	864.7610119047619	850	1	0	0	0	0
2024-10-26 23:25:50	69.578553426	864.445472	850	1	0	0	0	0
2024-10-26 23:26:00	69.5219016	864.7917889199999	850	1	0	0	0	0
2024-10-26 23:26:10	69.6558756	852.44103	850	1	0	0	0	0
2024-10-26 23:26:20	69.7215312	848.511902	850	1	0	0	0	0
2024-10-26 23:26:30	69.71493483773585	849.4126245283019	850	1	0	0	0	0
2024-10-26 23:26:40	69.72672	848.6372	850	1	0	0	0	0
2024-10-26 23:26:50	69.7271295	848.84705058	850	1	0	0	0	0
2024-10-26 23:27:00	69.7233572	849.332922	850	1	0	0	0	0
2024-10-26 23:27:10	69.7208398	849.668746	850	1	0	0	0	0
2024-10-26 23:27:20	69.72600899999999	849.31993204	850	1	0	0	0	0
2024-10-26 23:27:30	69.7233869490566	849.7498811320754	850	1	0	0	0	0
2024-10-26 23:27:40	69.71972333333333	850.0045666666667	850	1	0	0	0	0
2024-10-26 23:27:50	69.71698201800001	850.22816286	850	1	0	0	0	0
2024-10-26 23:28:00	69.72150247	849.81828678	850	1	0	0	0	0
2024-10-26 23:28:10	69.72061260000001	849.81951736	850	1	0	0	0	0
2024-10-26 23:28:20	69.7089528	850.699912	850	1	0	0	0	0
2024-10-26 23:28:30	69.70454018867925	850.7989264150943	850	1	0	0	0	0
2024-10-26 23:28:40	69.70502941153846	850.6690307692307	850	1	0	0	0	0
2024-10-26 23:28:50	69.710178786	850.2094589000001	850	1	0	0	0	0
2024-10-26 23:29:00	69.7127458	849.95628896	850	1	0	0	0	0
2024-10-26 23:29:10	69.7007614	850.6734337	850	1	0	0	0	0
2024-10-26 23:29:20	69.6939796	851.05413506	850	1	0	0	0	0
2024-10-26 23:29:30	69.69230209999999	851.0175952641509	850	1	0	0	0	0
2024-10-26 23:29:40	69.6799281	851.527405	850	1	0	0	0	0
2024-10-26 23:29:50	69.6786688	851.267656	850	1	0	0	0	0
2024-10-26 23:30:00	69.668578352	851.633016	850	1	0	0	0	0
2024-10-26 23:30:10	69.658695	851.86221	850	1	0	0	0	0
2024-10-26 23:30:20	69.644990634	852.1198380000001	850	1	0	0	0	0
2024-10-26 23:30:30	69.65492358490566	851.4507864150944	850	1	0	0	0	0
2024-10-26 23:30:40	69.65097666666666	851.1950333333333	850	1	0	0	0	0
2024-10-26 23:30:50	69.656352668	850.567066	850	1	0	0	0	0
2024-10-26 23:31:00	69.6553182	850.43777096	850	1	0	0	0	0
2024-10-26 23:31:10	69.66181527	850.03473748	850	1	0	0	0	0
2024-10-26 23:31:20	69.66934008199999	849.47045558	850	1	0	0	0	0
2024-10-26 23:31:30	69.66341169811321	849.4764212075472	850	1	0	0	0	0
2024-10-26 23:31:40	69.66816333333333	849.6442666666667	850	1	0	0	0	0
2024-10-26 23:31:50	69.670870448	849.6279620399999	850	1	0	0	0	0
2024-10-26 23:32:00	69.6894878	848.4636569200001	850	1	0	0	0	0
2024-10-26 23:32:10	69.7102362	847.174394	850	1	0	0	0	0
2024-10-26 23:32:20	69.72233010800001	847.227834	850	1	0	0	0	0
2024-10-26 23:32:30	69.72802377358491	847.7540852075472	850	1	0	0	0	0
2024-10-26 23:32:40	69.7343337387755	847.6928472653061	850	1	0	0	0	0
2024-10-26 23:32:50	69.746883744	847.46046908	850	1	0	0	0	0
2024-10-26 23:33:00	69.749378492	847.8220877800001	850	1	0	0	0	0
2024-10-26 23:33:10	69.75893873	847.8634084800001	850	1	0	0	0	0
2024-10-26 23:33:20	69.7699466	847.600376	850	1	0	0	0	0
2024-10-26 23:33:30	69.77429528301887	847.641041754717	850	1	0	0	0	0
2024-10-26 23:33:40	69.79227270212765	847.1474662765958	850	1	0	0	0	0
2024-10-26 23:33:50	69.7994886	847.35302782	850	1	0	0	0	0
2024-10-26 23:34:00	69.8142922	846.9013924	850	1	0	0	0	0
2024-10-26 23:34:10	69.8292074	846.813615	850	1	0	0	0	0
2024-10-26 23:34:20	69.84068332599999	846.7776282599999	850	1	0	0	0	0
2024-10-26 23:34:30	69.84870169433962	847.091380226415	850	1	0	0	0	0
2024-10-26 23:34:40	69.855273	847.3400196666666	850	1	0	0	0	0
2024-10-26 23:34:50	69.8721542	846.780076	850	1	0	0	0	0
2024-10-26 23:35:00	69.872765	847.4909799999999	850	1	0	0	0	0
2024-10-26 23:35:10	69.88444600000001	847.24126952	850	1	0	0	0	0
2024-10-26 23:35:20	69.889479674	847.57959708	850	1	0	0	0	0
2024-10-26 23:35:30	69.8940741509434	847.738037735849	850	1	0	0	0	0
2024-10-26 23:35:40	69.9005	847.8313333333333	850	1	0	0	0	0
2024-10-26 23:35:50	69.8977374	848.57399758	850	1	0	0	0	0
2024-10-26 23:36:00	69.90390260000001	848.46815936	850	1	0	0	0	0
2024-10-26 23:36:10	69.90984420000001	848.49428442	850	1	0	0	0	0
2024-10-26 23:36:20	69.9140814	848.507394	850	1	0	0	0	0
2024-10-26 23:36:30	69.91729331320755	848.8417058113207	850	1	0	0	0	0
2024-10-26 23:36:40	69.93179	848.1179806666667	850	1	0	0	0	0
2024-10-26 23:36:50	69.9468012	847.7368341399999	850	1	0	0	0	0
2024-10-26 23:37:00	69.9485684	847.9285206200001	850	1	0	0	0	0
2024-10-26 23:37:10	69.9531182	848.05351816	850	1	0	0	0	0
2024-10-26 23:37:20	69.954055552	848.43223158	850	1	0	0	0	0
2024-10-26 23:37:30	69.95150037735849	848.5803471698114	850	1	0	0	0	0
2024-10-26 23:37:40	69.95764	848.7844666666667	850	1	0	0	0	0
2024-10-26 23:37:50	69.9576892	848.98598996	850	1	0	0	0	0
2024-10-26 23:38:00	69.9639078	848.86856	850	1	0	0	0	0
2024-10-26 23:38:10	69.96648420000001	848.67285812	850	1	0	0	0	0
2024-10-26 23:38:20	69.960618604	849.6304	850	1	0	0	0	0
2024-10-26 23:38:30	69.9738152	849.2683396226415	850	1	0	0	0	0
2024-10-26 23:38:40	69.97559173913044	848.9559782608696	850	1	0	0	0	0
2024-10-26 23:38:50	69.980419596	848.89242684	850	1	0	0	0	0
2024-10-26 23:39:00	69.993630656	848.35808062	850	1	0	0	0	0
2024-10-26 23:39:10	69.9818204	849.4654439999999	850	1	0	0	0	0
2024-10-26 23:39:20	69.995868	848.647332	850	1	0	0	0	0
2024-10-26 23:39:30	70.00318091132075	848.3355121509434	850	1	0	0	0	0
2024-10-26 23:39:40	70.00919333333334	848.523606	850	1	0	0	0	0
2024-10-26 23:39:50	70.00796940000001	848.90273108	850	1	0	0	0	0
2024-10-26 23:40:00	70.013394374	848.9186034400001	850	1	0	0	0	0
2024-10-26 23:40:10	70.01706	848.6570320000001	850	1	0	0	0	0
2024-10-26 23:40:20	70.02577290800001	848.58535646	850	1	0	0	0	0
2024-10-26 23:40:30	70.02874874150943	848.763141509434	850	1	0	0	0	0
2024-10-26 23:40:40	70.03126	848.8016413333334	850	1	0	0	0	0
2024-10-26 23:40:50	70.03390967	849.1312439999999	850	1	0	0	0	0
2024-10-26 23:41:00	70.03048679999999	849.4472420000001	850	1	0	0	0	0
2024-10-26 23:41:10	70.040861	848.8434229999999	850	1	0	0	0	0
2024-10-26 23:41:20	70.044455562	848.97212372	850	1	0	0	0	0
2024-10-26 23:41:30	70.05309358490565	848.3107657924528	850	1	0	0	0	0
2024-10-26 23:41:40	70.05973610000001	848.5419	850	1	0	0	0	0
2024-10-26 23:41:50	70.076235092	847.82671604	850	1	0	0	0	0
2024-10-26 23:42:00	70.07979745600001	847.9895579	850	1	0	0	0	0
2024-10-26 23:42:10	70.0997584	847.3460081	850	1	0	0	0	0
2024-10-26 23:42:20	70.1033704	847.5612199999999	850	1	0	0	0	0
2024-10-26 23:42:30	70.10922679245283	847.8948909622642	850	1	0	0	0	0
2024-10-26 23:42:40	70.11907666666667	847.6010563333334	850	1	0	0	0	0
2024-10-26 23:42:50	70.125480188	847.60876182	850	1	0	0	0	0
2024-10-26 23:43:00	70.13687039999999	847.59257886	850	1	0	0	0	0
2024-10-26 23:43:10	70.064718848	852.814994	850	1	0	0	0	0
2024-10-26 23:43:20	70.02459736	854.58634264	850	1	0	0	0	0
2024-10-26 23:43:30	69.98776547169811	855.8403126792452	850	1	0	0	0	0
2024-10-26 23:43:40	69.96077666666666	856.2542666666667	850	1	0	0	0	0
2024-10-26 23:43:50	69.9264042	857.11582558	850	1	0	0	0	0
2024-10-26 23:44:00	69.8975996	857.378608	850	1	0	0	0	0
2024-10-26 23:44:10	69.868542344	857.55305986	850	1	0	0	0	0
2024-10-26 23:44:20	69.852431404	856.899176	850	1	0	0	0	0
2024-10-26 23:44:30	69.82397691509433	857.2865660377358	850	1	0	0	0	0
2024-10-26 23:44:40	69.78406333333334	858.0732666666667	850	1	0	0	0	0
2024-10-26 23:44:50	69.7558876	858.1381200000001	850	1	0	0	0	0
2024-10-26 23:45:00	69.73056898600001	858.02312208	850	1	0	0	0	0
2024-10-26 23:45:10	69.7038912	857.8172592999999	850	1	0	0	0	0
2024-10-26 23:45:20	69.68273880000001	857.383462	850	1	0	0	0	0
2024-10-26 23:45:30	69.66303566037735	857.5889916226415	850	1	0	0	0	0
2024-10-26 23:45:40	69.63458493333333	857.2355666666666	850	1	0	0	0	0
2024-10-26 23:45:50	69.607335366	857.5156394	850	1	0	0	0	0
2024-10-26 23:46:00	69.603190012	856.1393341200001	850	1	0	0	0	0
2024-10-26 23:46:10	69.63418779999999	852.6701991799999	850	1	0	0	0	0
2024-10-26 23:46:20	69.6569674	850.7184101199999	850	1	0	0	0	0
2024-10-26 23:46:30	69.71805556603773	846.5655100377357	850	1	0	0	0	0
2024-10-26 23:46:40	69.73390713333333	846.6074666666667	850	1	0	0	0	0
2024-10-26 23:46:50	69.7444962	846.6923439999999	850	1	0	0	0	0
2024-10-26 23:47:00	69.75454387399999	846.812872	850	1	0	0	0	0
2024-10-26 23:47:10	69.76741352600001	846.6474380000001	850	1	0	0	0	0
2024-10-26 23:47:20	69.76835433	847.31803116	850	1	0	0	0	0
2024-10-26 23:47:30	69.77679455283018	847.5395524528302	850	1	0	0	0	0
2024-10-26 23:47:40	69.77506666666667	848.071617	850	1	0	0	0	0
2024-10-26 23:47:50	69.7837844	847.8827647	850	1	0	0	0	0
2024-10-26 23:48:00	69.792297952	847.80908818	850	1	0	0	0	0
2024-10-26 23:48:10	69.80237699	847.727608	850	1	0	0	0	0
2024-10-26 23:48:20	69.8079804	847.8154979999999	850	1	0	0	0	0
2024-10-26 23:48:30	69.81451472727272	847.9752062181818	850	1	0	0	0	0
2024-10-26 23:48:40	69.817842	848.1210208	850	1	0	0	0	0
2024-10-26 23:48:50	69.82183520000001	848.3718459600001	850	1	0	0	0	0
2024-10-26 23:49:00	69.820277404	848.722844	850	1	0	0	0	0
2024-10-26 23:49:10	69.8267072	848.7183004	850	1	0	0	0	0
2024-10-26 23:49:20	69.8371942	848.3739069000001	850	1	0	0	0	0
2024-10-26 23:49:30	69.84714886792453	847.963058490566	850	1	0	0	0	0
2024-10-26 23:49:40	69.84214046666666	848.7731933333333	850	1	0	0	0	0
2024-10-26 23:49:50	69.8476356	848.71544064	850	1	0	0	0	0
2024-10-26 23:50:00	69.84999372200001	848.750634	850	1	0	0	0	0
2024-10-26 23:50:10	69.862969178	848.3995630000001	850	1	0	0	0	0
2024-10-26 23:50:20	69.868517	848.3417586200001	850	1	0	0	0	0
2024-10-26 23:50:30	69.86837849056604	849.0603987924528	850	1	0	0	0	0
2024-10-26 23:50:40	69.87038249423077	848.9290548076923	850	1	0	0	0	0
2024-10-26 23:50:50	69.880313	848.626454	850	1	0	0	0	0
2024-10-26 23:51:00	69.89255879999999	848.0698620000001	850	1	0	0	0	0
2024-10-26 23:51:10	69.8976116	848.24375598	850	1	0	0	0	0
2024-10-26 23:51:20	69.902898	848.23303804	850	1	0	0	0	0
2024-10-26 23:51:30	69.90821509433962	848.3749571886792	850	1	0	0	0	0
2024-10-26 23:51:40	69.91269132708334	848.3830937500001	850	1	0	0	0	0
2024-10-26 23:51:50	69.913912	848.65334404	850	1	0	0	0	0
2024-10-26 23:52:00	69.925074	848.29206938	850	1	0	0	0	0
2024-10-26 23:52:10	69.92898513	848.400922	850	1	0	0	0	0
2024-10-26 23:52:20	69.9276174	848.87932796	850	1	0	0	0	0
2024-10-26 23:52:30	69.94002358490566	848.5747706037736	850	1	0	0	0	0
2024-10-26 23:52:40	69.94514529411765	848.3113153529412	850	1	0	0	0	0
2024-10-26 23:52:50	69.944729308	848.63935434	850	1	0	0	0	0
2024-10-26 23:53:00	69.94587899999999	848.905114	850	1	0	0	0	0
2024-10-26 23:53:10	69.95875037799999	848.3526601	850	1	0	0	0	0
2024-10-26 23:53:20	69.9650656	848.447678	850	1	0	0	0	0
2024-10-26 23:53:30	69.96454481481481	848.6821475	850	1	0	0	0	0
2024-10-26 23:53:40	69.96607238461539	848.866523076923	850	1	0	0	0	0
2024-10-26 23:53:50	69.97366916200001	848.4969860000001	850	1	0	0	0	0
2024-10-26 23:54:00	69.971345862	848.93330508	850	1	0	0	0	0
2024-10-26 23:54:10	69.9764408	848.8726340000001	850	1	0	0	0	0
2024-10-26 23:54:20	69.9856954	848.59969562	850	1	0	0	0	0
2024-10-26 23:54:30	69.98737547169812	848.7539756415094	850	1	0	0	0	0
2024-10-26 23:54:40	69.99684333333333	848.4197613333333	850	1	0	0	0	0
2024-10-26 23:54:50	69.999867434	848.482834	850	1	0	0	0	0
2024-10-26 23:55:00	70.0077442	848.345732	850	1	0	0	0	0
2024-10-26 23:55:10	70.0121104	848.4972620000001	850	1	0	0	0	0
2024-10-26 23:55:20	70.010403142	848.83594092	850	1	0	0	0	0
2024-10-26 23:55:30	70.02515	848.3961603773585	850	1	0	0	0	0
2024-10-26 23:55:40	70.03193138076924	848.1751753461539	850	1	0	0	0	0
2024-10-26 23:55:50	70.03916510799999	848.06979212	850	1	0	0	0	0
2024-10-26 23:56:00	70.035217604	848.6453916	850	1	0	0	0	0
2024-10-26 23:56:10	70.04539643000001	848.40237336	850	1	0	0	0	0
2024-10-26 23:56:20	70.057517352	848.077992	850	1	0	0	0	0
2024-10-26 23:56:30	70.07180547169811	847.5951528301887	850	1	0	0	0	0
2024-10-26 23:56:40	70.07805286666667	847.6387	850	1	0	0	0	0
2024-10-26 23:56:50	70.082767218	847.96500952	850	1	0	0	0	0
2024-10-26 23:57:00	70.0892406	848.062242	850	1	0	0	0	0
2024-10-26 23:57:10	70.1021518	847.7109108	850	1	0	0	0	0
2024-10-26 23:57:20	70.1073622	847.806014	850	1	0	0	0	0
2024-10-26 23:57:30	70.10500207547169	848.441765735849	850	1	0	0	0	0
2024-10-26 23:57:40	70.11129333333334	848.3579	850	1	0	0	0	0
2024-10-26 23:57:50	70.11442799999999	848.50757004	850	1	0	0	0	0
2024-10-26 23:58:00	70.1108742	849.032134	850	1	0	0	0	0
2024-10-26 23:58:10	70.112616988	848.9817879999999	850	1	0	0	0	0
2024-10-26 23:58:20	70.11570295199999	849.13671716	850	1	0	0	0	0
2024-10-26 23:58:30	70.12031169811321	849.1202076226415	850	1	0	0	0	0
2024-10-26 23:58:40	70.11209699999999	849.7537876666667	850	1	0	0	0	0
2024-10-26 23:58:50	70.12043741400001	849.23599256	850	1	0	0	0	0
2024-10-26 23:59:00	70.127286378	848.8307544	850	1	0	0	0	0
2024-10-26 23:59:10	70.1363886	848.563576	850	1	0	0	0	0
2024-10-26 23:59:20	70.14335800399999	848.555368	850	1	0	0	0	0
2024-10-26 23:59:30	70.16080754716981	847.6247830188679	850	1	0	0	0	0
2024-10-26 23:59:40	70.16915166666666	847.7227666666666	850	1	0	0	0	0
2024-10-26 23:59:50	70.1862302	847.213662	850	1	0	0	0	0
2024-10-27 00:00:00	70.19928519999999	847.00652088	850	1	0	0	0	0
