PROCESSDATA	2#CDU.7040-311_FIC31102 Data	yyyy-MM-dd HH:mm:ss
8	10	2024-06-27 21:55:00	751
tagname	LYCDU.CDU.7040-311_FIC31102.MV	LYCDU.CDU.7040-311_FIC31102.PV	LYCDU.CDU.7040-311_FIC31102.SV	LYCDU.CDU.7040-311_FIC31102.MODE	bOpOFL	bPvOFL	bSpOFL	bAutOFL
desc	过热蒸汽入C_301线_OP	过热蒸汽入C_301线_PV	过热蒸汽入C_301线_SP	Aut	bOpOFL	bPvOFL	bSpOFL	bAutOFL
fsMax=1.340597	fsMin=0	fsGridNum=10	fdMax=1.340597tfdMin=0	fdGridNum=10	v0GridNum=10	L=24
2024-06-27 21:55:00	5.161448	0.3034303	0.3038403	1	0	0	0	0
2024-06-27 21:55:10	5.161448	0.3036972	0.3038403	1	0	0	0	0
2024-06-27 21:55:20	5.161448	0.3036972	0.3038403	1	0	0	0	0
2024-06-27 21:55:30	5.161448	0.3036083	0.3038403	1	0	0	0	0
2024-06-27 21:55:40	5.161448	0.3036083	0.3038403	1	0	0	0	0
2024-06-27 21:55:50	5.161448	0.3036083	0.3038403	1	0	0	0	0
2024-06-27 21:56:00	5.161448	0.3036083	0.3038403	1	0	0	0	0
2024-06-27 21:56:10	5.161448	0.3036083	0.3038403	1	0	0	0	0
2024-06-27 21:56:20	5.161448	0.3036083	0.3038403	1	0	0	0	0
2024-06-27 21:56:30	5.161448	0.3036083	0.3038403	1	0	0	0	0
2024-06-27 21:56:40	5.161448	0.3036083	0.3038403	1	0	0	0	0
2024-06-27 21:56:50	5.161448	0.3037861	0.3038403	1	0	0	0	0
2024-06-27 21:57:00	5.161448	0.3037861	0.3038403	1	0	0	0	0
2024-06-27 21:57:10	5.161448	0.3036083	0.3038403	1	0	0	0	0
2024-06-27 21:57:20	5.161448	0.3036083	0.3038403	1	0	0	0	0
2024-06-27 21:57:30	5.161448	0.3037861	0.3038403	1	0	0	0	0
2024-06-27 21:57:40	5.161448	0.3036083	0.3038403	1	0	0	0	0
2024-06-27 21:57:50	5.161448	0.3037861	0.3038403	1	0	0	0	0
2024-06-27 21:58:00	5.161448	0.3037861	0.3038403	1	0	0	0	0
2024-06-27 21:58:10	5.161448	0.3036083	0.3038403	1	0	0	0	0
2024-06-27 21:58:20	5.161448	0.3036083	0.3038403	1	0	0	0	0
2024-06-27 21:58:30	5.161448	0.3036083	0.3038403	1	0	0	0	0
2024-06-27 21:58:40	5.161448	0.3036083	0.3038403	1	0	0	0	0
2024-06-27 21:58:50	5.161448	0.3036083	0.3038403	1	0	0	0	0
2024-06-27 21:59:00	5.161448	0.3036083	0.3038403	1	0	0	0	0
2024-06-27 21:59:10	5.161448	0.3036083	0.3038403	1	0	0	0	0
2024-06-27 21:59:20	5.161448	0.3036083	0.3038403	1	0	0	0	0
2024-06-27 21:59:30	5.161448	0.3036083	0.3038403	1	0	0	0	0
2024-06-27 21:59:40	5.161448	0.3036083	0.3038403	1	0	0	0	0
2024-06-27 21:59:50	5.161448	0.3036083	0.3038403	1	0	0	0	0
2024-06-27 22:00:00	5.161448	0.3036083	0.3038403	1	0	0	0	0
2024-06-27 22:00:10	5.161448	0.3036083	0.3038403	1	0	0	0	0
2024-06-27 22:00:20	5.161448	0.3036083	0.3038403	1	0	0	0	0
2024-06-27 22:00:30	5.161448	0.3036083	0.3038403	1	0	0	0	0
2024-06-27 22:00:40	5.161448	0.3036083	0.3038403	1	0	0	0	0
2024-06-27 22:00:50	5.161448	0.3036083	0.3038403	1	0	0	0	0
2024-06-27 22:01:00	5.161448	0.3032522	0.3038403	1	0	0	0	0
2024-06-27 22:01:10	5.161448	0.3036083	0.3038403	1	0	0	0	0
2024-06-27 22:01:20	5.161448	0.3032522	0.3038403	1	0	0	0	0
2024-06-27 22:01:30	5.161448	0.3030742	0.3038403	1	0	0	0	0
2024-06-27 22:01:40	5.161448	0.3030742	0.3038403	1	0	0	0	0
2024-06-27 22:01:50	5.161448	0.3034303	0.3038403	1	0	0	0	0
2024-06-27 22:02:00	5.161448	0.3034303	0.3038403	1	0	0	0	0
2024-06-27 22:02:10	5.161448	0.3034303	0.3038403	1	0	0	0	0
2024-06-27 22:02:20	5.161448	0.3036081	0.3038403	1	0	0	0	0
2024-06-27 22:02:30	5.161448	0.3036081	0.3038403	1	0	0	0	0
2024-06-27 22:02:40	5.161448	0.3030742	0.3038403	1	0	0	0	0
2024-06-27 22:02:50	5.161448	0.302896	0.3038403	1	0	0	0	0
2024-06-27 22:03:00	5.161448	0.3028069	0.3038403	1	0	0	0	0
2024-06-27 22:03:10	5.161448	0.3028069	0.3038403	1	0	0	0	0
2024-06-27 22:03:20	5.161448	0.3026285	0.3038403	1	0	0	0	0
2024-06-27 22:03:30	5.161448	0.3026285	0.3038403	1	0	0	0	0
2024-06-27 22:03:40	5.161448	0.3026285	0.3038403	1	0	0	0	0
2024-06-27 22:03:50	5.161448	0.3028069	0.3038403	1	0	0	0	0
2024-06-27 22:04:00	5.161448	0.3028069	0.3038403	1	0	0	0	0
2024-06-27 22:04:10	5.161448	0.3028069	0.3038403	1	0	0	0	0
2024-06-27 22:04:20	5.161448	0.3028069	0.3038403	1	0	0	0	0
2024-06-27 22:04:30	5.161448	0.3028069	0.3038403	1	0	0	0	0
2024-06-27 22:04:40	5.161448	0.3028069	0.3038403	1	0	0	0	0
2024-06-27 22:04:50	5.161448	0.3028069	0.3038403	1	0	0	0	0
2024-06-27 22:05:00	5.161448	0.3027177	0.3038403	1	0	0	0	0
2024-06-27 22:05:10	5.161448	0.3025393	0.3038403	1	0	0	0	0
2024-06-27 22:05:20	5.161448	0.3027177	0.3038403	1	0	0	0	0
2024-06-27 22:05:30	5.161448	0.3028069	0.3038403	1	0	0	0	0
2024-06-27 22:05:40	5.161448	0.3028069	0.3038403	1	0	0	0	0
2024-06-27 22:05:50	5.161448	0.3028069	0.3038403	1	0	0	0	0
2024-06-27 22:06:00	5.161448	0.3028069	0.3038403	1	0	0	0	0
2024-06-27 22:06:10	5.161448	0.3028069	0.3038403	1	0	0	0	0
2024-06-27 22:06:20	5.161448	0.3028069	0.3038403	1	0	0	0	0
2024-06-27 22:06:30	5.161448	0.302896	0.3038403	1	0	0	0	0
2024-06-27 22:06:40	5.161448	0.3030742	0.3038403	1	0	0	0	0
2024-06-27 22:06:50	5.161448	0.3034303	0.3038403	1	0	0	0	0
2024-06-27 22:07:00	5.178537	0.3036083	0.3038403	1	0	0	0	0
2024-06-27 22:07:10	5.178537	0.3036083	0.3038403	1	0	0	0	0
2024-06-27 22:07:20	5.212718	0.3036083	0.3038403	1	0	0	0	0
2024-06-27 22:07:30	5.212718	0.3036083	0.3038403	1	0	0	0	0
2024-06-27 22:07:40	5.212718	0.3036083	0.3038403	1	0	0	0	0
2024-06-27 22:07:50	5.212718	0.3032522	0.3038403	1	0	0	0	0
2024-06-27 22:08:00	5.212718	0.3032522	0.3038403	1	0	0	0	0
2024-06-27 22:08:10	5.212718	0.3036083	0.3038403	1	0	0	0	0
2024-06-27 22:08:20	5.212718	0.3039637	0.3038403	1	0	0	0	0
2024-06-27 22:08:30	5.212718	0.3039637	0.3038403	1	0	0	0	0
2024-06-27 22:08:40	5.212718	0.3039637	0.3038403	1	0	0	0	0
2024-06-27 22:08:50	5.212718	0.3037861	0.3038403	1	0	0	0	0
2024-06-27 22:09:00	5.212718	0.303875	0.3038403	1	0	0	0	0
2024-06-27 22:09:10	5.212718	0.303875	0.3038403	1	0	0	0	0
2024-06-27 22:09:20	5.212718	0.303875	0.3038403	1	0	0	0	0
2024-06-27 22:09:30	5.212718	0.303875	0.3038403	1	0	0	0	0
2024-06-27 22:09:40	5.212718	0.303875	0.3038403	1	0	0	0	0
2024-06-27 22:09:50	5.212718	0.303875	0.3038403	1	0	0	0	0
2024-06-27 22:10:00	5.212718	0.303875	0.3038403	1	0	0	0	0
2024-06-27 22:10:10	5.212718	0.3037861	0.3038403	1	0	0	0	0
2024-06-27 22:10:20	5.212718	0.3036083	0.3038403	1	0	0	0	0
2024-06-27 22:10:30	5.212718	0.3036083	0.3038403	1	0	0	0	0
2024-06-27 22:10:40	5.212718	0.3036083	0.3038403	1	0	0	0	0
2024-06-27 22:10:50	5.212718	0.3036083	0.3038403	1	0	0	0	0
2024-06-27 22:11:00	5.212718	0.3036083	0.3038403	1	0	0	0	0
2024-06-27 22:11:10	5.212718	0.3036083	0.3038403	1	0	0	0	0
2024-06-27 22:11:20	5.212718	0.3036083	0.3038403	1	0	0	0	0
2024-06-27 22:11:30	5.212718	0.3034303	0.3038403	1	0	0	0	0
2024-06-27 22:11:40	5.212718	0.3030742	0.3038403	1	0	0	0	0
2024-06-27 22:11:50	5.212718	0.3034303	0.3038403	1	0	0	0	0
2024-06-27 22:12:00	5.212718	0.3036083	0.3038403	1	0	0	0	0
2024-06-27 22:12:10	5.212718	0.3036083	0.3038403	1	0	0	0	0
2024-06-27 22:12:20	5.212718	0.3036083	0.3038403	1	0	0	0	0
2024-06-27 22:12:30	5.212718	0.303074	0.3038403	1	0	0	0	0
2024-06-27 22:12:40	5.212718	0.3030742	0.3038403	1	0	0	0	0
2024-06-27 22:12:50	5.212718	0.302896	0.3038403	1	0	0	0	0
2024-06-27 22:13:00	5.212718	0.3028069	0.3038403	1	0	0	0	0
2024-06-27 22:13:10	5.212718	0.3028069	0.3038403	1	0	0	0	0
2024-06-27 22:13:20	5.212718	0.3029851	0.3038403	1	0	0	0	0
2024-06-27 22:13:30	5.212718	0.3030742	0.3038403	1	0	0	0	0
2024-06-27 22:13:40	5.212718	0.3030742	0.3038403	1	0	0	0	0
2024-06-27 22:13:50	5.212718	0.3030742	0.3038403	1	0	0	0	0
2024-06-27 22:14:00	5.212718	0.302896	0.3038403	1	0	0	0	0
2024-06-27 22:14:10	5.212718	0.3028069	0.3038403	1	0	0	0	0
2024-06-27 22:14:20	5.212718	0.3028069	0.3038403	1	0	0	0	0
2024-06-27 22:14:30	5.212718	0.3028069	0.3038403	1	0	0	0	0
2024-06-27 22:14:40	5.212718	0.3028069	0.3038403	1	0	0	0	0
2024-06-27 22:14:50	5.212718	0.3028069	0.3038403	1	0	0	0	0
2024-06-27 22:15:00	5.212718	0.3028069	0.3038403	1	0	0	0	0
2024-06-27 22:15:10	5.212718	0.3028069	0.3038403	1	0	0	0	0
2024-06-27 22:15:20	5.246986	0.3028069	0.3038403	1	0	0	0	0
2024-06-27 22:15:30	5.264121	0.3028069	0.3038403	1	0	0	0	0
2024-06-27 22:15:40	5.264121	0.3028069	0.3038403	1	0	0	0	0
2024-06-27 22:15:50	5.264121	0.3028069	0.3038403	1	0	0	0	0
2024-06-27 22:16:00	5.264121	0.3028069	0.3038403	1	0	0	0	0
2024-06-27 22:16:10	5.264121	0.3028069	0.3038403	1	0	0	0	0
2024-06-27 22:16:20	5.264121	0.3028069	0.3038403	1	0	0	0	0
2024-06-27 22:16:30	5.264121	0.3028069	0.3038403	1	0	0	0	0
2024-06-27 22:16:40	5.264121	0.3028069	0.3038403	1	0	0	0	0
2024-06-27 22:16:50	5.264121	0.3028069	0.3038403	1	0	0	0	0
2024-06-27 22:17:00	5.264121	0.3028069	0.3038403	1	0	0	0	0
2024-06-27 22:17:10	5.264121	0.3028069	0.3038403	1	0	0	0	0
2024-06-27 22:17:20	5.264121	0.3028069	0.3038403	1	0	0	0	0
2024-06-27 22:17:30	5.264121	0.3028069	0.3038403	1	0	0	0	0
2024-06-27 22:17:40	5.264121	0.3028069	0.3038403	1	0	0	0	0
2024-06-27 22:17:50	5.264121	0.3028069	0.3038403	1	0	0	0	0
2024-06-27 22:18:00	5.264121	0.3028069	0.3038403	1	0	0	0	0
2024-06-27 22:18:10	5.264121	0.3028069	0.3038403	1	0	0	0	0
2024-06-27 22:18:20	5.264121	0.3028069	0.3038403	1	0	0	0	0
2024-06-27 22:18:30	5.264121	0.3026284	0.3038403	1	0	0	0	0
2024-06-27 22:18:40	5.264121	0.3022714	0.3038403	1	0	0	0	0
2024-06-27 22:18:50	5.264121	0.3020927	0.3038403	1	0	0	0	0
2024-06-27 22:19:00	5.264121	0.3020927	0.3038403	1	0	0	0	0
2024-06-27 22:19:10	5.282083	0.3020033	0.3038403	1	0	0	0	0
2024-06-27 22:19:20	5.318007	0.3023606	0.3038403	1	0	0	0	0
2024-06-27 22:19:30	5.318007	0.30245	0.3038403	1	0	0	0	0
2024-06-27 22:19:40	5.318007	0.3022714	0.3038403	1	0	0	0	0
2024-06-27 22:19:50	5.318007	0.30245	0.3038403	1	0	0	0	0
2024-06-27 22:20:00	5.318007	0.3026285	0.3038403	1	0	0	0	0
2024-06-27 22:20:10	5.318007	0.3028069	0.3038403	1	0	0	0	0
2024-06-27 22:20:20	5.318007	0.3024499	0.3038403	1	0	0	0	0
2024-06-27 22:20:30	5.318007	0.3024499	0.3038403	1	0	0	0	0
2024-06-27 22:20:40	5.318007	0.3023607	0.3038403	1	0	0	0	0
2024-06-27 22:20:50	5.318007	0.3027177	0.3038403	1	0	0	0	0
2024-06-27 22:21:00	5.318007	0.3027177	0.3038403	1	0	0	0	0
2024-06-27 22:21:10	5.318007	0.3025393	0.3038403	1	0	0	0	0
2024-06-27 22:21:20	5.318007	0.3027177	0.3038403	1	0	0	0	0
2024-06-27 22:21:30	5.318007	0.3028069	0.3038403	1	0	0	0	0
2024-06-27 22:21:40	5.318007	0.3028069	0.3038403	1	0	0	0	0
2024-06-27 22:21:50	5.318007	0.3028069	0.3038403	1	0	0	0	0
2024-06-27 22:22:00	5.318007	0.3028069	0.3038403	1	0	0	0	0
2024-06-27 22:22:10	5.318007	0.3028069	0.3038403	1	0	0	0	0
2024-06-27 22:22:20	5.351654	0.3028069	0.3038403	1	0	0	0	0
2024-06-27 22:22:30	5.368477	0.3028069	0.3038403	1	0	0	0	0
2024-06-27 22:22:40	5.368477	0.3028069	0.3038403	1	0	0	0	0
2024-06-27 22:22:50	5.368477	0.3028069	0.3038403	1	0	0	0	0
2024-06-27 22:23:00	5.368477	0.3028069	0.3038403	1	0	0	0	0
2024-06-27 22:23:10	5.368477	0.3028069	0.3038403	1	0	0	0	0
2024-06-27 22:23:20	5.368477	0.3028069	0.3038403	1	0	0	0	0
2024-06-27 22:23:30	5.368477	0.3028069	0.3038403	1	0	0	0	0
2024-06-27 22:23:40	5.368477	0.3028069	0.3038403	1	0	0	0	0
2024-06-27 22:23:50	5.368477	0.3028069	0.3038403	1	0	0	0	0
2024-06-27 22:24:00	5.368477	0.3028069	0.3038403	1	0	0	0	0
2024-06-27 22:24:10	5.368477	0.3028069	0.3038403	1	0	0	0	0
2024-06-27 22:24:20	5.368477	0.3028069	0.3038403	1	0	0	0	0
2024-06-27 22:24:30	5.368477	0.3028069	0.3038403	1	0	0	0	0
2024-06-27 22:24:40	5.368477	0.3028069	0.3038403	1	0	0	0	0
2024-06-27 22:24:50	5.368477	0.3028069	0.3038403	1	0	0	0	0
2024-06-27 22:25:00	5.368477	0.3028069	0.3038403	1	0	0	0	0
2024-06-27 22:25:10	5.368477	0.3028069	0.3038403	1	0	0	0	0
2024-06-27 22:25:20	5.368477	0.3028069	0.3038403	1	0	0	0	0
2024-06-27 22:25:30	5.368477	0.3028069	0.3038403	1	0	0	0	0
2024-06-27 22:25:40	5.368477	0.3028069	0.3038403	1	0	0	0	0
2024-06-27 22:25:50	5.368477	0.3028069	0.3038403	1	0	0	0	0
2024-06-27 22:26:00	5.368477	0.3028069	0.3038403	1	0	0	0	0
2024-06-27 22:26:10	5.421329	0.3028069	0.3038403	1	0	0	0	0
2024-06-27 22:26:20	5.421329	0.3028069	0.3038403	1	0	0	0	0
2024-06-27 22:26:30	5.421329	0.3028069	0.3038403	1	0	0	0	0
2024-06-27 22:26:40	5.421329	0.3028069	0.3038403	1	0	0	0	0
2024-06-27 22:26:50	5.421329	0.3028069	0.3038403	1	0	0	0	0
2024-06-27 22:27:00	5.421329	0.3028069	0.3038403	1	0	0	0	0
2024-06-27 22:27:10	5.421329	0.3028069	0.3038403	1	0	0	0	0
2024-06-27 22:27:20	5.421329	0.3028069	0.3038403	1	0	0	0	0
2024-06-27 22:27:30	5.421329	0.3028069	0.3038403	1	0	0	0	0
2024-06-27 22:27:40	5.421329	0.3028069	0.3038403	1	0	0	0	0
2024-06-27 22:27:50	5.421329	0.3028069	0.3038403	1	0	0	0	0
2024-06-27 22:28:00	5.421329	0.3026284	0.3038403	1	0	0	0	0
2024-06-27 22:28:10	5.421329	0.3022714	0.3038403	1	0	0	0	0
2024-06-27 22:28:20	5.421329	0.30245	0.3038403	1	0	0	0	0
2024-06-27 22:28:30	5.421329	0.3026285	0.3038403	1	0	0	0	0
2024-06-27 22:28:40	5.421329	0.3026285	0.3038403	1	0	0	0	0
2024-06-27 22:28:50	5.421329	0.3028069	0.3038403	1	0	0	0	0
2024-06-27 22:29:00	5.421329	0.3027177	0.3038403	1	0	0	0	0
2024-06-27 22:29:10	5.421329	0.3025393	0.3038403	1	0	0	0	0
2024-06-27 22:29:20	5.455112	0.3025393	0.3038403	1	0	0	0	0
2024-06-27 22:29:30	5.472004	0.3026285	0.3038403	1	0	0	0	0
2024-06-27 22:29:40	5.472004	0.3028069	0.3038403	1	0	0	0	0
2024-06-27 22:29:50	5.472004	0.3028069	0.3038403	1	0	0	0	0
2024-06-27 22:30:00	5.472004	0.3026285	0.3038403	1	0	0	0	0
2024-06-27 22:30:10	5.472004	0.3028069	0.3038403	1	0	0	0	0
2024-06-27 22:30:20	5.472004	0.3024499	0.3038403	1	0	0	0	0
2024-06-27 22:30:30	5.472004	0.3024499	0.3038403	1	0	0	0	0
2024-06-27 22:30:40	5.472004	0.3028069	0.3038403	1	0	0	0	0
2024-06-27 22:30:50	5.472004	0.3028069	0.3038403	1	0	0	0	0
2024-06-27 22:31:00	5.472004	0.3028069	0.3038403	1	0	0	0	0
2024-06-27 22:31:10	5.472004	0.3026284	0.3038403	1	0	0	0	0
2024-06-27 22:31:20	5.472004	0.3026284	0.3038403	1	0	0	0	0
2024-06-27 22:31:30	5.472004	0.3027177	0.3038403	1	0	0	0	0
2024-06-27 22:31:40	5.472004	0.3025393	0.3038403	1	0	0	0	0
2024-06-27 22:31:50	5.472004	0.3027177	0.3038403	1	0	0	0	0
2024-06-27 22:32:00	5.472004	0.3028069	0.3038403	1	0	0	0	0
2024-06-27 22:32:10	5.472004	0.3028069	0.3038403	1	0	0	0	0
2024-06-27 22:32:20	5.472004	0.3028069	0.3038403	1	0	0	0	0
2024-06-27 22:32:30	5.472004	0.3028069	0.3038403	1	0	0	0	0
2024-06-27 22:32:40	5.488919	0.3028069	0.3038403	1	0	0	0	0
2024-06-27 22:32:50	5.522748	0.3028069	0.3038403	1	0	0	0	0
2024-06-27 22:33:00	5.522748	0.3028069	0.3038403	1	0	0	0	0
2024-06-27 22:33:10	5.522748	0.3028069	0.3038403	1	0	0	0	0
2024-06-27 22:33:20	5.522748	0.3028069	0.3038403	1	0	0	0	0
2024-06-27 22:33:30	5.522748	0.3028069	0.3038403	1	0	0	0	0
2024-06-27 22:33:40	5.522748	0.3028069	0.3038403	1	0	0	0	0
2024-06-27 22:33:50	5.522748	0.3028069	0.3038403	1	0	0	0	0
2024-06-27 22:34:00	5.522748	0.3028069	0.3038403	1	0	0	0	0
2024-06-27 22:34:10	5.522748	0.3028069	0.3038403	1	0	0	0	0
2024-06-27 22:34:20	5.522748	0.3028069	0.3038403	1	0	0	0	0
2024-06-27 22:34:30	5.522748	0.3028069	0.3038403	1	0	0	0	0
2024-06-27 22:34:40	5.522748	0.3028069	0.3038403	1	0	0	0	0
2024-06-27 22:34:50	5.522748	0.3028069	0.3038403	1	0	0	0	0
2024-06-27 22:35:00	5.522748	0.3028069	0.3038403	1	0	0	0	0
2024-06-27 22:35:10	5.522748	0.3028069	0.3038403	1	0	0	0	0
2024-06-27 22:35:20	5.522748	0.3028069	0.3038403	1	0	0	0	0
2024-06-27 22:35:30	5.522748	0.3027177	0.3038403	1	0	0	0	0
2024-06-27 22:35:40	5.522748	0.3025393	0.3038403	1	0	0	0	0
2024-06-27 22:35:50	5.522748	0.3027177	0.3038403	1	0	0	0	0
2024-06-27 22:36:00	5.522748	0.3028069	0.3038403	1	0	0	0	0
2024-06-27 22:36:10	5.522748	0.3028069	0.3038403	1	0	0	0	0
2024-06-27 22:36:20	5.522748	0.3028069	0.3038403	1	0	0	0	0
2024-06-27 22:36:30	5.522748	0.3028069	0.3038403	1	0	0	0	0
2024-06-27 22:36:40	5.539591	0.3028069	0.3038403	1	0	0	0	0
2024-06-27 22:36:50	5.573277	0.3028069	0.3038403	1	0	0	0	0
2024-06-27 22:37:00	5.573277	0.3028069	0.3038403	1	0	0	0	0
2024-06-27 22:37:10	5.573277	0.3028069	0.3038403	1	0	0	0	0
2024-06-27 22:37:20	5.573277	0.3028069	0.3038403	1	0	0	0	0
2024-06-27 22:37:30	5.573277	0.3028069	0.3038403	1	0	0	0	0
2024-06-27 22:37:40	5.573277	0.3028069	0.3038403	1	0	0	0	0
2024-06-27 22:37:50	5.573277	0.3028069	0.3038403	1	0	0	0	0
2024-06-27 22:38:00	5.573277	0.3028069	0.3038403	1	0	0	0	0
2024-06-27 22:38:10	5.573277	0.3028069	0.3038403	1	0	0	0	0
2024-06-27 22:38:20	5.573277	0.3028069	0.3038403	1	0	0	0	0
2024-06-27 22:38:30	5.573277	0.3028069	0.3038403	1	0	0	0	0
2024-06-27 22:38:40	5.573277	0.3028069	0.3038403	1	0	0	0	0
2024-06-27 22:38:50	5.573277	0.3028069	0.3038403	1	0	0	0	0
2024-06-27 22:39:00	5.573277	0.3028069	0.3038403	1	0	0	0	0
2024-06-27 22:39:10	5.573277	0.3028069	0.3038403	1	0	0	0	0
2024-06-27 22:39:20	5.573277	0.3028069	0.3038403	1	0	0	0	0
2024-06-27 22:39:30	5.573277	0.3025393	0.3038403	1	0	0	0	0
2024-06-27 22:39:40	5.573277	0.3025393	0.3038403	1	0	0	0	0
2024-06-27 22:39:50	5.573277	0.3027177	0.3038403	1	0	0	0	0
2024-06-27 22:40:00	5.590331	0.3028069	0.3038403	1	0	0	0	0
2024-06-27 22:40:10	5.624438	0.3028069	0.3038403	1	0	0	0	0
2024-06-27 22:40:20	5.624438	0.3028069	0.3038403	1	0	0	0	0
2024-06-27 22:40:30	5.624438	0.3028069	0.3038403	1	0	0	0	0
2024-06-27 22:40:40	5.624438	0.3028069	0.3038403	1	0	0	0	0
2024-06-27 22:40:50	5.624438	0.3024499	0.3038403	1	0	0	0	0
2024-06-27 22:41:00	5.624438	0.3023607	0.3038403	1	0	0	0	0
2024-06-27 22:41:10	5.624438	0.3025393	0.3038403	1	0	0	0	0
2024-06-27 22:41:20	5.624438	0.3027177	0.3038403	1	0	0	0	0
2024-06-27 22:41:30	5.624438	0.3027177	0.3038403	1	0	0	0	0
2024-06-27 22:41:40	5.624438	0.3028069	0.3038403	1	0	0	0	0
2024-06-27 22:41:50	5.624438	0.3026285	0.3038403	1	0	0	0	0
2024-06-27 22:42:00	5.624438	0.3025393	0.3038403	1	0	0	0	0
2024-06-27 22:42:10	5.624438	0.3025393	0.3038403	1	0	0	0	0
2024-06-27 22:42:20	5.624438	0.3025393	0.3038403	1	0	0	0	0
2024-06-27 22:42:30	5.624438	0.30245	0.3038403	1	0	0	0	0
2024-06-27 22:42:40	5.624438	0.3022714	0.3038403	1	0	0	0	0
2024-06-27 22:42:50	5.624438	0.3022714	0.3038403	1	0	0	0	0
2024-06-27 22:43:00	5.624438	0.30245	0.3038403	1	0	0	0	0
2024-06-27 22:43:10	5.624438	0.3025393	0.3038403	1	0	0	0	0
2024-06-27 22:43:20	5.659293	0.3023607	0.3038403	1	0	0	0	0
2024-06-27 22:43:30	5.67672	0.3022714	0.3038403	1	0	0	0	0
2024-06-27 22:43:40	5.67672	0.3022714	0.3038403	1	0	0	0	0
2024-06-27 22:43:50	5.67672	0.3022714	0.3038403	1	0	0	0	0
2024-06-27 22:44:00	5.67672	0.30245	0.3038403	1	0	0	0	0
2024-06-27 22:44:10	5.67672	0.3022714	0.3038403	1	0	0	0	0
2024-06-27 22:44:20	5.67672	0.30245	0.3038403	1	0	0	0	0
2024-06-27 22:44:30	5.67672	0.3025393	0.3038403	1	0	0	0	0
2024-06-27 22:44:40	5.67672	0.3025393	0.3038403	1	0	0	0	0
2024-06-27 22:44:50	5.67672	0.3025393	0.3038403	1	0	0	0	0
2024-06-27 22:45:00	5.67672	0.3025393	0.3038403	1	0	0	0	0
2024-06-27 22:45:10	5.67672	0.3025393	0.3038403	1	0	0	0	0
2024-06-27 22:45:20	5.67672	0.3025393	0.3038403	1	0	0	0	0
2024-06-27 22:45:30	5.67672	0.3022714	0.3038403	1	0	0	0	0
2024-06-27 22:45:40	5.67672	0.3022714	0.3038403	1	0	0	0	0
2024-06-27 22:45:50	5.67672	0.3022714	0.3038403	1	0	0	0	0
2024-06-27 22:46:00	5.694434	0.3022714	0.3038403	1	0	0	0	0
2024-06-27 22:46:10	5.729862	0.3022714	0.3038403	1	0	0	0	0
2024-06-27 22:46:20	5.729862	0.3022714	0.3038403	1	0	0	0	0
2024-06-27 22:46:30	5.729862	0.3022714	0.3038403	1	0	0	0	0
2024-06-27 22:46:40	5.729862	0.3025393	0.3038403	1	0	0	0	0
2024-06-27 22:46:50	5.729862	0.3023607	0.3038403	1	0	0	0	0
2024-06-27 22:47:00	5.729862	0.3024499	0.3038403	1	0	0	0	0
2024-06-27 22:47:10	5.729862	0.3028069	0.3038403	1	0	0	0	0
2024-06-27 22:47:20	5.729862	0.3024499	0.3038403	1	0	0	0	0
2024-06-27 22:47:30	5.729862	0.3022714	0.3038403	1	0	0	0	0
2024-06-27 22:47:40	5.729862	0.3022714	0.3038403	1	0	0	0	0
2024-06-27 22:47:50	5.729862	0.3022714	0.3038403	1	0	0	0	0
2024-06-27 22:48:00	5.729862	0.3023607	0.3038403	1	0	0	0	0
2024-06-27 22:48:10	5.729862	0.3025393	0.3038403	1	0	0	0	0
2024-06-27 22:48:20	5.729862	0.3023607	0.3038403	1	0	0	0	0
2024-06-27 22:48:30	5.74702	0.3022714	0.3038403	1	0	0	0	0
2024-06-27 22:48:40	5.74702	0.3022714	0.3038403	1	0	0	0	0
2024-06-27 22:48:50	5.781337	0.3022714	0.3038403	1	0	0	0	0
2024-06-27 22:49:00	5.781337	0.3022714	0.3038403	1	0	0	0	0
2024-06-27 22:49:10	5.781337	0.3022714	0.3038403	1	0	0	0	0
2024-06-27 22:49:20	5.781337	0.3020927	0.3038403	1	0	0	0	0
2024-06-27 22:49:30	5.781337	0.3020927	0.3038403	1	0	0	0	0
2024-06-27 22:49:40	5.781337	0.3022714	0.3038403	1	0	0	0	0
2024-06-27 22:49:50	5.781337	0.3022714	0.3038403	1	0	0	0	0
2024-06-27 22:50:00	5.781337	0.3022714	0.3038403	1	0	0	0	0
2024-06-27 22:50:10	5.781337	0.3023607	0.3038403	1	0	0	0	0
2024-06-27 22:50:20	5.781337	0.302182	0.3038403	1	0	0	0	0
2024-06-27 22:50:30	5.781337	0.3020927	0.3038403	1	0	0	0	0
2024-06-27 22:50:40	5.781337	0.3022714	0.3038403	1	0	0	0	0
2024-06-27 22:50:50	5.781337	0.3022714	0.3038403	1	0	0	0	0
2024-06-27 22:51:00	5.798115	0.3022714	0.3038403	1	0	0	0	0
2024-06-27 22:51:10	5.831671	0.3022714	0.3038403	1	0	0	0	0
2024-06-27 22:51:20	5.831671	0.3022714	0.3038403	1	0	0	0	0
2024-06-27 22:51:30	5.831671	0.3022714	0.3038403	1	0	0	0	0
2024-06-27 22:51:40	5.831671	0.3022714	0.3038403	1	0	0	0	0
2024-06-27 22:51:50	5.831671	0.30245	0.3038403	1	0	0	0	0
2024-06-27 22:52:00	5.831671	0.30245	0.3038403	1	0	0	0	0
2024-06-27 22:52:10	5.831671	0.3022714	0.3038403	1	0	0	0	0
2024-06-27 22:52:20	5.831671	0.30245	0.3038403	1	0	0	0	0
2024-06-27 22:52:30	5.831671	0.30245	0.3038403	1	0	0	0	0
2024-06-27 22:52:40	5.831671	0.30245	0.3038403	1	0	0	0	0
2024-06-27 22:52:50	5.831671	0.3022714	0.3038403	1	0	0	0	0
2024-06-27 22:53:00	5.831671	0.3022714	0.3038403	1	0	0	0	0
2024-06-27 22:53:10	5.831671	0.3022714	0.3038403	1	0	0	0	0
2024-06-27 22:53:20	5.831671	0.3022714	0.3038403	1	0	0	0	0
2024-06-27 22:53:30	5.831671	0.3022714	0.3038403	1	0	0	0	0
2024-06-27 22:53:40	5.831671	0.3022714	0.3038403	1	0	0	0	0
2024-06-27 22:53:50	5.866008	0.3022714	0.3038403	1	0	0	0	0
2024-06-27 22:54:00	5.866008	0.3022714	0.3038403	1	0	0	0	0
2024-06-27 22:54:10	5.883176	0.3024499	0.3038403	1	0	0	0	0
2024-06-27 22:54:20	5.883176	0.3026285	0.3038403	1	0	0	0	0
2024-06-27 22:54:30	5.883176	0.3025393	0.3038403	1	0	0	0	0
2024-06-27 22:54:40	5.883176	0.3025393	0.3038403	1	0	0	0	0
2024-06-27 22:54:50	5.883176	0.3025393	0.3038403	1	0	0	0	0
2024-06-27 22:55:00	5.883176	0.3026285	0.3038403	1	0	0	0	0
2024-06-27 22:55:10	5.883176	0.3026285	0.3038403	1	0	0	0	0
2024-06-27 22:55:20	5.883176	0.3028069	0.3038403	1	0	0	0	0
2024-06-27 22:55:30	5.883176	0.3028069	0.3038403	1	0	0	0	0
2024-06-27 22:55:40	5.883176	0.3028069	0.3038403	1	0	0	0	0
2024-06-27 22:55:50	5.883176	0.3022712	0.3038403	1	0	0	0	0
2024-06-27 22:56:00	5.883176	0.3020927	0.3038403	1	0	0	0	0
2024-06-27 22:56:10	5.883176	0.3022714	0.3038403	1	0	0	0	0
2024-06-27 22:56:20	5.883176	0.3022714	0.3038403	1	0	0	0	0
2024-06-27 22:56:30	5.883176	0.3022714	0.3038403	1	0	0	0	0
2024-06-27 22:56:40	5.883176	0.3025393	0.3038403	1	0	0	0	0
2024-06-27 22:56:50	5.917675	0.3025393	0.3038403	1	0	0	0	0
2024-06-27 22:57:00	5.934925	0.30245	0.3038403	1	0	0	0	0
2024-06-27 22:57:10	5.934925	0.3022714	0.3038403	1	0	0	0	0
2024-06-27 22:57:20	5.934925	0.3022714	0.3038403	1	0	0	0	0
2024-06-27 22:57:30	5.934925	0.3022714	0.3038403	1	0	0	0	0
2024-06-27 22:57:40	5.934925	0.3022714	0.3038403	1	0	0	0	0
2024-06-27 22:57:50	5.934925	0.3022714	0.3038403	1	0	0	0	0
2024-06-27 22:58:00	5.934925	0.3022714	0.3038403	1	0	0	0	0
2024-06-27 22:58:10	5.934925	0.3025393	0.3038403	1	0	0	0	0
2024-06-27 22:58:20	5.934925	0.302182	0.3038403	1	0	0	0	0
2024-06-27 22:58:30	5.934925	0.3020927	0.3038403	1	0	0	0	0
2024-06-27 22:58:40	5.934925	0.3022714	0.3038403	1	0	0	0	0
2024-06-27 22:58:50	5.934925	0.3022714	0.3038403	1	0	0	0	0
2024-06-27 22:59:00	5.934925	0.3022714	0.3038403	1	0	0	0	0
2024-06-27 22:59:10	5.934925	0.3022714	0.3038403	1	0	0	0	0
2024-06-27 22:59:20	5.934925	0.3022714	0.3038403	1	0	0	0	0
2024-06-27 22:59:30	5.985927	0.30245	0.3038403	1	0	0	0	0
2024-06-27 22:59:40	5.985927	0.3022714	0.3038403	1	0	0	0	0
2024-06-27 22:59:50	5.985927	0.3022714	0.3038403	1	0	0	0	0
2024-06-27 23:00:00	5.985927	0.3022714	0.3038403	1	0	0	0	0
2024-06-27 23:00:10	5.985927	0.3022714	0.3038403	1	0	0	0	0
2024-06-27 23:00:20	5.985927	0.3022714	0.3038403	1	0	0	0	0
2024-06-27 23:00:30	5.985927	0.3022714	0.3038403	1	0	0	0	0
2024-06-27 23:00:40	5.985927	0.3022714	0.3038403	1	0	0	0	0
2024-06-27 23:00:50	5.985927	0.30245	0.3038403	1	0	0	0	0
2024-06-27 23:01:00	5.985927	0.30245	0.3038403	1	0	0	0	0
2024-06-27 23:01:10	5.985927	0.3022714	0.3038403	1	0	0	0	0
2024-06-27 23:01:20	5.985927	0.3022714	0.3038403	1	0	0	0	0
2024-06-27 23:01:30	5.985927	0.302182	0.3038403	1	0	0	0	0
2024-06-27 23:01:40	5.985927	0.3020033	0.3038403	1	0	0	0	0
2024-06-27 23:01:50	5.985927	0.3020033	0.3038403	1	0	0	0	0
2024-06-27 23:02:00	6.023086	0.302182	0.3038403	1	0	0	0	0
2024-06-27 23:02:10	6.041665	0.3020033	0.3038403	1	0	0	0	0
2024-06-27 23:02:20	6.041665	0.302182	0.3038403	1	0	0	0	0
2024-06-27 23:02:30	6.041665	0.3022714	0.3038403	1	0	0	0	0
2024-06-27 23:02:40	6.041665	0.3022714	0.3038403	1	0	0	0	0
2024-06-27 23:02:50	6.041665	0.3020927	0.3038403	1	0	0	0	0
2024-06-27 23:03:00	6.041665	0.3020927	0.3038403	1	0	0	0	0
2024-06-27 23:03:10	6.041665	0.3020927	0.3038403	1	0	0	0	0
2024-06-27 23:03:20	6.041665	0.3022714	0.3038403	1	0	0	0	0
2024-06-27 23:03:30	6.041665	0.302182	0.3038403	1	0	0	0	0
2024-06-27 23:03:40	6.041665	0.3020033	0.3038403	1	0	0	0	0
2024-06-27 23:03:50	6.041665	0.3020033	0.3038403	1	0	0	0	0
2024-06-27 23:04:00	6.041665	0.3020033	0.3038403	1	0	0	0	0
2024-06-27 23:04:10	6.041665	0.3020033	0.3038403	1	0	0	0	0
2024-06-27 23:04:20	6.075569	0.3020033	0.3038403	1	0	0	0	0
2024-06-27 23:04:30	6.09252	0.3020927	0.3038403	1	0	0	0	0
2024-06-27 23:04:40	6.09252	0.3020927	0.3038403	1	0	0	0	0
2024-06-27 23:04:50	6.09252	0.3022714	0.3038403	1	0	0	0	0
2024-06-27 23:05:00	6.09252	0.3020033	0.3038403	1	0	0	0	0
2024-06-27 23:05:10	6.09252	0.3020033	0.3038403	1	0	0	0	0
2024-06-27 23:05:20	6.09252	0.302182	0.3038403	1	0	0	0	0
2024-06-27 23:05:30	6.09252	0.302182	0.3038403	1	0	0	0	0
2024-06-27 23:05:40	6.09252	0.3020033	0.3038403	1	0	0	0	0
2024-06-27 23:05:50	6.09252	0.3020033	0.3038403	1	0	0	0	0
2024-06-27 23:06:00	6.09252	0.3020033	0.3038403	1	0	0	0	0
2024-06-27 23:06:10	6.09252	0.301735	0.3038403	1	0	0	0	0
2024-06-27 23:06:20	6.09252	0.3019139	0.3038403	1	0	0	0	0
2024-06-27 23:06:30	6.110141	0.3020033	0.3038403	1	0	0	0	0
2024-06-27 23:06:40	6.145383	0.3020033	0.3038403	1	0	0	0	0
2024-06-27 23:06:50	6.145383	0.3014662	0.3038403	1	0	0	0	0
2024-06-27 23:07:00	6.145383	0.3014662	0.3038403	1	0	0	0	0
2024-06-27 23:07:10	6.145383	0.3013767	0.3038403	1	0	0	0	0
2024-06-27 23:07:20	6.145383	0.3019139	0.3038403	1	0	0	0	0
2024-06-27 23:07:30	6.145383	0.3019139	0.3038403	1	0	0	0	0
2024-06-27 23:07:40	6.145383	0.301735	0.3038403	1	0	0	0	0
2024-06-27 23:07:50	6.145383	0.301735	0.3038403	1	0	0	0	0
2024-06-27 23:08:00	6.145383	0.301735	0.3038403	1	0	0	0	0
2024-06-27 23:08:10	6.145383	0.301735	0.3038403	1	0	0	0	0
2024-06-27 23:08:20	6.182385	0.301735	0.3038403	1	0	0	0	0
2024-06-27 23:08:30	6.200886	0.301735	0.3038403	1	0	0	0	0
2024-06-27 23:08:40	6.200886	0.301735	0.3038403	1	0	0	0	0
2024-06-27 23:08:50	6.200886	0.301735	0.3038403	1	0	0	0	0
2024-06-27 23:09:00	6.200886	0.3011976	0.3038403	1	0	0	0	0
2024-06-27 23:09:10	6.200886	0.3011976	0.3038403	1	0	0	0	0
2024-06-27 23:09:20	6.200886	0.3015559	0.3038403	1	0	0	0	0
2024-06-27 23:09:30	6.200886	0.301735	0.3038403	1	0	0	0	0
2024-06-27 23:09:40	6.200886	0.301735	0.3038403	1	0	0	0	0
2024-06-27 23:09:50	6.200886	0.301735	0.3038403	1	0	0	0	0
2024-06-27 23:10:00	6.200886	0.301735	0.3038403	1	0	0	0	0
2024-06-27 23:10:10	6.251981	0.3020033	0.3038403	1	0	0	0	0
2024-06-27 23:10:20	6.251981	0.3020033	0.3038403	1	0	0	0	0
2024-06-27 23:10:30	6.251981	0.3020033	0.3038403	1	0	0	0	0
2024-06-27 23:10:40	6.251981	0.3020033	0.3038403	1	0	0	0	0
2024-06-27 23:10:50	6.251981	0.3020033	0.3038403	1	0	0	0	0
2024-06-27 23:11:00	6.251981	0.3020033	0.3038403	1	0	0	0	0
2024-06-27 23:11:10	6.251981	0.3020033	0.3038403	1	0	0	0	0
2024-06-27 23:11:20	6.251981	0.3020033	0.3038403	1	0	0	0	0
2024-06-27 23:11:30	6.251981	0.3018244	0.3038403	1	0	0	0	0
2024-06-27 23:11:40	6.251981	0.3020033	0.3038403	1	0	0	0	0
2024-06-27 23:11:50	6.251981	0.3018244	0.3038403	1	0	0	0	0
2024-06-27 23:12:00	6.251981	0.3015559	0.3038403	1	0	0	0	0
2024-06-27 23:12:10	6.251981	0.3011976	0.3038403	1	0	0	0	0
2024-06-27 23:12:20	6.288963	0.3015559	0.3038403	1	0	0	0	0
2024-06-27 23:12:30	6.307454	0.3015559	0.3038403	1	0	0	0	0
2024-06-27 23:12:40	6.307454	0.3015559	0.3038403	1	0	0	0	0
2024-06-27 23:12:50	6.307454	0.3011976	0.3038403	1	0	0	0	0
2024-06-27 23:13:00	6.307454	0.3019139	0.3038403	1	0	0	0	0
2024-06-27 23:13:10	6.307454	0.301735	0.3038403	1	0	0	0	0
2024-06-27 23:13:20	6.307454	0.3019139	0.3038403	1	0	0	0	0
2024-06-27 23:13:30	6.307454	0.3020033	0.3038403	1	0	0	0	0
2024-06-27 23:13:40	6.307454	0.3020033	0.3038403	1	0	0	0	0
2024-06-27 23:13:50	6.307454	0.3020033	0.3038403	1	0	0	0	0
2024-06-27 23:14:00	6.307454	0.3018244	0.3038403	1	0	0	0	0
2024-06-27 23:14:10	6.307454	0.301735	0.3038403	1	0	0	0	0
2024-06-27 23:14:20	6.342458	0.3019139	0.3038403	1	0	0	0	0
2024-06-27 23:14:30	6.359961	0.3019139	0.3038403	1	0	0	0	0
2024-06-27 23:14:40	6.359961	0.301735	0.3038403	1	0	0	0	0
2024-06-27 23:14:50	6.359961	0.3019139	0.3038403	1	0	0	0	0
2024-06-27 23:15:00	6.359961	0.3020033	0.3038403	1	0	0	0	0
2024-06-27 23:15:10	6.359961	0.3020033	0.3038403	1	0	0	0	0
2024-06-27 23:15:20	6.359961	0.3020033	0.3038403	1	0	0	0	0
2024-06-27 23:15:30	6.359961	0.3018244	0.3038403	1	0	0	0	0
2024-06-27 23:15:40	6.359961	0.3020033	0.3038403	1	0	0	0	0
2024-06-27 23:15:50	6.359961	0.3020033	0.3038403	1	0	0	0	0
2024-06-27 23:16:00	6.359961	0.3020033	0.3038403	1	0	0	0	0
2024-06-27 23:16:10	6.359961	0.3020033	0.3038403	1	0	0	0	0
2024-06-27 23:16:20	6.393511	0.3020033	0.3038403	1	0	0	0	0
2024-06-27 23:16:30	6.393511	0.3020033	0.3038403	1	0	0	0	0
2024-06-27 23:16:40	6.410286	0.301735	0.3038403	1	0	0	0	0
2024-06-27 23:16:50	6.410286	0.3019139	0.3038403	1	0	0	0	0
2024-06-27 23:17:00	6.410286	0.3020033	0.3038403	1	0	0	0	0
2024-06-27 23:17:10	6.410286	0.3020033	0.3038403	1	0	0	0	0
2024-06-27 23:17:20	6.410286	0.3020033	0.3038403	1	0	0	0	0
2024-06-27 23:17:30	6.410286	0.3020033	0.3038403	1	0	0	0	0
2024-06-27 23:17:40	6.410286	0.3019139	0.3038403	1	0	0	0	0
2024-06-27 23:17:50	6.410286	0.3019139	0.3038403	1	0	0	0	0
2024-06-27 23:18:00	6.410286	0.3020927	0.3038403	1	0	0	0	0
2024-06-27 23:18:10	6.410286	0.3022714	0.3038403	1	0	0	0	0
2024-06-27 23:18:20	6.410286	0.3019138	0.3038403	1	0	0	0	0
2024-06-27 23:18:30	6.427544	0.3018244	0.3038403	1	0	0	0	0
2024-06-27 23:18:40	6.462061	0.3020033	0.3038403	1	0	0	0	0
2024-06-27 23:18:50	6.462061	0.3018244	0.3038403	1	0	0	0	0
2024-06-27 23:19:00	6.462061	0.3018244	0.3038403	1	0	0	0	0
2024-06-27 23:19:10	6.462061	0.3018244	0.3038403	1	0	0	0	0
2024-06-27 23:19:20	6.462061	0.3020033	0.3038403	1	0	0	0	0
2024-06-27 23:19:30	6.462061	0.3019139	0.3038403	1	0	0	0	0
2024-06-27 23:19:40	6.462061	0.301735	0.3038403	1	0	0	0	0
2024-06-27 23:19:50	6.462061	0.3019139	0.3038403	1	0	0	0	0
2024-06-27 23:20:00	6.462061	0.3019139	0.3038403	1	0	0	0	0
2024-06-27 23:20:10	6.462061	0.301735	0.3038403	1	0	0	0	0
2024-06-27 23:20:20	6.462061	0.301735	0.3038403	1	0	0	0	0
2024-06-27 23:20:30	6.462061	0.301735	0.3038403	1	0	0	0	0
2024-06-27 23:20:40	6.517488	0.301735	0.3038403	1	0	0	0	0
2024-06-27 23:20:50	6.517488	0.3011974	0.3038403	1	0	0	0	0
2024-06-27 23:21:00	6.517488	0.3009286	0.3038403	1	0	0	0	0
2024-06-27 23:21:10	6.517488	0.3009286	0.3038403	1	0	0	0	0
2024-06-27 23:21:20	6.517488	0.3009286	0.3038403	1	0	0	0	0
2024-06-27 23:21:30	6.517488	0.3009286	0.3038403	1	0	0	0	0
2024-06-27 23:21:40	6.517488	0.3009286	0.3038403	1	0	0	0	0
2024-06-27 23:21:50	6.554063	0.3009286	0.3038403	1	0	0	0	0
2024-06-27 23:22:00	6.572351	0.3010182	0.3038403	1	0	0	0	0
2024-06-27 23:22:10	6.572351	0.3011976	0.3038403	1	0	0	0	0
2024-06-27 23:22:20	6.572351	0.3010182	0.3038403	1	0	0	0	0
2024-06-27 23:22:30	6.572351	0.3009286	0.3038403	1	0	0	0	0
2024-06-27 23:22:40	6.572351	0.3009286	0.3038403	1	0	0	0	0
2024-06-27 23:22:50	6.572351	0.3009286	0.3038403	1	0	0	0	0
2024-06-27 23:23:00	6.572351	0.3011079	0.3038403	1	0	0	0	0
2024-06-27 23:23:10	6.572351	0.301735	0.3038403	1	0	0	0	0
2024-06-27 23:23:20	6.572351	0.3019139	0.3038403	1	0	0	0	0
2024-06-27 23:23:30	6.572351	0.3019139	0.3038403	1	0	0	0	0
2024-06-27 23:23:40	6.572351	0.301735	0.3038403	1	0	0	0	0
2024-06-27 23:23:50	6.608795	0.3013767	0.3038403	1	0	0	0	0
2024-06-27 23:24:00	6.608795	0.3013767	0.3038403	1	0	0	0	0
2024-06-27 23:24:10	6.627017	0.3013767	0.3038403	1	0	0	0	0
2024-06-27 23:24:20	6.627017	0.3013767	0.3038403	1	0	0	0	0
2024-06-27 23:24:30	6.627017	0.3013767	0.3038403	1	0	0	0	0
2024-06-27 23:24:40	6.627017	0.301735	0.3038403	1	0	0	0	0
2024-06-27 23:24:50	6.627017	0.301735	0.3038403	1	0	0	0	0
2024-06-27 23:25:00	6.627017	0.301735	0.3038403	1	0	0	0	0
2024-06-27 23:25:10	6.627017	0.301735	0.3038403	1	0	0	0	0
2024-06-27 23:25:20	6.627017	0.301735	0.3038403	1	0	0	0	0
2024-06-27 23:25:30	6.643902	0.3018244	0.3038403	1	0	0	0	0
2024-06-27 23:25:40	6.643902	0.3018244	0.3038403	1	0	0	0	0
2024-06-27 23:25:50	6.677671	0.3020033	0.3038403	1	0	0	0	0
2024-06-27 23:26:00	6.677671	0.306	0.3038403	1	0	0	0	0
2024-06-27 23:26:10	6.677671	0.306	0.3038403	1	0	0	0	0
2024-06-27 23:26:20	6.677671	0.306	0.3038403	1	0	0	0	0
2024-06-27 23:26:30	6.677671	0.3058234	0.3038403	1	0	0	0	0
2024-06-27 23:26:40	6.677671	0.3054701	0.3038403	1	0	0	0	0
2024-06-27 23:26:50	6.677671	0.3054701	0.3038403	1	0	0	0	0
2024-06-27 23:27:00	6.677671	0.3058234	0.3038403	1	0	0	0	0
2024-06-27 23:27:10	6.677671	0.3057352	0.3038403	1	0	0	0	0
2024-06-27 23:27:20	6.677671	0.3057352	0.3038403	1	0	0	0	0
2024-06-27 23:27:30	6.660208	0.3057352	0.3038403	1	0	0	0	0
2024-06-27 23:27:40	6.625281	0.3057352	0.3038403	1	0	0	0	0
2024-06-27 23:27:50	6.625281	0.3057352	0.3038403	1	0	0	0	0
2024-06-27 23:28:00	6.625281	0.3057352	0.3038403	1	0	0	0	0
2024-06-27 23:28:10	6.625281	0.3057352	0.3038403	1	0	0	0	0
2024-06-27 23:28:20	6.625281	0.3057352	0.3038403	1	0	0	0	0
2024-06-27 23:28:30	6.625281	0.3058234	0.3038403	1	0	0	0	0
2024-06-27 23:28:40	6.625281	0.306	0.3038403	1	0	0	0	0
2024-06-27 23:28:50	6.625281	0.306	0.3038403	1	0	0	0	0
2024-06-27 23:29:00	6.625281	0.306	0.3038403	1	0	0	0	0
2024-06-27 23:29:10	6.625281	0.306	0.3038403	1	0	0	0	0
2024-06-27 23:29:20	6.589925	0.306	0.3038403	1	0	0	0	0
2024-06-27 23:29:30	6.572248	0.306	0.3038403	1	0	0	0	0
2024-06-27 23:29:40	6.572248	0.306	0.3038403	1	0	0	0	0
2024-06-27 23:29:50	6.572248	0.306	0.3038403	1	0	0	0	0
2024-06-27 23:30:00	6.572248	0.306	0.3038403	1	0	0	0	0
2024-06-27 23:30:10	6.572248	0.306	0.3038403	1	0	0	0	0
2024-06-27 23:30:20	6.572248	0.306	0.3038403	1	0	0	0	0
2024-06-27 23:30:30	6.572248	0.306	0.3038403	1	0	0	0	0
2024-06-27 23:30:40	6.572248	0.306	0.3038403	1	0	0	0	0
2024-06-27 23:30:50	6.572248	0.306	0.3038403	1	0	0	0	0
2024-06-27 23:31:00	6.572248	0.306	0.3038403	1	0	0	0	0
2024-06-27 23:31:10	6.519996	0.3062646	0.3038403	1	0	0	0	0
2024-06-27 23:31:20	6.519996	0.3062646	0.3038403	1	0	0	0	0
2024-06-27 23:31:30	6.519996	0.3061764	0.3038403	1	0	0	0	0
2024-06-27 23:31:40	6.519996	0.306	0.3038403	1	0	0	0	0
2024-06-27 23:31:50	6.519996	0.306	0.3038403	1	0	0	0	0
2024-06-27 23:32:00	6.519996	0.3060882	0.3038403	1	0	0	0	0
2024-06-27 23:32:10	6.519996	0.3060882	0.3038403	1	0	0	0	0
2024-06-27 23:32:20	6.519996	0.3062646	0.3038403	1	0	0	0	0
2024-06-27 23:32:30	6.519996	0.306	0.3038403	1	0	0	0	0
2024-06-27 23:32:40	6.519996	0.306	0.3038403	1	0	0	0	0
2024-06-27 23:32:50	6.519996	0.306	0.3038403	1	0	0	0	0
2024-06-27 23:33:00	6.502655	0.306	0.3038403	1	0	0	0	0
2024-06-27 23:33:10	6.467974	0.306	0.3038403	1	0	0	0	0
2024-06-27 23:33:20	6.467974	0.306	0.3038403	1	0	0	0	0
2024-06-27 23:33:30	6.467974	0.306	0.3038403	1	0	0	0	0
2024-06-27 23:33:40	6.467974	0.306	0.3038403	1	0	0	0	0
2024-06-27 23:33:50	6.467974	0.306	0.3038403	1	0	0	0	0
2024-06-27 23:34:00	6.467974	0.3057352	0.3038403	1	0	0	0	0
2024-06-27 23:34:10	6.467974	0.3057352	0.3038403	1	0	0	0	0
2024-06-27 23:34:20	6.467974	0.3055585	0.3038403	1	0	0	0	0
2024-06-27 23:34:30	6.467974	0.3054701	0.3038403	1	0	0	0	0
2024-06-27 23:34:40	6.467974	0.3054701	0.3038403	1	0	0	0	0
2024-06-27 23:34:50	6.467974	0.3054701	0.3038403	1	0	0	0	0
2024-06-27 23:35:00	6.467974	0.3054701	0.3038403	1	0	0	0	0
2024-06-27 23:35:10	6.4174	0.3054701	0.3038403	1	0	0	0	0
2024-06-27 23:35:20	6.4174	0.3054701	0.3038403	1	0	0	0	0
2024-06-27 23:35:30	6.4174	0.3054701	0.3038403	1	0	0	0	0
2024-06-27 23:35:40	6.4174	0.3054701	0.3038403	1	0	0	0	0
2024-06-27 23:35:50	6.4174	0.3052933	0.3038403	1	0	0	0	0
2024-06-27 23:36:00	6.4174	0.3053816	0.3038403	1	0	0	0	0
2024-06-27 23:36:10	6.4174	0.3053816	0.3038403	1	0	0	0	0
2024-06-27 23:36:20	6.4174	0.3057352	0.3038403	1	0	0	0	0
2024-06-27 23:36:30	6.4174	0.3055585	0.3038403	1	0	0	0	0
2024-06-27 23:36:40	6.4174	0.3057352	0.3038403	1	0	0	0	0
2024-06-27 23:36:50	6.4174	0.3055585	0.3038403	1	0	0	0	0
2024-06-27 23:37:00	6.4174	0.3056467	0.3038403	1	0	0	0	0
2024-06-27 23:37:10	6.4174	0.306	0.3038403	1	0	0	0	0
2024-06-27 23:37:20	6.4174	0.306	0.3038403	1	0	0	0	0
2024-06-27 23:37:30	6.4174	0.306	0.3038403	1	0	0	0	0
2024-06-27 23:37:40	6.361795	0.306	0.3038403	1	0	0	0	0
2024-06-27 23:37:50	6.361795	0.3058234	0.3038403	1	0	0	0	0
2024-06-27 23:38:00	6.361795	0.3058234	0.3038403	1	0	0	0	0
2024-06-27 23:38:10	6.361795	0.306	0.3038403	1	0	0	0	0
2024-06-27 23:38:20	6.361795	0.3058234	0.3038403	1	0	0	0	0
2024-06-27 23:38:30	6.361795	0.3058234	0.3038403	1	0	0	0	0
2024-06-27 23:38:40	6.361795	0.3057352	0.3038403	1	0	0	0	0
2024-06-27 23:38:50	6.361795	0.3059117	0.3038403	1	0	0	0	0
2024-06-27 23:39:00	6.361795	0.3059117	0.3038403	1	0	0	0	0
2024-06-27 23:39:10	6.361795	0.3057352	0.3038403	1	0	0	0	0
2024-06-27 23:39:20	6.361795	0.3059117	0.3038403	1	0	0	0	0
2024-06-27 23:39:30	6.361795	0.3059117	0.3038403	1	0	0	0	0
2024-06-27 23:39:40	6.361795	0.3057352	0.3038403	1	0	0	0	0
2024-06-27 23:39:50	6.326085	0.3057352	0.3038403	1	0	0	0	0
2024-06-27 23:40:00	6.326085	0.3057352	0.3038403	1	0	0	0	0
2024-06-27 23:40:10	6.308229	0.3058234	0.3038403	1	0	0	0	0
2024-06-27 23:40:20	6.308229	0.3056467	0.3038403	1	0	0	0	0
2024-06-27 23:40:30	6.308229	0.3054701	0.3038403	1	0	0	0	0
2024-06-27 23:40:40	6.308229	0.3054701	0.3038403	1	0	0	0	0
2024-06-27 23:40:50	6.308229	0.3056468	0.3038403	1	0	0	0	0
2024-06-27 23:41:00	6.308229	0.3057352	0.3038403	1	0	0	0	0
2024-06-27 23:41:10	6.308229	0.3057352	0.3038403	1	0	0	0	0
2024-06-27 23:41:20	6.308229	0.3057352	0.3038403	1	0	0	0	0
2024-06-27 23:41:30	6.308229	0.3059117	0.3038403	1	0	0	0	0
2024-06-27 23:41:40	6.308229	0.3057352	0.3038403	1	0	0	0	0
2024-06-27 23:41:50	6.271394	0.3057352	0.3038403	1	0	0	0	0
2024-06-27 23:42:00	6.252976	0.3057352	0.3038403	1	0	0	0	0
2024-06-27 23:42:10	6.252976	0.3057352	0.3038403	1	0	0	0	0
2024-06-27 23:42:20	6.252976	0.3055585	0.3038403	1	0	0	0	0
2024-06-27 23:42:30	6.252976	0.3055585	0.3038403	1	0	0	0	0
2024-06-27 23:42:40	6.252976	0.3054701	0.3038403	1	0	0	0	0
2024-06-27 23:42:50	6.252976	0.3056468	0.3038403	1	0	0	0	0
2024-06-27 23:43:00	6.252976	0.3057352	0.3038403	1	0	0	0	0
2024-06-27 23:43:10	6.252976	0.3057352	0.3038403	1	0	0	0	0
2024-06-27 23:43:20	6.252976	0.3059117	0.3038403	1	0	0	0	0
2024-06-27 23:43:30	6.252976	0.3059117	0.3038403	1	0	0	0	0
2024-06-27 23:43:40	6.252976	0.3057352	0.3038403	1	0	0	0	0
2024-06-27 23:43:50	6.218779	0.3057352	0.3038403	1	0	0	0	0
2024-06-27 23:44:00	6.218779	0.3057352	0.3038403	1	0	0	0	0
2024-06-27 23:44:10	6.20168	0.3058234	0.3038403	1	0	0	0	0
2024-06-27 23:44:20	6.20168	0.306	0.3038403	1	0	0	0	0
2024-06-27 23:44:30	6.20168	0.3059117	0.3038403	1	0	0	0	0
2024-06-27 23:44:40	6.20168	0.3057352	0.3038403	1	0	0	0	0
2024-06-27 23:44:50	6.20168	0.3059117	0.3038403	1	0	0	0	0
2024-06-27 23:45:00	6.20168	0.3059117	0.3038403	1	0	0	0	0
2024-06-27 23:45:10	6.20168	0.3059117	0.3038403	1	0	0	0	0
2024-06-27 23:45:20	6.20168	0.3057352	0.3038403	1	0	0	0	0
2024-06-27 23:45:30	6.20168	0.3058234	0.3038403	1	0	0	0	0
2024-06-27 23:45:40	6.20168	0.306	0.3038403	1	0	0	0	0
2024-06-27 23:45:50	6.166968	0.3058234	0.3038403	1	0	0	0	0
2024-06-27 23:46:00	6.149612	0.3056468	0.3038403	1	0	0	0	0
2024-06-27 23:46:10	6.149612	0.3054701	0.3038403	1	0	0	0	0
2024-06-27 23:46:20	6.149612	0.3054701	0.3038403	1	0	0	0	0
2024-06-27 23:46:30	6.149612	0.3054701	0.3038403	1	0	0	0	0
2024-06-27 23:46:40	6.149612	0.3054701	0.3038403	1	0	0	0	0
2024-06-27 23:46:50	6.149612	0.3054701	0.3038403	1	0	0	0	0
2024-06-27 23:47:00	6.149612	0.3055585	0.3038403	1	0	0	0	0
2024-06-27 23:47:10	6.149612	0.3057352	0.3038403	1	0	0	0	0
2024-06-27 23:47:20	6.149612	0.3055585	0.3038403	1	0	0	0	0
2024-06-27 23:47:30	6.149612	0.3054701	0.3038403	1	0	0	0	0
2024-06-27 23:47:40	6.149612	0.3054701	0.3038403	1	0	0	0	0
2024-06-27 23:47:50	6.149612	0.3054701	0.3038403	1	0	0	0	0
2024-06-27 23:48:00	6.149612	0.3054701	0.3038403	1	0	0	0	0
2024-06-27 23:48:10	6.149612	0.3054701	0.3038403	1	0	0	0	0
2024-06-27 23:48:20	6.115171	0.3054701	0.3038403	1	0	0	0	0
2024-06-27 23:48:30	6.097951	0.3054701	0.3038403	1	0	0	0	0
2024-06-27 23:48:40	6.097951	0.3054701	0.3038403	1	0	0	0	0
2024-06-27 23:48:50	6.097951	0.3054701	0.3038403	1	0	0	0	0
2024-06-27 23:49:00	6.097951	0.3055585	0.3038403	1	0	0	0	0
2024-06-27 23:49:10	6.097951	0.3055585	0.3038403	1	0	0	0	0
2024-06-27 23:49:20	6.097951	0.3057352	0.3038403	1	0	0	0	0
2024-06-27 23:49:30	6.097951	0.3054701	0.3038403	1	0	0	0	0
2024-06-27 23:49:40	6.097951	0.3054701	0.3038403	1	0	0	0	0
2024-06-27 23:49:50	6.097951	0.3056468	0.3038403	1	0	0	0	0
2024-06-27 23:50:00	6.097951	0.3057352	0.3038403	1	0	0	0	0
2024-06-27 23:50:10	6.097951	0.3057352	0.3038403	1	0	0	0	0
2024-06-27 23:50:20	6.062307	0.3057352	0.3038403	1	0	0	0	0
2024-06-27 23:50:30	6.044485	0.3056468	0.3038403	1	0	0	0	0
2024-06-27 23:50:40	6.044485	0.3056468	0.3038403	1	0	0	0	0
2024-06-27 23:50:50	6.044485	0.3054701	0.3038403	1	0	0	0	0
2024-06-27 23:51:00	6.044485	0.3058234	0.3038403	1	0	0	0	0
2024-06-27 23:51:10	6.044485	0.3054701	0.3038403	1	0	0	0	0
2024-06-27 23:51:20	6.044485	0.3056468	0.3038403	1	0	0	0	0
2024-06-27 23:51:30	6.044485	0.3056468	0.3038403	1	0	0	0	0
2024-06-27 23:51:40	6.044485	0.3054701	0.3038403	1	0	0	0	0
2024-06-27 23:51:50	6.044485	0.3054701	0.3038403	1	0	0	0	0
2024-06-27 23:52:00	6.044485	0.3058234	0.3038403	1	0	0	0	0
2024-06-27 23:52:10	6.044485	0.306	0.3038403	1	0	0	0	0
2024-06-27 23:52:20	6.044485	0.3058234	0.3038403	1	0	0	0	0
2024-06-27 23:52:30	6.027562	0.3058234	0.3038403	1	0	0	0	0
2024-06-27 23:52:40	5.993716	0.306	0.3038403	1	0	0	0	0
2024-06-27 23:52:50	5.993716	0.3061764	0.3038403	1	0	0	0	0
2024-06-27 23:53:00	5.993716	0.3061764	0.3038403	1	0	0	0	0
2024-06-27 23:53:10	5.993716	0.3061764	0.3038403	1	0	0	0	0
2024-06-27 23:53:20	5.993716	0.306	0.3038403	1	0	0	0	0
2024-06-27 23:53:30	5.993716	0.306	0.3038403	1	0	0	0	0
2024-06-27 23:53:40	5.993716	0.306	0.3038403	1	0	0	0	0
2024-06-27 23:53:50	5.993716	0.306	0.3038403	1	0	0	0	0
2024-06-27 23:54:00	5.993716	0.3059117	0.3038403	1	0	0	0	0
2024-06-27 23:54:10	5.993716	0.3057352	0.3038403	1	0	0	0	0
2024-06-27 23:54:20	5.993716	0.3059117	0.3038403	1	0	0	0	0
2024-06-27 23:54:30	5.993716	0.3059117	0.3038403	1	0	0	0	0
2024-06-27 23:54:40	5.976058	0.3059117	0.3038403	1	0	0	0	0
2024-06-27 23:54:50	5.940742	0.3055585	0.3038403	1	0	0	0	0
2024-06-27 23:55:00	5.940742	0.3054701	0.3038403	1	0	0	0	0
2024-06-27 23:55:10	5.940742	0.3054701	0.3038403	1	0	0	0	0
2024-06-27 23:55:20	5.940742	0.3054701	0.3038403	1	0	0	0	0
2024-06-27 23:55:30	5.940742	0.3056467	0.3038403	1	0	0	0	0
2024-06-27 23:55:40	5.940742	0.3056467	0.3038403	1	0	0	0	0
2024-06-27 23:55:50	5.940742	0.306	0.3038403	1	0	0	0	0
2024-06-27 23:56:00	5.940742	0.3054701	0.3038403	1	0	0	0	0
2024-06-27 23:56:10	5.940742	0.3054701	0.3038403	1	0	0	0	0
2024-06-27 23:56:20	5.940742	0.3056468	0.3038403	1	0	0	0	0
2024-06-27 23:56:30	5.923816	0.3057352	0.3038403	1	0	0	0	0
2024-06-27 23:56:40	5.889964	0.3057352	0.3038403	1	0	0	0	0
2024-06-27 23:56:50	5.889964	0.3057352	0.3038403	1	0	0	0	0
2024-06-27 23:57:00	5.889964	0.3057352	0.3038403	1	0	0	0	0
2024-06-27 23:57:10	5.889964	0.3040432	0.3038403	1	0	0	0	0
2024-06-27 23:57:20	5.889964	0.2992172	0.3038403	1	0	0	0	0
2024-06-27 23:57:30	5.889964	0.2983151	0.3038403	1	0	0	0	0
2024-06-27 23:57:40	5.889964	0.297953	0.3038403	1	0	0	0	0
2024-06-27 23:57:50	5.93103	0.297953	0.3038403	1	0	0	0	0
2024-06-27 23:58:00	5.951563	0.2978624	0.3038403	1	0	0	0	0
2024-06-27 23:58:10	5.951563	0.2978624	0.3038403	1	0	0	0	0
2024-06-27 23:58:20	5.951563	0.297681	0.3038403	1	0	0	0	0
2024-06-27 23:58:30	6.006004	0.297681	0.3038403	1	0	0	0	0
2024-06-27 23:58:40	6.006004	0.297681	0.3038403	1	0	0	0	0
2024-06-27 23:58:50	6.006004	0.2974995	0.3038403	1	0	0	0	0
2024-06-27 23:59:00	6.025338	0.297318	0.3038403	1	0	0	0	0
2024-06-27 23:59:10	6.064004	0.2971363	0.3038403	1	0	0	0	0
2024-06-27 23:59:20	6.064004	0.2971363	0.3038403	1	0	0	0	0
2024-06-27 23:59:30	6.064004	0.2969545	0.3038403	1	0	0	0	0
2024-06-27 23:59:40	6.064004	0.2968636	0.3038403	1	0	0	0	0
2024-06-27 23:59:50	6.101892	0.2970454	0.3038403	1	0	0	0	0
2024-06-28 00:00:00	6.120836	0.2970454	0.3038403	1	0	0	0	0
