PROCESSDATA	2411FIC20102 Data	yyyy-MM-dd HH:mm:ss
8	10	2024-08-23 13:20:00	751
tagname	2411FIC20102.MV	2411FIC20102.PV	2411FIC20102.SV	2411FIC20102.MODE	bOpOFL	bPvOFL	bSpOFL	bAutOFL
desc	回炼油返塔_OP	回炼油返塔_PV	回炼油返塔_SP	Aut	bOpOFL	bPvOFL	bSpOFL	bAutOFL
fsMax=1.6253048519999993	fsMin=0	fsGridNum=10	fdMax=1.6253048519999993tfdMin=0	fdGridNum=10	v0GridNum=10	L=24
2024-08-23 13:20:00	24.804402417142857	97.95482502857143	98.00006	1	0	0	0	0
2024-08-23 13:20:10	24.812708029113924	97.93598838227848	98.00006	1	0	0	0	0
2024-08-23 13:20:20	24.819850766197185	97.89027046197184	98.00006	1	0	0	0	0
2024-08-23 13:20:30	24.817411782278484	97.89767958987342	98.00006	1	0	0	0	0
2024-08-23 13:20:40	24.79197707	97.8177732	98.00006	1	0	0	0	0
2024-08-23 13:20:50	24.780984665714286	97.91813828571428	98.00006	1	0	0	0	0
2024-08-23 13:21:00	24.825093930434782	97.85230739130435	98.00006	1	0	0	0	0
2024-08-23 13:21:10	24.841328908163266	97.75924203469388	98.00006	1	0	0	0	0
2024-08-23 13:21:20	24.762286204918034	98.15313262295082	98.00006	1	0	0	0	0
2024-08-23 13:21:30	24.7896070625	97.98518432	98.00006	1	0	0	0	0
2024-08-23 13:21:40	24.806687640816325	97.90770772040817	98.00006	1	0	0	0	0
2024-08-23 13:21:50	24.751710499999998	98.361011	98.00006	1	0	0	0	0
2024-08-23 13:22:00	24.836412666666668	97.861762	98.00006	1	0	0	0	0
2024-08-23 13:22:10	24.82716624	97.89737704	98.00006	1	0	0	0	0
2024-08-23 13:22:20	24.816136147826086	97.88860391304348	98.00006	1	0	0	0	0
2024-08-23 13:22:30	24.850238548333333	97.72318966666667	98.00006	1	0	0	0	0
2024-08-23 13:22:40	24.797431253061227	98.06359611836734	98.00006	1	0	0	0	0
2024-08-23 13:22:50	24.856939395	97.75687275	98.00006	1	0	0	0	0
2024-08-23 13:23:00	24.872331474285716	97.76229485714285	98.00006	1	0	0	0	0
2024-08-23 13:23:10	24.86342747721519	97.82198139240506	98.00006	1	0	0	0	0
2024-08-23 13:23:20	24.83179673714286	97.89664675428571	98.00006	1	0	0	0	0
2024-08-23 13:23:30	24.814122957746477	98.13443464788733	98.00006	1	0	0	0	0
2024-08-23 13:23:40	24.821914048979593	98.06498081632652	98.00006	1	0	0	0	0
2024-08-23 13:23:50	24.822886838709675	98.1030220967742	98.00006	1	0	0	0	0
2024-08-23 13:24:00	24.843144502857143	97.95367501142857	98.00006	1	0	0	0	0
2024-08-23 13:24:10	24.832511288888888	97.9095537962963	98.00006	1	0	0	0	0
2024-08-23 13:24:20	24.81402409625	98.273345	98.00006	1	0	0	0	0
2024-08-23 13:24:30	24.820055969565217	98.11768869565218	98.00006	1	0	0	0	0
2024-08-23 13:24:40	24.802088273333332	98.24851992666666	98.00006	1	0	0	0	0
2024-08-23 13:24:50	24.87507496	97.76980520000001	98.00006	1	0	0	0	0
2024-08-23 13:25:00	24.87048925882353	97.87418235294118	98.00006	1	0	0	0	0
2024-08-23 13:25:10	24.8658355725	97.9024745	98.00006	1	0	0	0	0
2024-08-23 13:25:20	24.79611408857143	98.10049314285715	98.00006	1	0	0	0	0
2024-08-23 13:25:30	24.859856271428573	97.882568	98.00006	1	0	0	0	0
2024-08-23 13:25:40	24.84707994	97.9667844	98.00006	1	0	0	0	0
2024-08-23 13:25:50	24.844063519753085	97.88025481481482	98.00006	1	0	0	0	0
2024-08-23 13:26:00	24.85470151884058	97.90998246376812	98.00006	1	0	0	0	0
2024-08-23 13:26:10	24.893528933333332	97.75203592592592	98.00006	1	0	0	0	0
2024-08-23 13:26:20	24.87792321125	97.84238781625001	98.00006	1	0	0	0	0
2024-08-23 13:26:30	24.889425768354428	97.92293329113924	98.00006	1	0	0	0	0
2024-08-23 13:26:40	24.880206304	97.818930136	98.00006	1	0	0	0	0
2024-08-23 13:26:50	24.84706769	97.83866647	98.00006	1	0	0	0	0
2024-08-23 13:27:00	24.88226550327869	97.75853720819673	98.00006	1	0	0	0	0
2024-08-23 13:27:10	24.874984892405063	97.99819696202532	98.00006	1	0	0	0	0
2024-08-23 13:27:20	24.86351933037975	97.89768215189874	98.00006	1	0	0	0	0
2024-08-23 13:27:30	24.84070119859155	98.07470399577464	98.00006	1	0	0	0	0
2024-08-23 13:27:40	24.906490397872343	97.7478785106383	98.00006	1	0	0	0	0
2024-08-23 13:27:50	24.93140154714286	97.63115827428572	98.00006	1	0	0	0	0
2024-08-23 13:28:00	24.894462713333333	97.89547933333333	98.00006	1	0	0	0	0
2024-08-23 13:28:10	24.92557377	97.730508	98.00006	1	0	0	0	0
2024-08-23 13:28:20	24.939762460759493	97.69149113924051	98.00006	1	0	0	0	0
2024-08-23 13:28:30	24.93583336875	97.77076983375	98.00006	1	0	0	0	0
2024-08-23 13:28:40	24.928352628	97.73664876	98.00006	1	0	0	0	0
2024-08-23 13:28:50	24.92999492253521	97.90178273661972	98.00006	1	0	0	0	0
2024-08-23 13:29:00	24.963230534285717	97.68524788857142	98.00006	1	0	0	0	0
2024-08-23 13:29:10	24.959998437142858	97.70970416857143	98.00006	1	0	0	0	0
2024-08-23 13:29:20	24.949235334285714	97.82408628571429	98.00006	1	0	0	0	0
2024-08-23 13:29:30	24.966495520000002	97.72502075999999	98.00006	1	0	0	0	0
2024-08-23 13:29:40	24.940829314285715	97.8543712244898	98.00006	1	0	0	0	0
2024-08-23 13:29:50	24.957497933333332	97.86630506666667	98.00006	1	0	0	0	0
2024-08-23 13:30:00	24.90396663508772	98.21775312807017	98.00006	1	0	0	0	0
2024-08-23 13:30:10	24.91299530422535	98.0655880197183	98.00006	1	0	0	0	0
2024-08-23 13:30:20	24.90687272	97.899346	98.00006	1	0	0	0	0
2024-08-23 13:30:30	24.948999860869566	97.82446043478261	98.00006	1	0	0	0	0
2024-08-23 13:30:40	24.917831568	98.02471340000001	98.00006	1	0	0	0	0
2024-08-23 13:30:50	24.927874611392404	97.94695770126583	98.00006	1	0	0	0	0
2024-08-23 13:31:00	24.949755056862745	97.90665352941177	98.00006	1	0	0	0	0
2024-08-23 13:31:10	24.89381161372549	98.17251980392156	98.00006	1	0	0	0	0
2024-08-23 13:31:20	24.916048501694917	98.05572559322033	98.00006	1	0	0	0	0
2024-08-23 13:31:30	24.943551416483515	97.96610857142858	98.00006	1	0	0	0	0
2024-08-23 13:31:40	24.898956068	98.14780640000001	98.00006	1	0	0	0	0
2024-08-23 13:31:50	24.999239285714285	97.81847142857143	98.00006	1	0	0	0	0
2024-08-23 13:32:00	24.918549864000003	98.13551120000001	98.00006	1	0	0	0	0
2024-08-23 13:32:10	24.952116759036144	97.84751734939759	98.00006	1	0	0	0	0
2024-08-23 13:32:20	24.928054898550723	98.00515826086956	98.00006	1	0	0	0	0
2024-08-23 13:32:30	24.94146537	97.958046	98.00006	1	0	0	0	0
2024-08-23 13:32:40	24.95448712033898	97.87613898305085	98.00006	1	0	0	0	0
2024-08-23 13:32:50	24.949531149295773	98.01612725915493	98.00006	1	0	0	0	0
2024-08-23 13:33:00	24.942272369999998	98.03754800666667	98.00006	1	0	0	0	0
2024-08-23 13:33:10	24.98889945	97.767323	98.00006	1	0	0	0	0
2024-08-23 13:33:20	24.932747404	97.96194542399999	98.00006	1	0	0	0	0
2024-08-23 13:33:30	24.988416190000002	97.79984158	98.00006	1	0	0	0	0
2024-08-23 13:33:40	24.929363495918366	98.23099897959185	98.00006	1	0	0	0	0
2024-08-23 13:33:50	24.96595449142857	97.84299028571428	98.00006	1	0	0	0	0
2024-08-23 13:34:00	24.940347562	98.06043844	98.00006	1	0	0	0	0
2024-08-23 13:34:10	24.950524701639342	97.96605593442624	98.00006	1	0	0	0	0
2024-08-23 13:34:20	24.982807226666665	97.84715647333333	98.00006	1	0	0	0	0
2024-08-23 13:34:30	24.99580318888889	97.78341111111112	98.00006	1	0	0	0	0
2024-08-23 13:34:40	24.97055741333333	98.05011147	98.00006	1	0	0	0	0
2024-08-23 13:34:50	24.991738592753624	97.79260848985507	98.00006	1	0	0	0	0
2024-08-23 13:35:00	24.961432084000002	97.951934088	98.00006	1	0	0	0	0
2024-08-23 13:35:10	24.994808102439023	98.1177068292683	98.00006	1	0	0	0	0
2024-08-23 13:35:20	24.95708885106383	97.99193208297872	98.00006	1	0	0	0	0
2024-08-23 13:35:30	24.979675647058823	97.90070882352941	98.00006	1	0	0	0	0
2024-08-23 13:35:40	24.959934233333335	98.01236066666667	98.00006	1	0	0	0	0
2024-08-23 13:35:50	24.960444834285713	98.0072042857143	98.00006	1	0	0	0	0
2024-08-23 13:36:00	25.00362996779661	97.76634536271186	98.00006	1	0	0	0	0
2024-08-23 13:36:10	24.986169253846153	97.78379335128204	98.52569356153846	1	0	0	0	0
2024-08-23 13:36:20	24.9852358	98.0457025	99.20004	1	0	0	0	0
2024-08-23 13:36:30	25.015343846153847	98.1920867948718	99.20004	1	0	0	0	0
2024-08-23 13:36:40	25.08613167142857	98.07866657142857	99.20004	1	0	0	0	0
2024-08-23 13:36:50	25.106991095555554	97.97459355555556	99.20004	1	0	0	0	0
2024-08-23 13:37:00	25.062318962295084	98.50844540983607	99.20004	1	0	0	0	0
2024-08-23 13:37:10	25.123822657142856	98.27592104761905	99.20004	1	0	0	0	0
2024-08-23 13:37:20	25.181781392682925	98.05590802195123	99.20004	1	0	0	0	0
2024-08-23 13:37:30	25.228192905	98.16821625	99.20004	1	0	0	0	0
2024-08-23 13:37:40	25.280145440000002	98.166772	99.20004	1	0	0	0	0
2024-08-23 13:37:50	25.24320603	98.40068398	99.20004	1	0	0	0	0
2024-08-23 13:38:00	25.267247568	98.433532128	99.20004	1	0	0	0	0
2024-08-23 13:38:10	25.31133119142857	98.50618514285715	99.20004	1	0	0	0	0
2024-08-23 13:38:20	25.36465180487805	98.07733341463415	99.20004	1	0	0	0	0
2024-08-23 13:38:30	25.352524762820515	98.46589925641025	99.20004	1	0	0	0	0
2024-08-23 13:38:40	25.390544293442623	98.32318351311476	99.20004	1	0	0	0	0
2024-08-23 13:38:50	25.37303937	98.49712103	99.20004	1	0	0	0	0
2024-08-23 13:39:00	25.426994325000003	98.38227816666667	99.20004	1	0	0	0	0
2024-08-23 13:39:10	25.419592222916666	98.69906770833333	99.20004	1	0	0	0	0
2024-08-23 13:39:20	25.46563831707317	98.61452	99.20004	1	0	0	0	0
2024-08-23 13:39:30	25.429915934285713	98.74960628571428	99.20004	1	0	0	0	0
2024-08-23 13:39:40	25.465876	98.599942	99.20004	1	0	0	0	0
2024-08-23 13:39:50	25.44453904	98.86558000000001	99.20004	1	0	0	0	0
2024-08-23 13:40:00	25.44820282285714	98.80144984	99.20004	1	0	0	0	0
2024-08-23 13:40:10	25.449290006666665	98.93915618666666	99.20004	1	0	0	0	0
2024-08-23 13:40:20	25.50038266	98.7129228	99.20004	1	0	0	0	0
2024-08-23 13:40:30	25.543941450819673	98.54472757704917	99.20004	1	0	0	0	0
2024-08-23 13:40:40	25.531437823188405	98.73307449275363	99.20004	1	0	0	0	0
2024-08-23 13:40:50	25.54906327682927	98.7271656097561	99.20004	1	0	0	0	0
2024-08-23 13:41:00	25.496674722033898	99.12048847457626	99.20004	1	0	0	0	0
2024-08-23 13:41:10	25.566296153658538	98.92763853658536	99.20004	1	0	0	0	0
2024-08-23 13:41:20	25.46611449361702	99.31795829787234	99.20004	1	0	0	0	0
2024-08-23 13:41:30	25.536408066101696	98.86963696271187	99.20004	1	0	0	0	0
2024-08-23 13:41:40	25.503798019607846	99.20986078431372	99.20004	1	0	0	0	0
2024-08-23 13:41:50	25.55269337	98.939054	99.20004	1	0	0	0	0
2024-08-23 13:42:00	25.554125713114754	98.79965081967214	99.20004	1	0	0	0	0
2024-08-23 13:42:10	25.58255764782609	98.82219797101449	99.20004	1	0	0	0	0
2024-08-23 13:42:20	25.579268228	98.889638	99.20004	1	0	0	0	0
2024-08-23 13:42:30	25.61600378857143	98.922048	99.20004	1	0	0	0	0
2024-08-23 13:42:40	25.599026097560976	98.93204926829267	99.20004	1	0	0	0	0
2024-08-23 13:42:50	25.64769255063291	98.75421645569621	99.20004	1	0	0	0	0
2024-08-23 13:43:00	25.59607545142857	99.10147114285714	99.20004	1	0	0	0	0
2024-08-23 13:43:10	25.601558154285716	99.11666257142858	99.20004	1	0	0	0	0
2024-08-23 13:43:20	25.5728294	99.31375270000001	99.20004	1	0	0	0	0
2024-08-23 13:43:30	25.58631433142857	99.29748897142856	99.20004	1	0	0	0	0
2024-08-23 13:43:40	25.564017359574468	99.33176042553191	99.20004	1	0	0	0	0
2024-08-23 13:43:50	25.592144264634147	99.20568024390244	99.20004	1	0	0	0	0
2024-08-23 13:44:00	25.57232323559322	99.39785779661017	99.20004	1	0	0	0	0
2024-08-23 13:44:10	25.60489703707865	99.03676515505619	99.20004	1	0	0	0	0
2024-08-23 13:44:20	25.581939676470586	99.27181256470588	99.20004	1	0	0	0	0
2024-08-23 13:44:30	25.63418385362319	98.77635014492753	99.20004	1	0	0	0	0
2024-08-23 13:44:40	25.630572636	99.08764000000001	99.20004	1	0	0	0	0
2024-08-23 13:44:50	25.630593114285713	99.22008234285714	99.20004	1	0	0	0	0
2024-08-23 13:45:00	25.64355044857143	98.99517657142857	99.20004	1	0	0	0	0
2024-08-23 13:45:10	25.60389474126984	99.16949968253968	99.20004	1	0	0	0	0
2024-08-23 13:45:20	25.61079698	99.22548933333333	99.20004	1	0	0	0	0
2024-08-23 13:45:30	25.56775239142857	99.46076285714285	99.20004	1	0	0	0	0
2024-08-23 13:45:40	25.62468685714286	99.04575572040817	99.20004	1	0	0	0	0
2024-08-23 13:45:50	25.58902517101449	99.3565	99.20004	1	0	0	0	0
2024-08-23 13:46:00	25.60524799577465	99.14318989859154	99.20004	1	0	0	0	0
2024-08-23 13:46:10	25.619546237777776	99.11321094222222	99.20004	1	0	0	0	0
2024-08-23 13:46:20	25.652042047826086	98.9873037	99.20004	1	0	0	0	0
2024-08-23 13:46:30	25.604980708695653	99.30683582608695	99.20004	1	0	0	0	0
2024-08-23 13:46:40	25.59313203220339	99.13689220338983	99.20004	1	0	0	0	0
2024-08-23 13:46:50	25.58488249142857	99.36675314285714	99.20004	1	0	0	0	0
2024-08-23 13:47:00	25.56758875862069	99.37862068965518	99.20004	1	0	0	0	0
2024-08-23 13:47:10	25.639821685714285	98.95644057142857	99.20004	1	0	0	0	0
2024-08-23 13:47:20	25.606288542857143	99.144546	99.20004	1	0	0	0	0
2024-08-23 13:47:30	25.596434416666668	99.3241285	99.20004	1	0	0	0	0
2024-08-23 13:47:40	25.613303333333334	99.26376591666667	99.20004	1	0	0	0	0
2024-08-23 13:47:50	25.636443118840578	99.0600070884058	99.20004	1	0	0	0	0
2024-08-23 13:48:00	25.60992483714286	99.22139636571428	99.20004	1	0	0	0	0
2024-08-23 13:48:10	25.59812765185185	99.20386664444445	99.20004	1	0	0	0	0
2024-08-23 13:48:20	25.593662000000002	99.16089342857143	99.20004	1	0	0	0	0
2024-08-23 13:48:30	25.59637	99.37449000000001	99.20004	1	0	0	0	0
2024-08-23 13:48:40	25.5710163	99.47701	99.20004	1	0	0	0	0
2024-08-23 13:48:50	25.569108548333332	99.45897066666667	99.20004	1	0	0	0	0
2024-08-23 13:49:00	25.575938732835823	99.40778840746269	99.20004	1	0	0	0	0
2024-08-23 13:49:10	25.636654761445786	98.99500383132529	99.20004	1	0	0	0	0
2024-08-23 13:49:20	25.620081110294116	99.03214646764707	99.20004	1	0	0	0	0
2024-08-23 13:49:30	25.615761380000002	99.143464	99.20004	1	0	0	0	0
2024-08-23 13:49:40	25.646569883673468	98.9444575510204	99.20004	1	0	0	0	0
2024-08-23 13:49:50	25.60155714	99.26017384	99.20004	1	0	0	0	0
2024-08-23 13:50:00	25.570072677142857	99.14205885714286	99.20004	1	0	0	0	0
2024-08-23 13:50:10	25.603193259999998	99.228588	99.20004	1	0	0	0	0
2024-08-23 13:50:20	25.580363285714284	99.24724628571428	99.20004	1	0	0	0	0
2024-08-23 13:50:30	25.57507148	99.4085471111111	99.20004	1	0	0	0	0
2024-08-23 13:50:40	25.621466416	99.28964338	99.20004	1	0	0	0	0
2024-08-23 13:50:50	25.639078159016396	99.36364393442624	99.20004	1	0	0	0	0
2024-08-23 13:51:00	25.609997086206896	99.28361288275862	99.20004	1	0	0	0	0
2024-08-23 13:51:10	25.629514125	99.08126083333333	99.20004	1	0	0	0	0
2024-08-23 13:51:20	25.603047344262297	99.38926196721312	99.20004	1	0	0	0	0
2024-08-23 13:51:30	25.564489529113924	99.44316	99.20004	1	0	0	0	0
2024-08-23 13:51:40	25.63048599516129	99.05192903225807	99.20004	1	0	0	0	0
2024-08-23 13:51:50	25.573525792857144	99.23071171428572	99.20004	1	0	0	0	0
2024-08-23 13:52:00	25.575494344	99.3499166	99.20004	1	0	0	0	0
2024-08-23 13:52:10	25.533676303703704	99.55332148148148	99.20004	1	0	0	0	0
2024-08-23 13:52:20	25.509700857142857	99.607494	99.20004	1	0	0	0	0
2024-08-23 13:52:30	25.579412857142856	99.16168714285715	99.20004	1	0	0	0	0
2024-08-23 13:52:40	25.521203628571428	99.54742571428572	99.20004	1	0	0	0	0
2024-08-23 13:52:50	25.522494815384615	99.50096307692309	99.20004	1	0	0	0	0
2024-08-23 13:53:00	25.519064974285715	99.46587750285715	99.20004	1	0	0	0	0
2024-08-23 13:53:10	25.515680265714288	99.50606342857144	99.20004	1	0	0	0	0
2024-08-23 13:53:20	25.50945140857143	99.46019914285715	99.20004	1	0	0	0	0
2024-08-23 13:53:30	25.50394919473684	99.48310929824561	99.20004	1	0	0	0	0
2024-08-23 13:53:40	25.485090152	99.582454672	99.20004	1	0	0	0	0
2024-08-23 13:53:50	25.477694096202534	99.59903981265823	99.20004	1	0	0	0	0
2024-08-23 13:54:00	25.5197838275	99.278948125	99.20004	1	0	0	0	0
2024-08-23 13:54:10	25.514340765555556	99.19768606222222	99.20004	1	0	0	0	0
2024-08-23 13:54:20	25.482032	99.46680354366197	99.20004	1	0	0	0	0
2024-08-23 13:54:30	25.44217711034483	99.64787568965518	99.20004	1	0	0	0	0
2024-08-23 13:54:40	25.52017718666667	99.09957894666667	99.20004	1	0	0	0	0
2024-08-23 13:54:50	25.432037237777777	99.64716655555556	99.20004	1	0	0	0	0
2024-08-23 13:55:00	25.496306704225354	99.19957957746479	99.20004	1	0	0	0	0
2024-08-23 13:55:10	25.50277057142857	99.05112714285714	99.20004	1	0	0	0	0
2024-08-23 13:55:20	25.4373409	99.46044723404255	99.20004	1	0	0	0	0
2024-08-23 13:55:30	25.465331852	99.5803716	99.20004	1	0	0	0	0
2024-08-23 13:55:40	25.42427836	99.37183542857143	99.20004	1	0	0	0	0
2024-08-23 13:55:50	25.423377242857143	99.44827085714286	99.20004	1	0	0	0	0
2024-08-23 13:56:00	25.45297002	99.23569657142858	99.20004	1	0	0	0	0
2024-08-23 13:56:10	25.40195341265823	99.54603696202531	99.20004	1	0	0	0	0
2024-08-23 13:56:20	25.44333602352941	99.14105352941176	99.20004	1	0	0	0	0
2024-08-23 13:56:30	25.428787487323945	99.11231022957746	99.20004	1	0	0	0	0
2024-08-23 13:56:40	25.427819372881356	99.3298220338983	99.20004	1	0	0	0	0
2024-08-23 13:56:50	25.389774749382717	99.55359543209876	99.20004	1	0	0	0	0
2024-08-23 13:57:00	25.422530364	99.3906124	99.20004	1	0	0	0	0
2024-08-23 13:57:10	25.401746652941174	99.37887470588235	99.20004	1	0	0	0	0
2024-08-23 13:57:20	25.40642144	99.31006316	99.20004	1	0	0	0	0
2024-08-23 13:57:30	25.42831132	99.12853100000001	99.20004	1	0	0	0	0
2024-08-23 13:57:40	25.37194602	99.32169343999999	99.20004	1	0	0	0	0
2024-08-23 13:57:50	25.39753532285714	99.30571974	99.20004	1	0	0	0	0
2024-08-23 13:58:00	25.342542034285714	99.6220701142857	99.20004	1	0	0	0	0
2024-08-23 13:58:10	25.37793402	99.25838475	99.20004	1	0	0	0	0
2024-08-23 13:58:20	25.379494	99.391144	99.20004	1	0	0	0	0
2024-08-23 13:58:30	25.383314403703704	99.24633608148147	99.20004	1	0	0	0	0
2024-08-23 13:58:40	25.35456175510204	99.37910920816327	99.20004	1	0	0	0	0
2024-08-23 13:58:50	25.369034345714283	99.35683057142857	99.20004	1	0	0	0	0
2024-08-23 13:59:00	25.350223548571428	99.31493142857143	99.20004	1	0	0	0	0
2024-08-23 13:59:10	25.285297457627117	99.7231407118644	99.20004	1	0	0	0	0
2024-08-23 13:59:20	25.335184285714284	99.32754028571429	99.20004	1	0	0	0	0
2024-08-23 13:59:30	25.295290054166667	99.55681337777777	99.20004	1	0	0	0	0
2024-08-23 13:59:40	25.361749347058822	99.10923309411766	99.20004	1	0	0	0	0
2024-08-23 13:59:50	25.38152521857143	98.98975971428571	99.20004	1	0	0	0	0
2024-08-23 14:00:00	25.26956335428571	99.62120401142856	99.20004	1	0	0	0	0
2024-08-23 14:00:10	25.293186461728396	99.46217024691359	99.20004	1	0	0	0	0
2024-08-23 14:00:20	25.292148129999998	99.41968585714285	99.20004	1	0	0	0	0
2024-08-23 14:00:30	25.27129016857143	99.35508028571428	99.20004	1	0	0	0	0
2024-08-23 14:00:40	25.26529308292683	99.50068268292682	99.20004	1	0	0	0	0
2024-08-23 14:00:50	25.298918114285716	99.46731514285713	99.20004	1	0	0	0	0
2024-08-23 14:01:00	25.281890011428573	99.28671857142857	99.20004	1	0	0	0	0
2024-08-23 14:01:10	25.263132716901406	99.38045706197182	99.20004	1	0	0	0	0
2024-08-23 14:01:20	25.24917541	99.431735	99.20004	1	0	0	0	0
2024-08-23 14:01:30	25.274919880000002	99.43553924	99.20004	1	0	0	0	0
2024-08-23 14:01:40	25.249186518367345	99.38491755102041	99.20004	1	0	0	0	0
2024-08-23 14:01:50	25.252857738709675	99.34931693548388	99.20004	1	0	0	0	0
2024-08-23 14:02:00	25.255633230434785	99.28422173913043	99.20004	1	0	0	0	0
2024-08-23 14:02:10	25.212659600000002	99.52335304347825	99.20004	1	0	0	0	0
2024-08-23 14:02:20	25.235488737142855	99.29152142857143	99.20004	1	0	0	0	0
2024-08-23 14:02:30	25.154532485714288	99.67388029714286	99.20004	1	0	0	0	0
2024-08-23 14:02:40	25.210504614634146	99.32063365853658	99.20004	1	0	0	0	0
2024-08-23 14:02:50	25.223648313043476	99.2868447826087	99.20004	1	0	0	0	0
2024-08-23 14:03:00	25.222507022857144	99.25695872857143	99.20004	1	0	0	0	0
2024-08-23 14:03:10	25.22842484225352	99.2280042887324	99.20004	1	0	0	0	0
2024-08-23 14:03:20	25.211921423188404	99.29213536231885	99.20004	1	0	0	0	0
2024-08-23 14:03:30	25.248162828169015	99.10753090422536	99.20004	1	0	0	0	0
2024-08-23 14:03:40	25.18003045609756	99.3041568292683	99.20004	1	0	0	0	0
2024-08-23 14:03:50	25.227956411428572	99.13631439428572	99.20004	1	0	0	0	0
2024-08-23 14:04:00	25.202678306666666	99.37028421000001	99.20004	1	0	0	0	0
2024-08-23 14:04:10	25.1585386075	99.567216	99.20004	1	0	0	0	0
2024-08-23 14:04:20	25.14652875942029	99.45162746086956	99.20004	1	0	0	0	0
2024-08-23 14:04:30	25.13263242962963	99.63451296296297	99.20004	1	0	0	0	0
2024-08-23 14:04:40	25.11838929137931	99.66446879310345	99.20004	1	0	0	0	0
2024-08-23 14:04:50	25.165113753333333	99.42324433333333	99.20004	1	0	0	0	0
2024-08-23 14:05:00	25.22313128627451	98.95629804509804	99.20004	1	0	0	0	0
2024-08-23 14:05:10	25.14143359130435	99.47259260869565	99.20004	1	0	0	0	0
2024-08-23 14:05:20	25.143785336	99.322216	99.20004	1	0	0	0	0
2024-08-23 14:05:30	25.13444098	99.5065593	99.20004	1	0	0	0	0
2024-08-23 14:05:40	25.145339240000002	99.404826	99.20004	1	0	0	0	0
2024-08-23 14:05:50	25.11302229857143	99.52982485714286	99.20004	1	0	0	0	0
2024-08-23 14:06:00	25.127723012	99.549845896	99.20004	1	0	0	0	0
2024-08-23 14:06:10	25.087318785	99.58471683500001	99.20004	1	0	0	0	0
2024-08-23 14:06:20	25.045926894285714	99.78798542857143	99.20004	1	0	0	0	0
2024-08-23 14:06:30	25.117523982857143	99.26057800000001	99.20004	1	0	0	0	0
2024-08-23 14:06:40	25.096571808	99.4734416	99.20004	1	0	0	0	0
2024-08-23 14:06:50	25.07484017213115	99.50186754098361	99.20004	1	0	0	0	0
2024-08-23 14:07:00	25.112719595	99.214342	99.20004	1	0	0	0	0
2024-08-23 14:07:10	25.067997661290324	99.4435785483871	99.20004	1	0	0	0	0
2024-08-23 14:07:20	25.076759428000003	99.263936	99.20004	1	0	0	0	0
2024-08-23 14:07:30	25.069739206097562	99.34257044634147	99.20004	1	0	0	0	0
2024-08-23 14:07:40	25.075266412244897	99.28141188163266	99.20004	1	0	0	0	0
2024-08-23 14:07:50	25.07253382	99.3569913	99.20004	1	0	0	0	0
2024-08-23 14:08:00	25.050173695999998	99.3920928	99.20004	1	0	0	0	0
2024-08-23 14:08:10	25.06789062	99.26275266666667	99.20004	1	0	0	0	0
2024-08-23 14:08:20	25.07456109714286	99.31238028571428	99.20004	1	0	0	0	0
2024-08-23 14:08:30	25.090357657142857	99.11632205714287	99.20004	1	0	0	0	0
2024-08-23 14:08:40	25.045114520833334	99.41068666666666	99.20004	1	0	0	0	0
2024-08-23 14:08:50	25.028877152459017	99.45767213114755	99.20004	1	0	0	0	0
2024-08-23 14:09:00	25.039442255172414	99.38072310344828	99.20004	1	0	0	0	0
2024-08-23 14:09:10	25.01402285714286	99.62531507142857	99.20004	1	0	0	0	0
2024-08-23 14:09:20	25.036476284210526	99.33167684210527	99.20004	1	0	0	0	0
2024-08-23 14:09:30	25.023310032911393	99.36238312911392	99.20004	1	0	0	0	0
2024-08-23 14:09:40	25.038505884057972	99.28925927536233	99.20004	1	0	0	0	0
2024-08-23 14:09:50	25.03031794	99.2681176	99.20004	1	0	0	0	0
2024-08-23 14:10:00	25.05112680612245	99.15827163265307	99.20004	1	0	0	0	0
2024-08-23 14:10:10	24.947013422222224	99.81957530864197	99.20004	1	0	0	0	0
2024-08-23 14:10:20	25.021457491428574	99.18334481714287	99.20004	1	0	0	0	0
2024-08-23 14:10:30	25.00355676	99.26971524	99.20004	1	0	0	0	0
2024-08-23 14:10:40	24.984093066666667	99.37322066666667	99.20004	1	0	0	0	0
2024-08-23 14:10:50	24.96474357142857	99.25163181714285	99.20004	1	0	0	0	0
2024-08-23 14:11:00	24.9498712	99.487492696	99.20004	1	0	0	0	0
2024-08-23 14:11:10	24.996854124	99.173906992	99.20004	1	0	0	0	0
2024-08-23 14:11:20	24.938861648	99.3256112	99.20004	1	0	0	0	0
2024-08-23 14:11:30	24.98474279111111	99.200836	99.20004	1	0	0	0	0
2024-08-23 14:11:40	24.95530566	99.39122900000001	99.20004	1	0	0	0	0
2024-08-23 14:11:50	24.942258535555556	99.40906133333334	99.20004	1	0	0	0	0
2024-08-23 14:12:00	24.921901291999998	99.5473032	99.20004	1	0	0	0	0
2024-08-23 14:12:10	24.923430782857142	99.55077971428571	99.20004	1	0	0	0	0
2024-08-23 14:12:20	24.92311725	99.38096787666667	99.20004	1	0	0	0	0
2024-08-23 14:12:30	24.9329915325	99.3256805	99.20004	1	0	0	0	0
2024-08-23 14:12:40	24.9044533	99.47417	99.20004	1	0	0	0	0
2024-08-23 14:12:50	24.93030332888889	99.27113461333333	99.20004	1	0	0	0	0
2024-08-23 14:13:00	24.905975733898305	99.4255393220339	99.20004	1	0	0	0	0
2024-08-23 14:13:10	24.925746856	99.5563252	99.20004	1	0	0	0	0
2024-08-23 14:13:20	24.915376190476188	99.26704761904763	99.20004	1	0	0	0	0
2024-08-23 14:13:30	24.86525114666667	99.60207955333334	99.20004	1	0	0	0	0
2024-08-23 14:13:40	24.863286446666667	99.43116933333333	99.20004	1	0	0	0	0
2024-08-23 14:13:50	24.87982757323944	99.40579802816902	99.20004	1	0	0	0	0
2024-08-23 14:14:00	24.87036593114754	99.4747986590164	99.20004	1	0	0	0	0
2024-08-23 14:14:10	24.859224979710145	99.48838623188405	99.20004	1	0	0	0	0
2024-08-23 14:14:20	24.87450677142857	99.18749571428572	99.20004	1	0	0	0	0
2024-08-23 14:14:30	24.86714086	99.29445648	99.20004	1	0	0	0	0
2024-08-23 14:14:40	24.88372006231884	99.26517057971014	99.20004	1	0	0	0	0
2024-08-23 14:14:50	24.87844655185185	99.30966785679013	99.20004	1	0	0	0	0
2024-08-23 14:15:00	24.877632130434783	99.26658135652174	99.20004	1	0	0	0	0
2024-08-23 14:15:10	24.882048256250002	99.2241490625	99.20004	1	0	0	0	0
2024-08-23 14:15:20	24.833257114285715	99.59883897959185	99.20004	1	0	0	0	0
2024-08-23 14:15:30	24.836557352	99.46129479999999	99.20004	1	0	0	0	0
2024-08-23 14:15:40	24.858553592957744	99.28065957746479	99.20004	1	0	0	0	0
2024-08-23 14:15:50	24.84864971857143	99.29537528571429	99.20004	1	0	0	0	0
2024-08-23 14:16:00	24.866448543333334	99.11570281333333	99.20004	1	0	0	0	0
2024-08-23 14:16:10	24.8504528725	99.25593334	99.20004	1	0	0	0	0
2024-08-23 14:16:20	24.78848446862745	99.79364566470588	99.20004	1	0	0	0	0
2024-08-23 14:16:30	24.78046088	99.60177571428571	99.20004	1	0	0	0	0
2024-08-23 14:16:40	24.79822072	99.45538400000001	99.20004	1	0	0	0	0
2024-08-23 14:16:50	24.8453168	99.209676	99.20004	1	0	0	0	0
2024-08-23 14:17:00	24.833674913793104	99.17767724137931	99.20004	1	0	0	0	0
2024-08-23 14:17:10	24.826522033333333	99.23813658541667	99.20004	1	0	0	0	0
2024-08-23 14:17:20	24.788500263414633	99.4161713707317	99.20004	1	0	0	0	0
2024-08-23 14:17:30	24.80713092753623	99.34141130434783	99.20004	1	0	0	0	0
2024-08-23 14:17:40	24.773531577419355	99.50239958225806	99.20004	1	0	0	0	0
2024-08-23 14:17:50	24.824551661428572	99.17147209	99.20004	1	0	0	0	0
2024-08-23 14:18:00	24.848351431884055	99.24410014492753	99.20004	1	0	0	0	0
2024-08-23 14:18:10	24.762107437037038	99.53837703703704	99.20004	1	0	0	0	0
2024-08-23 14:18:20	24.770894928	99.41115728	99.20004	1	0	0	0	0
2024-08-23 14:18:30	24.77101	99.6414948	99.20004	1	0	0	0	0
2024-08-23 14:18:40	24.803171016	99.14690464	99.20004	1	0	0	0	0
2024-08-23 14:18:50	24.771154045	99.26195676249999	99.20004	1	0	0	0	0
2024-08-23 14:19:00	24.75221821	99.746252	99.20004	1	0	0	0	0
2024-08-23 14:19:10	24.79961411714286	99.08037685714287	99.20004	1	0	0	0	0
2024-08-23 14:19:20	24.70044506829268	99.69939765853658	99.20004	1	0	0	0	0
2024-08-23 14:19:30	24.747181045070423	99.3635726084507	99.20004	1	0	0	0	0
2024-08-23 14:19:40	24.726764484	99.4684032	99.20004	1	0	0	0	0
2024-08-23 14:19:50	24.76448742142857	99.21666628571428	99.20004	1	0	0	0	0
2024-08-23 14:20:00	24.695989344262294	99.62109283934426	99.20004	1	0	0	0	0
2024-08-23 14:20:10	24.74697658227848	99.24144699746834	99.20004	1	0	0	0	0
2024-08-23 14:20:20	24.710192934426228	99.44359983606557	99.20004	1	0	0	0	0
2024-08-23 14:20:30	24.7227572	99.15893232911392	99.20004	1	0	0	0	0
2024-08-23 14:20:40	24.719217179999998	99.2946944	99.20004	1	0	0	0	0
2024-08-23 14:20:50	24.772174963235294	99.30567235294119	99.20004	1	0	0	0	0
2024-08-23 14:21:00	24.69822205633803	99.47450661971831	99.20004	1	0	0	0	0
2024-08-23 14:21:10	24.752621575510204	99.06444595918369	99.20004	1	0	0	0	0
2024-08-23 14:21:20	24.663077033333334	99.566668	99.20004	1	0	0	0	0
2024-08-23 14:21:30	24.685071054999998	99.4653605	99.20004	1	0	0	0	0
2024-08-23 14:21:40	24.739692004000002	99.002831368	99.20004	1	0	0	0	0
2024-08-23 14:21:50	24.724685965	99.150245985	99.20004	1	0	0	0	0
2024-08-23 14:22:00	24.677455893333335	99.43608466666666	99.20004	1	0	0	0	0
2024-08-23 14:22:10	24.63399223	99.67104599999999	99.20004	1	0	0	0	0
2024-08-23 14:22:20	24.671085077419356	99.40292227580645	99.20004	1	0	0	0	0
2024-08-23 14:22:30	24.68396368548387	98.93635210645162	99.20004	1	0	0	0	0
2024-08-23 14:22:40	24.679342259183674	99.50442959183674	99.20004	1	0	0	0	0
2024-08-23 14:22:50	24.713981375324675	99.21053792207792	99.20004	1	0	0	0	0
2024-08-23 14:23:00	24.654595829999998	99.374363	99.20004	1	0	0	0	0
2024-08-23 14:23:10	24.66003527118644	99.40338451016949	99.20004	1	0	0	0	0
2024-08-23 14:23:20	24.650704845070422	99.63802950704225	99.20004	1	0	0	0	0
2024-08-23 14:23:30	24.6906332	99.18746620253164	99.20004	1	0	0	0	0
2024-08-23 14:23:40	24.62237742352941	99.56917578431371	99.20004	1	0	0	0	0
2024-08-23 14:23:50	24.65370381355932	99.33985355932204	99.20004	1	0	0	0	0
2024-08-23 14:24:00	24.6839414983871	99.15415596774194	99.20004	1	0	0	0	0
2024-08-23 14:24:10	24.670108281159422	99.2233504347826	99.20004	1	0	0	0	0
2024-08-23 14:24:20	24.646436	99.53750733333332	99.20004	1	0	0	0	0
2024-08-23 14:24:30	24.600415070422535	99.57871366197183	99.20004	1	0	0	0	0
2024-08-23 14:24:40	24.647874274509803	99.25362509803922	99.20004	1	0	0	0	0
2024-08-23 14:24:50	24.588758830434784	99.50830304347826	99.20004	1	0	0	0	0
2024-08-23 14:25:00	24.64172579710145	99.17747449275363	99.20004	1	0	0	0	0
2024-08-23 14:25:10	24.612656	99.19453200000001	99.20004	1	0	0	0	0
2024-08-23 14:25:20	24.625079424	99.252242856	99.20004	1	0	0	0	0
2024-08-23 14:25:30	24.64429435	99.05613551	99.20004	1	0	0	0	0
2024-08-23 14:25:40	24.594692843999997	99.4107924	99.20004	1	0	0	0	0
2024-08-23 14:25:50	24.56638841975309	99.31198666666667	99.20004	1	0	0	0	0
2024-08-23 14:26:00	24.524555405882353	99.70811764705883	99.20004	1	0	0	0	0
2024-08-23 14:26:10	24.534965425925925	99.63135160493827	99.20004	1	0	0	0	0
2024-08-23 14:26:20	24.600072	99.1098	99.20004	1	0	0	0	0
2024-08-23 14:26:30	24.562202042499997	99.26850875	99.20004	1	0	0	0	0
2024-08-23 14:26:40	24.5030766	99.68256	99.20004	1	0	0	0	0
2024-08-23 14:26:50	24.52539087951807	99.71342325301205	99.20004	1	0	0	0	0
2024-08-23 14:27:00	24.5124492	99.43767357142858	99.20004	1	0	0	0	0
2024-08-23 14:27:10	24.52965542745098	99.53050156862746	99.20004	1	0	0	0	0
2024-08-23 14:27:20	24.568009895652175	98.94601856086958	99.20004	1	0	0	0	0
2024-08-23 14:27:30	24.542427248611112	99.22209847222223	99.20004	1	0	0	0	0
2024-08-23 14:27:40	24.554104269387754	99.13456979591837	99.20004	1	0	0	0	0
2024-08-23 14:27:50	24.529214701666668	99.30321816666667	99.20004	1	0	0	0	0
2024-08-23 14:28:00	24.52286278235294	99.2761205882353	99.20004	1	0	0	0	0
2024-08-23 14:28:10	24.50937822317073	99.48830937439024	99.20004	1	0	0	0	0
2024-08-23 14:28:20	24.523894415	99.295152585	99.20004	1	0	0	0	0
2024-08-23 14:28:30	24.495491472151897	99.40439886075949	99.20004	1	0	0	0	0
2024-08-23 14:28:40	24.500038764788734	99.34633684507043	99.20004	1	0	0	0	0
2024-08-23 14:28:50	24.45797123875	99.567921625	99.20004	1	0	0	0	0
2024-08-23 14:29:00	24.473843808474577	99.41730614067797	99.20004	1	0	0	0	0
2024-08-23 14:29:10	24.463148227419353	99.4648179032258	99.20004	1	0	0	0	0
2024-08-23 14:29:20	24.426129856000003	99.629409324	99.20004	1	0	0	0	0
2024-08-23 14:29:30	24.50314532285714	99.09055142857143	99.20004	1	0	0	0	0
2024-08-23 14:29:40	24.476063359999998	99.233712	99.20004	1	0	0	0	0
2024-08-23 14:29:50	24.425801525	99.629013445	99.20004	1	0	0	0	0
2024-08-23 14:30:00	24.43520211764706	99.31732537058824	99.20004	1	0	0	0	0
2024-08-23 14:30:10	24.427207799999998	99.409206	99.20004	1	0	0	0	0
2024-08-23 14:30:20	24.466957067605634	99.22671295774647	99.20004	1	0	0	0	0
2024-08-23 14:30:30	24.416575008749998	99.34709576125	99.20004	1	0	0	0	0
2024-08-23 14:30:40	24.49554027826087	98.92228477101449	99.20004	1	0	0	0	0
2024-08-23 14:30:50	24.444501398765432	99.39893382716049	99.20004	1	0	0	0	0
2024-08-23 14:31:00	24.40192119354839	99.50699612903226	99.20004	1	0	0	0	0
2024-08-23 14:31:10	24.400968206	99.453418372	99.20004	1	0	0	0	0
2024-08-23 14:31:20	24.421575067272727	99.51243666181819	99.20004	1	0	0	0	0
2024-08-23 14:31:30	24.384394080487805	99.56389475853659	99.20004	1	0	0	0	0
2024-08-23 14:31:40	24.423693554285716	99.24428869142857	99.20004	1	0	0	0	0
2024-08-23 14:31:50	24.42445844	99.32581052	99.20004	1	0	0	0	0
2024-08-23 14:32:00	24.32450798846154	99.8396626923077	99.20004	1	0	0	0	0
2024-08-23 14:32:10	24.40166779661017	99.32111813559322	99.20004	1	0	0	0	0
2024-08-23 14:32:20	24.407461078688524	99.28106475409837	99.20004	1	0	0	0	0
2024-08-23 14:32:30	24.419129878481012	99.12452265822785	99.20004	1	0	0	0	0
2024-08-23 14:32:40	24.383569365	99.35414097	99.20004	1	0	0	0	0
2024-08-23 14:32:50	24.41075669431818	99.11079515227273	99.20004	1	0	0	0	0
2024-08-23 14:33:00	24.37731626	99.10137599999999	99.20004	1	0	0	0	0
2024-08-23 14:33:10	24.350416031707315	99.53677682926829	99.20004	1	0	0	0	0
2024-08-23 14:33:20	24.420569214285713	98.95959697857143	99.20004	1	0	0	0	0
2024-08-23 14:33:30	24.375676046153846	99.30070153846154	99.20004	1	0	0	0	0
2024-08-23 14:33:40	24.35028744	99.38510501666667	99.20004	1	0	0	0	0
2024-08-23 14:33:50	24.36429297032967	99.27592922527472	99.20004	1	0	0	0	0
2024-08-23 14:34:00	24.352833725	99.384228975	99.20004	1	0	0	0	0
2024-08-23 14:34:10	24.327557491304347	99.53132808695652	99.20004	1	0	0	0	0
2024-08-23 14:34:20	24.35716695	99.32259196000001	99.20004	1	0	0	0	0
2024-08-23 14:34:30	24.403483432098763	99.39454333333333	99.20004	1	0	0	0	0
2024-08-23 14:34:40	24.35781305714286	99.35156476285714	99.20004	1	0	0	0	0
2024-08-23 14:34:50	24.369441791011237	99.20345752808988	99.20004	1	0	0	0	0
2024-08-23 14:35:00	24.401459368	99.01093279999999	99.20004	1	0	0	0	0
2024-08-23 14:35:10	24.319883333333333	99.44140081568628	99.20004	1	0	0	0	0
2024-08-23 14:35:20	24.351934312	99.29153000000001	99.20004	1	0	0	0	0
2024-08-23 14:35:30	24.30237234237288	99.54328593220339	99.20004	1	0	0	0	0
2024-08-23 14:35:40	24.372298669512194	99.06593548780488	99.20004	1	0	0	0	0
2024-08-23 14:35:50	24.30527845487805	99.41118715	99.20004	1	0	0	0	0
2024-08-23 14:36:00	24.291860355102042	99.43130738367347	99.20004	1	0	0	0	0
2024-08-23 14:36:10	24.311219860869567	99.46634724637681	99.20004	1	0	0	0	0
2024-08-23 14:36:20	24.291195958536587	99.44201512195123	99.20004	1	0	0	0	0
2024-08-23 14:36:30	24.322531707692306	99.24505166666665	99.20004	1	0	0	0	0
2024-08-23 14:36:40	24.304544273770492	99.29001377049181	99.20004	1	0	0	0	0
2024-08-23 14:36:50	24.2988950875	99.2554865475	99.20004	1	0	0	0	0
2024-08-23 14:37:00	24.24366221142857	99.45302794857142	99.20004	1	0	0	0	0
2024-08-23 14:37:10	24.27110317254902	99.4197611254902	99.20004	1	0	0	0	0
2024-08-23 14:37:20	24.288243392000002	99.13011759999999	99.20004	1	0	0	0	0
2024-08-23 14:37:30	24.311886233333336	99.24872614666667	99.20004	1	0	0	0	0
2024-08-23 14:37:40	24.26485223580247	99.31137975308641	99.20004	1	0	0	0	0
2024-08-23 14:37:50	24.217982685915494	99.6627371830986	99.20004	1	0	0	0	0
2024-08-23 14:38:00	24.26409524590164	99.50466281967213	99.20004	1	0	0	0	0
2024-08-23 14:38:10	24.20875681012658	99.59931721518987	99.20004	1	0	0	0	0
2024-08-23 14:38:20	24.28139299	99.061134118	99.20004	1	0	0	0	0
2024-08-23 14:38:30	24.25410623970588	99.45580779411765	99.20004	1	0	0	0	0
2024-08-23 14:38:40	24.245433371249998	99.271243875	99.20004	1	0	0	0	0
2024-08-23 14:38:50	24.224507624390245	99.38800914634146	99.20004	1	0	0	0	0
2024-08-23 14:39:00	24.247046265	99.218255185	99.20004	1	0	0	0	0
2024-08-23 14:39:10	24.237697166101693	99.19496122711865	99.20004	1	0	0	0	0
2024-08-23 14:39:20	24.235466624489796	99.39227	99.20004	1	0	0	0	0
2024-08-23 14:39:30	24.224957296	99.1318452	99.20004	1	0	0	0	0
2024-08-23 14:39:40	24.193491051666665	99.47400383333334	99.20004	1	0	0	0	0
2024-08-23 14:39:50	24.202224790140846	99.38767436619719	99.20004	1	0	0	0	0
2024-08-23 14:40:00	24.219229163934425	99.31187393442623	99.20004	1	0	0	0	0
2024-08-23 14:40:10	24.24752584117647	99.03985699264706	99.20004	1	0	0	0	0
2024-08-23 14:40:20	24.1548802	99.647474948	99.20004	1	0	0	0	0
2024-08-23 14:40:30	24.222211722857143	99.34965963428571	99.20004	1	0	0	0	0
2024-08-23 14:40:40	24.2434387	99.0444641	99.20004	1	0	0	0	0
2024-08-23 14:40:50	24.16143457	99.4538756	99.20004	1	0	0	0	0
2024-08-23 14:41:00	24.181815455072464	99.3795363768116	99.20004	1	0	0	0	0
2024-08-23 14:41:10	24.176547055072465	99.39416304347826	99.20004	1	0	0	0	0
2024-08-23 14:41:20	24.152733963414633	99.51341463414634	99.20004	1	0	0	0	0
2024-08-23 14:41:30	24.188605298360656	99.25030573770492	99.20004	1	0	0	0	0
2024-08-23 14:41:40	24.138107162711865	99.54380305084746	99.20004	1	0	0	0	0
2024-08-23 14:41:50	24.11623222	99.601149185	99.20004	1	0	0	0	0
2024-08-23 14:42:00	24.130267364788732	99.49111267605635	99.20004	1	0	0	0	0
2024-08-23 14:42:10	24.16624395588235	99.21637632352942	99.20004	1	0	0	0	0
2024-08-23 14:42:20	24.20446681458333	99.11190209583334	99.20004	1	0	0	0	0
2024-08-23 14:42:30	24.171948644444445	99.20736592592593	99.20004	1	0	0	0	0
2024-08-23 14:42:40	24.115171679591835	99.59829265306122	99.20004	1	0	0	0	0
2024-08-23 14:42:50	24.1524612	99.25381291714285	99.20004	1	0	0	0	0
2024-08-23 14:43:00	24.134448850724638	99.35044159420289	99.20004	1	0	0	0	0
2024-08-23 14:43:10	24.151440379310348	99.23933974827587	99.20004	1	0	0	0	0
2024-08-23 14:43:20	24.127499185714285	99.40007447346939	99.20004	1	0	0	0	0
2024-08-23 14:43:30	24.127499185714285	99.40007447346939	99.20004	1	0	0	0	0
2024-08-23 14:43:40	24.06908626862745	99.67939098039216	99.20004	1	0	0	0	0
2024-08-23 14:43:50	24.114806327536233	99.33906710144927	99.20004	1	0	0	0	0
2024-08-23 14:44:00	24.105904129577464	99.37929647887324	99.20004	1	0	0	0	0
2024-08-23 14:44:10	24.129320875949368	99.21579882025317	99.20004	1	0	0	0	0
2024-08-23 14:44:20	24.125093183333334	99.126236	99.20004	1	0	0	0	0
2024-08-23 14:44:30	24.1318804175	99.12406225000001	99.20004	1	0	0	0	0
2024-08-23 14:44:40	24.087460575609757	99.43695818292683	99.20004	1	0	0	0	0
2024-08-23 14:44:50	24.05143452278481	99.61990873417722	99.20004	1	0	0	0	0
2024-08-23 14:45:00	24.05143452278481	99.61990873417722	99.20004	1	0	0	0	0
2024-08-23 14:45:10	24.0423641	99.5843658	99.20004	1	0	0	0	0
2024-08-23 14:45:20	24.09161456551724	99.56589041379311	99.20004	1	0	0	0	0
2024-08-23 14:45:30	24.05897516	99.505158	99.20004	1	0	0	0	0
2024-08-23 14:45:40	24.047955952	99.4776094	99.20004	1	0	0	0	0
2024-08-23 14:45:50	24.050805436666668	99.10754214666666	99.20004	1	0	0	0	0
2024-08-23 14:46:00	24.0838406275	99.09311758999999	99.20004	1	0	0	0	0
2024-08-23 14:46:10	24.121797965714286	98.941548	99.20004	1	0	0	0	0
2024-08-23 14:46:20	24.05052829142857	99.39553308285714	99.20004	1	0	0	0	0
2024-08-23 14:46:30	24.06090355822785	99.30899449367088	99.20004	1	0	0	0	0
2024-08-23 14:46:40	24.006213672	99.374586	99.20004	1	0	0	0	0
2024-08-23 14:46:50	24.034879785714285	99.37081628571428	99.20004	1	0	0	0	0
2024-08-23 14:47:00	24.054288660869567	99.21381782608695	99.20004	1	0	0	0	0
2024-08-23 14:47:10	24.022219884	99.37631959999999	99.20004	1	0	0	0	0
2024-08-23 14:47:20	24.039392633333332	99.19029079012346	99.20004	1	0	0	0	0
2024-08-23 14:47:30	23.980578505882356	99.52921058823529	99.20004	1	0	0	0	0
2024-08-23 14:47:40	23.99882343333333	99.56248533333333	99.20004	1	0	0	0	0
2024-08-23 14:47:50	24.02269504509804	99.25401784313726	99.20004	1	0	0	0	0
2024-08-23 14:48:00	23.991542022857143	99.46725955428572	99.20004	1	0	0	0	0
2024-08-23 14:48:10	23.99018370285714	99.3873312457143	99.20004	1	0	0	0	0
2024-08-23 14:48:20	23.97702732666667	99.55994633333333	99.20004	1	0	0	0	0
2024-08-23 14:48:30	23.987083051898733	99.25394518987342	99.20004	1	0	0	0	0
2024-08-23 14:48:40	24.034208320689654	99.1779553448276	99.20004	1	0	0	0	0
2024-08-23 14:48:50	23.977141783098592	99.27219323943662	99.20004	1	0	0	0	0
2024-08-23 14:49:00	23.912910768115943	99.75726550724637	99.20004	1	0	0	0	0
2024-08-23 14:49:10	23.998959857142857	99.173357	99.20004	1	0	0	0	0
2024-08-23 14:49:20	23.957092	99.198534	99.20004	1	0	0	0	0
2024-08-23 14:49:30	23.96325832	99.36475	99.20004	1	0	0	0	0
2024-08-23 14:49:40	23.905242124	99.498280964	99.20004	1	0	0	0	0
2024-08-23 14:49:50	23.94233566329114	99.3757528	99.20004	1	0	0	0	0
2024-08-23 14:50:00	23.917819276	99.550459644	99.20004	1	0	0	0	0
2024-08-23 14:50:10	23.94651673956044	99.10413593406594	99.20004	1	0	0	0	0
2024-08-23 14:50:20	23.930110812676055	99.18334549295774	99.20004	1	0	0	0	0
2024-08-23 14:50:30	23.920574921348315	99.40461805168539	99.20004	1	0	0	0	0
2024-08-23 14:50:40	23.898858337931035	99.40037445	99.20004	1	0	0	0	0
2024-08-23 14:50:50	23.941199135211267	99.23321862676057	99.20004	1	0	0	0	0
2024-08-23 14:51:00	23.937511336666667	99.15762831666667	99.20004	1	0	0	0	0
2024-08-23 14:51:10	23.94572536	99.12837400000001	99.20004	1	0	0	0	0
2024-08-23 14:51:20	23.901623755932203	99.5823533898305	99.20004	1	0	0	0	0
2024-08-23 14:51:30	23.92919984175824	99.36167285714285	99.20004	1	0	0	0	0
2024-08-23 14:51:40	23.891436904000003	99.323157868	99.20004	1	0	0	0	0
2024-08-23 14:51:50	23.927265534285713	99.17127214285715	99.20004	1	0	0	0	0
2024-08-23 14:52:00	23.868624227999998	99.679281	99.20004	1	0	0	0	0
2024-08-23 14:52:10	23.877640905128207	99.58598846153845	99.20004	1	0	0	0	0
2024-08-23 14:52:20	23.881678271428573	99.38412771428571	99.20004	1	0	0	0	0
2024-08-23 14:52:30	23.868256833333334	99.43566377777778	99.20004	1	0	0	0	0
2024-08-23 14:52:40	23.906645042857143	99.31222000000001	99.20004	1	0	0	0	0
2024-08-23 14:52:50	23.950479828571428	98.85713118857143	99.20004	1	0	0	0	0
2024-08-23 14:53:00	23.90714631864407	99.1539140677966	99.20004	1	0	0	0	0
2024-08-23 14:53:10	23.875570389655174	99.44396596034483	99.20004	1	0	0	0	0
2024-08-23 14:53:20	23.902193073239438	99.19877746478873	99.20004	1	0	0	0	0
2024-08-23 14:53:30	23.880862235555554	99.27665733333333	99.20004	1	0	0	0	0
2024-08-23 14:53:40	23.884034508163264	99.25860346938775	99.20004	1	0	0	0	0
2024-08-23 14:53:50	23.863048610144926	99.37064260869566	99.20004	1	0	0	0	0
2024-08-23 14:54:00	23.874568269491526	99.26453126779661	99.20004	1	0	0	0	0
2024-08-23 14:54:10	23.846529183098593	99.31934732394366	99.20004	1	0	0	0	0
2024-08-23 14:54:20	23.887146617142857	99.23318079571429	99.20004	1	0	0	0	0
2024-08-23 14:54:30	23.85036029875	99.34441511624999	99.20004	1	0	0	0	0
2024-08-23 14:54:40	23.864328002857143	99.27349228571428	99.20004	1	0	0	0	0
2024-08-23 14:54:50	23.846874401428572	99.53121270714286	99.20004	1	0	0	0	0
2024-08-23 14:55:00	23.81331966	99.58065012333333	99.20004	1	0	0	0	0
2024-08-23 14:55:10	23.837314928	99.4037596	99.20004	1	0	0	0	0
2024-08-23 14:55:20	23.75519666285714	99.92146828571428	99.20004	1	0	0	0	0
2024-08-23 14:55:30	23.81012504	99.359454	99.20004	1	0	0	0	0
2024-08-23 14:55:40	23.80810420289855	99.35345275362319	99.20004	1	0	0	0	0
2024-08-23 14:55:50	23.840740190163935	99.12854081967212	99.20004	1	0	0	0	0
2024-08-23 14:56:00	23.80012934	99.408098	99.20004	1	0	0	0	0
2024-08-23 14:56:10	23.801438977966104	99.38818084745763	99.20004	1	0	0	0	0
2024-08-23 14:56:20	23.829739337142858	99.20381428571429	99.20004	1	0	0	0	0
2024-08-23 14:56:30	23.83817104	99.27144125	99.20004	1	0	0	0	0
2024-08-23 14:56:40	23.80807411	99.261169395	99.20004	1	0	0	0	0
2024-08-23 14:56:50	23.80468216	99.3435582	99.20004	1	0	0	0	0
2024-08-23 14:57:00	23.801278	99.270612	99.20004	1	0	0	0	0
2024-08-23 14:57:10	23.79206228292683	99.41126926829268	99.20004	1	0	0	0	0
2024-08-23 14:57:20	23.802391710638297	99.32662680851064	99.20004	1	0	0	0	0
2024-08-23 14:57:30	23.77744445	99.463559	99.20004	1	0	0	0	0
2024-08-23 14:57:40	23.825672408571428	99.25771095428571	99.20004	1	0	0	0	0
2024-08-23 14:57:50	23.789518020000003	99.31198646	99.20004	1	0	0	0	0
2024-08-23 14:58:00	23.789862175	99.24099000000001	99.20004	1	0	0	0	0
2024-08-23 14:58:10	23.784711549295775	99.27203422535212	99.20004	1	0	0	0	0
2024-08-23 14:58:20	23.772982178333336	99.3237235	99.20004	1	0	0	0	0
2024-08-23 14:58:30	23.814387947887326	98.97293267605633	99.20004	1	0	0	0	0
2024-08-23 14:58:40	23.78565633	99.13516600000001	99.20004	1	0	0	0	0
2024-08-23 14:58:50	23.79470873142857	99.14987542857143	99.20004	1	0	0	0	0
2024-08-23 14:59:00	23.79673461864407	99.15575508474576	99.20004	1	0	0	0	0
2024-08-23 14:59:10	23.78043142857143	99.26301119047619	99.20004	1	0	0	0	0
2024-08-23 14:59:20	23.754201368	99.3345756	99.20004	1	0	0	0	0
2024-08-23 14:59:30	23.80307466	99.194098	99.20004	1	0	0	0	0
2024-08-23 14:59:40	23.809552166666666	99.09727733333332	99.20004	1	0	0	0	0
2024-08-23 14:59:50	23.724682426136365	99.58287454545454	99.20004	1	0	0	0	0
2024-08-23 15:00:00	23.799854278846155	99.06775784423077	99.20004	1	0	0	0	0
2024-08-23 15:00:10	23.750296078481014	99.35602911392405	99.20004	1	0	0	0	0
2024-08-23 15:00:20	23.83882929	99.09528159999999	99.20004	1	0	0	0	0
2024-08-23 15:00:30	23.81927602	98.9495885	99.20004	1	0	0	0	0
2024-08-23 15:00:40	23.77869921142857	99.17555694857143	99.20004	1	0	0	0	0
2024-08-23 15:00:50	23.7712123775	99.13026692000001	99.20004	1	0	0	0	0
2024-08-23 15:01:00	23.82455174	98.836844	99.20004	1	0	0	0	0
2024-08-23 15:01:10	23.913848481132078	98.84620339622641	99.20004	1	0	0	0	0
2024-08-23 15:01:20	23.77622959512195	99.26760243902439	99.20004	1	0	0	0	0
2024-08-23 15:01:30	23.785110830434782	99.23806415652174	99.20004	1	0	0	0	0
2024-08-23 15:01:40	23.770786546478874	99.35094802816901	99.20004	1	0	0	0	0
2024-08-23 15:01:50	23.774675388888888	99.26306472222223	99.20004	1	0	0	0	0
2024-08-23 15:02:00	23.785981167088607	99.11697329113925	99.20004	1	0	0	0	0
2024-08-23 15:02:10	23.75296032	99.39760393428573	99.20004	1	0	0	0	0
2024-08-23 15:02:20	23.784033815999997	98.879668368	99.20004	1	0	0	0	0
2024-08-23 15:02:30	23.786192930000002	99.096788	99.20004	1	0	0	0	0
2024-08-23 15:02:40	23.735999302898552	99.47767892173913	99.20004	1	0	0	0	0
2024-08-23 15:02:50	23.778415825925926	99.1985293580247	99.20004	1	0	0	0	0
2024-08-23 15:03:00	23.803698782608695	99.13645997391305	99.20004	1	0	0	0	0
2024-08-23 15:03:10	23.78751933902439	99.23724853658537	99.20004	1	0	0	0	0
2024-08-23 15:03:20	23.772753889361702	99.07854531914893	99.20004	1	0	0	0	0
2024-08-23 15:03:30	23.775226186666668	99.237574	99.20004	1	0	0	0	0
2024-08-23 15:03:40	23.797825030985916	99.0503430140845	99.20004	1	0	0	0	0
2024-08-23 15:03:50	23.776283895000002	99.2159384	99.20004	1	0	0	0	0
2024-08-23 15:04:00	23.829755657142858	98.90013085714286	99.20004	1	0	0	0	0
2024-08-23 15:04:10	23.760533706329113	99.3517329113924	99.20004	1	0	0	0	0
2024-08-23 15:04:20	23.810785924390245	99.0088268292683	99.20004	1	0	0	0	0
2024-08-23 15:04:30	23.800190962857144	99.00536772714287	99.20004	1	0	0	0	0
2024-08-23 15:04:40	23.78924866470588	99.21184536470588	99.20004	1	0	0	0	0
2024-08-23 15:04:50	23.788261839999997	99.16268514285714	99.20004	1	0	0	0	0
2024-08-23 15:05:00	23.7592280675	99.20792825	99.20004	1	0	0	0	0
2024-08-23 15:05:10	23.743471674285715	99.54544885714286	99.20004	1	0	0	0	0
2024-08-23 15:05:20	23.77310974130435	98.97292304347826	99.20004	1	0	0	0	0
2024-08-23 15:05:30	23.76330149264706	99.31150054558823	99.20004	1	0	0	0	0
2024-08-23 15:05:40	23.774966747058823	99.23714352941177	99.20004	1	0	0	0	0
2024-08-23 15:05:50	23.763078404999998	99.305232	99.20004	1	0	0	0	0
2024-08-23 15:06:00	23.734096700000002	99.46431966666667	99.20004	1	0	0	0	0
2024-08-23 15:06:10	23.78269420886076	99.21960329113924	99.20004	1	0	0	0	0
2024-08-23 15:06:20	23.779511208163264	99.19960445714285	99.20004	1	0	0	0	0
2024-08-23 15:06:30	23.790774499999998	99.0425965	99.20004	1	0	0	0	0
2024-08-23 15:06:40	23.7379232	99.2769996	99.20004	1	0	0	0	0
2024-08-23 15:06:50	23.75236674285714	99.14269928	99.20004	1	0	0	0	0
2024-08-23 15:07:00	23.735047308695652	99.29927445072464	99.20004	1	0	0	0	0
2024-08-23 15:07:10	23.773523182608695	99.15723217391304	99.20004	1	0	0	0	0
2024-08-23 15:07:20	23.775489254761904	99.14821309523809	99.20004	1	0	0	0	0
2024-08-23 15:07:30	23.752588425714286	99.28928514285714	99.20004	1	0	0	0	0
2024-08-23 15:07:40	23.795630352	99.0196024	99.20004	1	0	0	0	0
2024-08-23 15:07:50	23.806041365714286	98.99882642857143	99.20004	1	0	0	0	0
2024-08-23 15:08:00	23.818125673239436	98.83510929577464	99.20004	1	0	0	0	0
2024-08-23 15:08:10	23.76737828148148	99.26360839506174	99.20004	1	0	0	0	0
2024-08-23 15:08:20	23.801273251428572	99.08914257142857	99.20004	1	0	0	0	0
2024-08-23 15:08:30	23.800110214285713	99.08666290285714	99.20004	1	0	0	0	0
2024-08-23 15:08:40	23.761926780487805	99.36253853658536	99.20004	1	0	0	0	0
2024-08-23 15:08:50	23.79754033142857	99.06611085714285	99.20004	1	0	0	0	0
2024-08-23 15:09:00	23.78566897142857	99.06148057142858	99.20004	1	0	0	0	0
2024-08-23 15:09:10	23.749205422857145	99.38560342857143	99.20004	1	0	0	0	0
2024-08-23 15:09:20	23.809579663333334	99.0104975	99.20004	1	0	0	0	0
2024-08-23 15:09:30	23.755237219999998	99.32321	99.20004	1	0	0	0	0
2024-08-23 15:09:40	23.798995352000002	99.098558	99.20004	1	0	0	0	0
2024-08-23 15:09:50	23.850275386666667	98.80310533333333	99.20004	1	0	0	0	0
2024-08-23 15:10:00	23.82240877887324	99.01877535211267	99.20004	1	0	0	0	0
2024-08-23 15:10:10	23.799829465217393	99.18750695652174	99.20004	1	0	0	0	0
2024-08-23 15:10:20	23.827031935211267	99.10119929577465	99.20004	1	0	0	0	0
2024-08-23 15:10:30	23.828445797058823	99.0514294117647	99.20004	1	0	0	0	0
2024-08-23 15:10:40	23.78886888809524	99.29345428571429	99.20004	1	0	0	0	0
2024-08-23 15:10:50	23.77194558	99.08717168	99.20004	1	0	0	0	0
2024-08-23 15:11:00	23.719939605714288	99.72366128571429	99.20004	1	0	0	0	0
2024-08-23 15:11:10	23.81882101142857	99.06416614285715	99.20004	1	0	0	0	0
2024-08-23 15:11:20	23.720725464705883	99.31615299264705	99.20004	1	0	0	0	0
2024-08-23 15:11:30	23.814447492957747	99.06620309859154	99.20004	1	0	0	0	0
2024-08-23 15:11:40	23.837722345238095	99.13198476190476	99.20004	1	0	0	0	0
2024-08-23 15:11:50	23.77195950136986	99.41446821917808	99.20004	1	0	0	0	0
2024-08-23 15:12:00	23.803822546666666	99.136289	99.20004	1	0	0	0	0
2024-08-23 15:12:10	23.806880969999998	99.06942875499999	99.20004	1	0	0	0	0
2024-08-23 15:12:20	23.712395513333334	99.52376233333332	99.20004	1	0	0	0	0
2024-08-23 15:12:30	23.7901716475	99.27554948	99.20004	1	0	0	0	0
2024-08-23 15:12:40	23.816663812244897	99.0753706122449	99.20004	1	0	0	0	0
2024-08-23 15:12:50	23.855186485714285	98.90206610857143	99.20004	1	0	0	0	0
2024-08-23 15:13:00	23.793298656	99.1079072	99.20004	1	0	0	0	0
2024-08-23 15:13:10	23.803227808695652	99.21240565217391	99.20004	1	0	0	0	0
2024-08-23 15:13:20	23.819111533333334	99.25541045882353	99.20004	1	0	0	0	0
2024-08-23 15:13:30	23.808076927272726	99.43720113636364	99.57276307954545	1	0	0	0	0
2024-08-23 15:13:40	23.89373001923077	98.80151346153846	100.000031	1	0	0	0	0
2024-08-23 15:13:50	23.826558296296295	99.20847814814815	100.000031	1	0	0	0	0
2024-08-23 15:14:00	23.903950932	98.97664880800001	100.000031	1	0	0	0	0
2024-08-23 15:14:10	23.921213323076923	98.94968707692308	100.000031	1	0	0	0	0
2024-08-23 15:14:20	23.95148712676056	99.27786028169014	100.000031	1	0	0	0	0
2024-08-23 15:14:30	23.900061032500002	99.39521075	100.000031	1	0	0	0	0
2024-08-23 15:14:40	23.940167272	99.492601308	100.000031	1	0	0	0	0
2024-08-23 15:14:50	24.006639333333332	99.15651700000001	100.000031	1	0	0	0	0
2024-08-23 15:15:00	24.02512992666667	99.203778	100.000031	1	0	0	0	0
2024-08-23 15:15:10	24.06771295	99.08726	100.000031	1	0	0	0	0
2024-08-23 15:15:20	24.107104798360655	99.01253432131148	100.000031	1	0	0	0	0
2024-08-23 15:15:30	24.17863627341772	98.77634948734178	100.000031	1	0	0	0	0
2024-08-23 15:15:40	24.14657345	99.14278566666667	100.000031	1	0	0	0	0
2024-08-23 15:15:50	24.211322452238807	98.90730985074627	100.000031	1	0	0	0	0
2024-08-23 15:16:00	24.191456712	99.18941000000001	100.000031	1	0	0	0	0
2024-08-23 15:16:10	24.22605422535211	99.0824795774648	100.000031	1	0	0	0	0
2024-08-23 15:16:20	24.28436126129032	98.9464768548387	100.000031	1	0	0	0	0
2024-08-23 15:16:30	24.28894709620253	99.21953265822785	100.000031	1	0	0	0	0
2024-08-23 15:16:40	24.24082279375	99.49961824583333	100.000031	1	0	0	0	0
2024-08-23 15:16:50	24.36351892295082	98.86179043278689	100.000031	1	0	0	0	0
2024-08-23 15:17:00	24.393124389655174	98.84691968965517	100.000031	1	0	0	0	0
2024-08-23 15:17:10	24.388786080487804	99.0769943902439	100.000031	1	0	0	0	0
2024-08-23 15:17:20	24.3933626	99.11552	100.000031	1	0	0	0	0
2024-08-23 15:17:30	24.427229	99.16788100000001	100.000031	1	0	0	0	0
2024-08-23 15:17:40	24.407601668571427	99.39793314285714	100.000031	1	0	0	0	0
2024-08-23 15:17:50	24.426716842857143	99.43960220285715	100.000031	1	0	0	0	0
2024-08-23 15:18:00	24.51663383265306	98.95669428571428	100.000031	1	0	0	0	0
2024-08-23 15:18:10	24.50415962253521	99.37397140845071	100.000031	1	0	0	0	0
2024-08-23 15:18:20	24.560489342857142	99.03561074285714	100.000031	1	0	0	0	0
2024-08-23 15:18:30	24.60374908	98.94257999999999	100.000031	1	0	0	0	0
2024-08-23 15:18:40	24.577981326666666	99.31347533333333	100.000031	1	0	0	0	0
2024-08-23 15:18:50	24.60648277714286	99.23204857142856	100.000031	1	0	0	0	0
2024-08-23 15:19:00	24.661113856	99.05507680000001	100.000031	1	0	0	0	0
2024-08-23 15:19:10	24.652090284	99.215685288	100.000031	1	0	0	0	0
2024-08-23 15:19:20	24.62747776	99.57593996	100.000031	1	0	0	0	0
2024-08-23 15:19:30	24.653899375	99.44195593181819	100.000031	1	0	0	0	0
2024-08-23 15:19:40	24.754954169999998	99.12337762	100.000031	1	0	0	0	0
2024-08-23 15:19:50	24.736905746666668	99.37638911111111	100.000031	1	0	0	0	0
2024-08-23 15:20:00	24.803138752	99.01135161	100.000031	1	0	0	0	0
2024-08-23 15:20:10	24.836417	99.20445287000001	100.000031	1	0	0	0	0
2024-08-23 15:20:20	24.82178964754098	99.28568819672131	100.000031	1	0	0	0	0
2024-08-23 15:20:30	24.846623148749998	99.061705625	100.000031	1	0	0	0	0
2024-08-23 15:20:40	24.87058888985507	99.41131811594204	100.000031	1	0	0	0	0
2024-08-23 15:20:50	24.88080543258427	99.37775707865168	100.000031	1	0	0	0	0
2024-08-23 15:21:00	24.962052112	99.024962136	100.000031	1	0	0	0	0
2024-08-23 15:21:10	24.949786074509802	99.31942901960785	100.000031	1	0	0	0	0
2024-08-23 15:21:20	24.996642452	99.4281112	100.000031	1	0	0	0	0
2024-08-23 15:21:30	25.020064937142855	99.24108971428572	100.000031	1	0	0	0	0
2024-08-23 15:21:40	25.03809511111111	99.19921083333334	100.000031	1	0	0	0	0
2024-08-23 15:21:50	25.070071505681817	99.12935727272726	100.000031	1	0	0	0	0
2024-08-23 15:22:00	25.08771482352941	99.14323137254901	100.000031	1	0	0	0	0
2024-08-23 15:22:10	25.12879248	99.088262	100.000031	1	0	0	0	0
2024-08-23 15:22:20	25.12042603333333	99.10735215686275	100.000031	1	0	0	0	0
2024-08-23 15:22:30	25.12949696329114	99.49813417721519	100.000031	1	0	0	0	0
2024-08-23 15:22:40	25.11200413	99.586987	100.000031	1	0	0	0	0
2024-08-23 15:22:50	25.17855644666667	99.32670911111111	100.000031	1	0	0	0	0
2024-08-23 15:23:00	25.233004905714285	99.11996085714286	100.000031	1	0	0	0	0
2024-08-23 15:23:10	25.266633640000002	99.07669700000001	100.000031	1	0	0	0	0
2024-08-23 15:23:20	25.25015643265306	99.27668748571429	100.000031	1	0	0	0	0
2024-08-23 15:23:30	25.252420905084744	99.42511542372881	100.000031	1	0	0	0	0
2024-08-23 15:23:40	25.25996459142857	99.33273971428571	100.000031	1	0	0	0	0
2024-08-23 15:23:50	25.333252377142855	99.17891685714285	100.000031	1	0	0	0	0
2024-08-23 15:24:00	25.32800957142857	99.28045440142857	100.000031	1	0	0	0	0
2024-08-23 15:24:10	25.362035664705882	99.28359655441177	100.000031	1	0	0	0	0
2024-08-23 15:24:20	25.357020163265307	99.42265928571429	100.000031	1	0	0	0	0
2024-08-23 15:24:30	25.41586599	99.09519864714285	100.000031	1	0	0	0	0
2024-08-23 15:24:40	25.43906596521739	99.1636431884058	100.000031	1	0	0	0	0
2024-08-23 15:24:50	25.404302723076924	99.46686421538462	100.000031	1	0	0	0	0
2024-08-23 15:25:00	25.427168637288137	99.46535789661017	100.000031	1	0	0	0	0
