PROCESSDATA	2111FIC46005 Data	yyyy-MM-dd HH:mm:ss
8	10	2024-10-14 21:55:00	751
tagname	2111FIC46005.MV	2111FIC46005.PV	2111FIC46005.SV	2111FIC46005.MODE	bOpOFL	bPvOFL	bSpOFL	bAutOFL
desc	低低压蒸汽自F301至C420_OP	低低压蒸汽自F301至C420_PV	低低压蒸汽自F301至C420_SP	Aut	bOpOFL	bPvOFL	bSpOFL	bAutOFL
fsMax=0.36349979938775334	fsMin=0	fsGridNum=10	fdMax=0.36349979938775334tfdMin=0	fdGridNum=10	v0GridNum=10	L=24
2024-10-14 21:55:00	72.55568753	964.7812842	970	1	0	0	0	0
2024-10-14 21:55:10	72.57770657	964.5041466	970	1	0	0	0	0
2024-10-14 21:55:20	72.58225859000001	965.3596265	970	1	0	0	0	0
2024-10-14 21:55:30	72.61214745	964.47134	970	1	0	0	0	0
2024-10-14 21:55:40	72.62244313	965.0544199999999	970	1	0	0	0	0
2024-10-14 21:55:50	72.641806	964.8094561	970	1	0	0	0	0
2024-10-14 21:56:00	72.64814600000001	965.4752385	970	1	0	0	0	0
2024-10-14 21:56:10	72.65876542	965.8728503	970	1	0	0	0	0
2024-10-14 21:56:20	72.63691999999999	968.1928902999999	970	1	0	0	0	0
2024-10-14 21:56:30	72.59141656	971.4199	970	1	0	0	0	0
2024-10-14 21:56:40	72.57515495	972.14607	970	1	0	0	0	0
2024-10-14 21:56:50	72.563698	972.361814	970	1	0	0	0	0
2024-10-14 21:57:00	72.556555	972.48757	970	1	0	0	0	0
2024-10-14 21:57:10	72.55530800000001	971.8467296	970	1	0	0	0	0
2024-10-14 21:57:20	72.54498955	972.11134	970	1	0	0	0	0
2024-10-14 21:57:30	72.540283	971.94571	970	1	0	0	0	0
2024-10-14 21:57:40	72.54658505	971.0308731	970	1	0	0	0	0
2024-10-14 21:57:50	72.54366541	970.9404051	970	1	0	0	0	0
2024-10-14 21:58:00	72.533362	971.3582746000001	970	1	0	0	0	0
2024-10-14 21:58:10	72.526309	971.5851547	970	1	0	0	0	0
2024-10-14 21:58:20	72.519002	971.73114	970	1	0	0	0	0
2024-10-14 21:58:30	72.50075554	972.5359072	970	1	0	0	0	0
2024-10-14 21:58:40	72.486915	972.7751369	970	1	0	0	0	0
2024-10-14 21:58:50	72.468878	973.3545533	970	1	0	0	0	0
2024-10-14 21:59:00	72.460639	972.95968	970	1	0	0	0	0
2024-10-14 21:59:10	72.444069	973.53566	970	1	0	0	0	0
2024-10-14 21:59:20	72.430786	973.7178831	970	1	0	0	0	0
2024-10-14 21:59:30	72.413065	973.9942444000001	970	1	0	0	0	0
2024-10-14 21:59:40	72.40414	973.6669311	970	1	0	0	0	0
2024-10-14 21:59:50	72.38163949	974.2496036	970	1	0	0	0	0
2024-10-14 22:00:00	72.3848965	973.02553	970	1	0	0	0	0
2024-10-14 22:00:10	72.381003	972.6900931	970	1	0	0	0	0
2024-10-14 22:00:20	72.379138	972.2623699999999	970	1	0	0	0	0
2024-10-14 22:00:30	72.38783069	971.29813	970	1	0	0	0	0
2024-10-14 22:00:40	72.379485	971.4413	970	1	0	0	0	0
2024-10-14 22:00:50	72.37156300000001	971.70705	970	1	0	0	0	0
2024-10-14 22:01:00	72.375095	970.9050415	970	1	0	0	0	0
2024-10-14 22:01:10	72.379865	970.5945654	970	1	0	0	0	0
2024-10-14 22:01:20	72.37401985999999	970.880454	970	1	0	0	0	0
2024-10-14 22:01:30	72.36926399999999	970.9733463	970	1	0	0	0	0
2024-10-14 22:01:40	72.37187739999999	970.5977612	970	1	0	0	0	0
2024-10-14 22:01:50	72.362205	971.0801899999999	970	1	0	0	0	0
2024-10-14 22:02:00	72.34703823	971.65172	970	1	0	0	0	0
2024-10-14 22:02:10	72.337299	972.1318265	970	1	0	0	0	0
2024-10-14 22:02:20	72.34232442000001	971.3483512	970	1	0	0	0	0
2024-10-14 22:02:30	72.31920600000001	972.368966	970	1	0	0	0	0
2024-10-14 22:02:40	72.31221919999999	972.3877249000001	970	1	0	0	0	0
2024-10-14 22:02:50	72.304863	972.2804535	970	1	0	0	0	0
2024-10-14 22:03:00	72.28245089	972.5954386000001	970	1	0	0	0	0
2024-10-14 22:03:10	72.30064669	971.56182	970	1	0	0	0	0
2024-10-14 22:03:20	72.29653900000001	971.4583032	970	1	0	0	0	0
2024-10-14 22:03:30	72.29732	971.07281	970	1	0	0	0	0
2024-10-14 22:03:40	72.286621	971.4137546	970	1	0	0	0	0
2024-10-14 22:03:50	72.282704	971.4088839	970	1	0	0	0	0
2024-10-14 22:04:00	72.264211	971.8991759	970	1	0	0	0	0
2024-10-14 22:04:10	72.259585	972.072355	970	1	0	0	0	0
2024-10-14 22:04:20	72.25310341000001	972.0808814999999	970	1	0	0	0	0
2024-10-14 22:04:30	72.25171778	971.74732	970	1	0	0	0	0
2024-10-14 22:04:40	72.25228686999999	971.26078	970	1	0	0	0	0
2024-10-14 22:04:50	72.23329914	972.1081899999999	970	1	0	0	0	0
2024-10-14 22:05:00	72.23221600000001	972.19655	970	1	0	0	0	0
2024-10-14 22:05:10	72.22076	972.0552786000001	970	1	0	0	0	0
2024-10-14 22:05:20	72.21986149	971.6781677	970	1	0	0	0	0
2024-10-14 22:05:30	72.22771559	970.7213947	970	1	0	0	0	0
2024-10-14 22:05:40	72.212675	971.5437099999999	970	1	0	0	0	0
2024-10-14 22:05:50	72.21257650999999	971.27672	970	1	0	0	0	0
2024-10-14 22:06:00	72.21084400000001	971.2885048999999	970	1	0	0	0	0
2024-10-14 22:06:10	72.201288	971.4756067	970	1	0	0	0	0
2024-10-14 22:06:20	72.19477355000001	971.6061278999999	970	1	0	0	0	0
2024-10-14 22:06:30	72.18902696	971.5962431	970	1	0	0	0	0
2024-10-14 22:06:40	72.17289369	972.18344	970	1	0	0	0	0
2024-10-14 22:06:50	72.16045	972.48604	970	1	0	0	0	0
2024-10-14 22:07:00	72.1455896	972.7858456	970	1	0	0	0	0
2024-10-14 22:07:10	72.135414	972.99248	970	1	0	0	0	0
2024-10-14 22:07:20	72.12203	973.18694	970	1	0	0	0	0
2024-10-14 22:07:30	72.11299842	973.1088694	970	1	0	0	0	0
2024-10-14 22:07:40	72.10002743	973.2250399999999	970	1	0	0	0	0
2024-10-14 22:07:50	72.081345	973.65977	970	1	0	0	0	0
2024-10-14 22:08:00	72.075446	973.6569462	970	1	0	0	0	0
2024-10-14 22:08:10	72.06810399999999	972.8609332000001	970	1	0	0	0	0
2024-10-14 22:08:20	72.05351399999999	973.027112	970	1	0	0	0	0
2024-10-14 22:08:30	72.054609	972.3687600000001	970	1	0	0	0	0
2024-10-14 22:08:40	72.06574599999999	971.1082151	970	1	0	0	0	0
2024-10-14 22:08:50	72.06148295	971.0983103	970	1	0	0	0	0
2024-10-14 22:09:00	72.04737060000001	971.7335146	970	1	0	0	0	0
2024-10-14 22:09:10	72.040959	971.78849	970	1	0	0	0	0
2024-10-14 22:09:20	72.034794	971.8934952	970	1	0	0	0	0
2024-10-14 22:09:30	72.041241	971.1434015	970	1	0	0	0	0
2024-10-14 22:09:40	72.02541823	971.9824403	970	1	0	0	0	0
2024-10-14 22:09:50	72.03679699999999	970.8355469	970	1	0	0	0	0
2024-10-14 22:10:00	72.0367006	970.6746743	970	1	0	0	0	0
2024-10-14 22:10:10	72.028193	970.9990652	970	1	0	0	0	0
2024-10-14 22:10:20	72.020438	971.28427	970	1	0	0	0	0
2024-10-14 22:10:30	72.01799	971.1669613	970	1	0	0	0	0
2024-10-14 22:10:40	72.02372	970.5011149999999	970	1	0	0	0	0
2024-10-14 22:10:50	72.014392	970.9966188	970	1	0	0	0	0
2024-10-14 22:11:00	72.00453499999999	971.797496	970	1	0	0	0	0
2024-10-14 22:11:10	72.00603489000001	971.1009760000001	970	1	0	0	0	0
2024-10-14 22:11:20	72.00544500000001	970.8393768000001	970	1	0	0	0	0
2024-10-14 22:11:30	72.0013315	970.9318453999999	970	1	0	0	0	0
2024-10-14 22:11:40	71.987649	971.5702269	970	1	0	0	0	0
2024-10-14 22:11:50	72.00299	970.2499	970	1	0	0	0	0
2024-10-14 22:12:00	71.98828429154929	970.9924044507043	970	1	0	0	0	0
2024-10-14 22:12:10	71.99101937142858	970.6288797142857	970	1	0	0	0	0
2024-10-14 22:12:20	72.0032764	969.56457	970	1	0	0	0	0
2024-10-14 22:12:30	72.00083599999999	969.8103878	970	1	0	0	0	0
2024-10-14 22:12:40	72.02496949	968.385693	970	1	0	0	0	0
2024-10-14 22:12:50	72.01068961	969.61295	970	1	0	0	0	0
2024-10-14 22:13:00	72.018306	969.3646600000001	970	1	0	0	0	0
2024-10-14 22:13:10	72.0135	969.6588597	970	1	0	0	0	0
2024-10-14 22:13:20	72.020833	969.34392	970	1	0	0	0	0
2024-10-14 22:13:30	72.03529358	968.4326962	970	1	0	0	0	0
2024-10-14 22:13:40	72.074916	966.3146300000001	970	1	0	0	0	0
2024-10-14 22:13:50	72.084746	966.3736534000001	970	1	0	0	0	0
2024-10-14 22:14:00	72.100899	966.0896114999999	970	1	0	0	0	0
2024-10-14 22:14:10	72.10495753	966.7710387	970	1	0	0	0	0
2024-10-14 22:14:20	72.12192534	966.4200258	970	1	0	0	0	0
2024-10-14 22:14:30	72.129504	966.69467	970	1	0	0	0	0
2024-10-14 22:14:40	72.13731299999999	966.9427013999999	970	1	0	0	0	0
2024-10-14 22:14:50	72.15491585999999	966.5441552999999	970	1	0	0	0	0
2024-10-14 22:15:00	72.17785532	965.3472385	970	1	0	0	0	0
2024-10-14 22:15:10	72.19097142	966.0036868	970	1	0	0	0	0
2024-10-14 22:15:20	72.21031140999999	965.6856952999999	970	1	0	0	0	0
2024-10-14 22:15:30	72.2294505	965.49886	970	1	0	0	0	0
2024-10-14 22:15:40	72.24769756	965.2835939	970	1	0	0	0	0
2024-10-14 22:15:50	72.26640139999999	965.1509466	970	1	0	0	0	0
2024-10-14 22:16:00	72.27788	965.3672240999999	970	1	0	0	0	0
2024-10-14 22:16:10	72.303157	964.9448362	970	1	0	0	0	0
2024-10-14 22:16:20	72.31886499999999	965.1083312999999	970	1	0	0	0	0
2024-10-14 22:16:30	72.341299	964.713935	970	1	0	0	0	0
2024-10-14 22:16:40	72.35772255	964.7359467	970	1	0	0	0	0
2024-10-14 22:16:50	72.379106	964.4942087999999	970	1	0	0	0	0
2024-10-14 22:17:00	72.397514	964.4776969000001	970	1	0	0	0	0
2024-10-14 22:17:10	72.413117	964.7773252	970	1	0	0	0	0
2024-10-14 22:17:20	72.42030739	965.4042032	970	1	0	0	0	0
2024-10-14 22:17:30	72.4369416	965.5357369	970	1	0	0	0	0
2024-10-14 22:17:40	72.45458242000001	965.40293	970	1	0	0	0	0
2024-10-14 22:17:50	72.467436	965.670884	970	1	0	0	0	0
2024-10-14 22:18:00	72.475896	965.5142376	970	1	0	0	0	0
2024-10-14 22:18:10	72.489588	966.22303	970	1	0	0	0	0
2024-10-14 22:18:20	72.515374	965.4611579	970	1	0	0	0	0
2024-10-14 22:18:30	72.518304	966.2393400000001	970	1	0	0	0	0
2024-10-14 22:18:40	72.542891	965.5493347	970	1	0	0	0	0
2024-10-14 22:18:50	72.565762	965.16652	970	1	0	0	0	0
2024-10-14 22:19:00	72.59310940408163	964.8240315306123	970	1	0	0	0	0
2024-10-14 22:19:10	72.61549242	964.30029	970	1	0	0	0	0
2024-10-14 22:19:20	72.599085	966.50953	970	1	0	0	0	0
2024-10-14 22:19:30	72.580257	968.3392699999999	970	1	0	0	0	0
2024-10-14 22:19:40	72.56046375	970.04014	970	1	0	0	0	0
2024-10-14 22:19:50	72.552981	970.4410237	970	1	0	0	0	0
2024-10-14 22:20:00	72.55267841	970.0994134	970	1	0	0	0	0
2024-10-14 22:20:10	72.53928178	971.1485114	970	1	0	0	0	0
2024-10-14 22:20:20	72.531255	971.3804200000001	970	1	0	0	0	0
2024-10-14 22:20:30	72.5130616	972.0644806	970	1	0	0	0	0
2024-10-14 22:20:40	72.50766813	971.9315799999999	970	1	0	0	0	0
2024-10-14 22:20:50	72.48667959	972.8740836	970	1	0	0	0	0
2024-10-14 22:21:00	72.47790300000001	972.8125848	970	1	0	0	0	0
2024-10-14 22:21:10	72.47585500000001	972.3289100000001	970	1	0	0	0	0
2024-10-14 22:21:20	72.465918	972.48298	970	1	0	0	0	0
2024-10-14 22:21:30	72.449994	972.93072	970	1	0	0	0	0
2024-10-14 22:21:40	72.44501699999999	972.57028	970	1	0	0	0	0
2024-10-14 22:21:50	72.43051299999999	972.8751202999999	970	1	0	0	0	0
2024-10-14 22:22:00	72.41914200000001	972.5602834	970	1	0	0	0	0
2024-10-14 22:22:10	72.41247645	972.7530436	970	1	0	0	0	0
2024-10-14 22:22:20	72.39790742	973.0624677000001	970	1	0	0	0	0
2024-10-14 22:22:30	72.38396259	973.2437947	970	1	0	0	0	0
2024-10-14 22:22:40	72.368373	973.5198161999999	970	1	0	0	0	0
2024-10-14 22:22:50	72.353942	973.7491604	970	1	0	0	0	0
2024-10-14 22:23:00	72.35050737	973.019446	970	1	0	0	0	0
2024-10-14 22:23:10	72.32883228	973.80518	970	1	0	0	0	0
2024-10-14 22:23:20	72.31786877	973.7492947	970	1	0	0	0	0
2024-10-14 22:23:30	72.31543687	973.0477542	970	1	0	0	0	0
2024-10-14 22:23:40	72.300864	973.20325	970	1	0	0	0	0
2024-10-14 22:23:50	72.282389	973.6960345	970	1	0	0	0	0
2024-10-14 22:24:00	72.26322596	973.99586	970	1	0	0	0	0
2024-10-14 22:24:10	72.254293	973.7705867	970	1	0	0	0	0
2024-10-14 22:24:20	72.24899099999999	973.26328	970	1	0	0	0	0
2024-10-14 22:24:30	72.23203099999999	973.6257069	970	1	0	0	0	0
2024-10-14 22:24:40	72.21896032	973.62824	970	1	0	0	0	0
2024-10-14 22:24:50	72.19775114000001	974.16186	970	1	0	0	0	0
2024-10-14 22:25:00	72.199733	973.3315063	970	1	0	0	0	0
2024-10-14 22:25:10	72.17711200000001	973.8293313	970	1	0	0	0	0
2024-10-14 22:25:20	72.170728	973.44035	970	1	0	0	0	0
2024-10-14 22:25:30	72.15431139	973.67288	970	1	0	0	0	0
2024-10-14 22:25:40	72.14067786	973.7476579	970	1	0	0	0	0
2024-10-14 22:25:50	72.143554	972.78193	970	1	0	0	0	0
2024-10-14 22:26:00	72.115861	973.8402166000001	970	1	0	0	0	0
2024-10-14 22:26:10	72.108452	973.6020142	970	1	0	0	0	0
2024-10-14 22:26:20	72.09673699999999	973.48614	970	1	0	0	0	0
2024-10-14 22:26:30	72.06364278000001	974.9380444000001	970	1	0	0	0	0
2024-10-14 22:26:40	72.064639	973.7776299999999	970	1	0	0	0	0
2024-10-14 22:26:50	72.05676299999999	973.4653332	970	1	0	0	0	0
2024-10-14 22:27:00	72.044061	973.5252003	970	1	0	0	0	0
2024-10-14 22:27:10	72.03320640999999	973.5005861000001	970	1	0	0	0	0
2024-10-14 22:27:20	72.0169151	973.7669000000001	970	1	0	0	0	0
2024-10-14 22:27:30	72.01242368	973.15327	970	1	0	0	0	0
2024-10-14 22:27:40	71.99751	973.2880212	970	1	0	0	0	0
2024-10-14 22:27:50	72.053881	968.8989603	970	1	0	0	0	0
2024-10-14 22:28:00	72.12020843	965.1537900000001	970	1	0	0	0	0
2024-10-14 22:28:10	72.136899	965.17172	970	1	0	0	0	0
2024-10-14 22:28:20	72.145664	965.6855771	970	1	0	0	0	0
2024-10-14 22:28:30	72.15827514	965.7738957	970	1	0	0	0	0
2024-10-14 22:28:40	72.186565	964.82588	970	1	0	0	0	0
2024-10-14 22:28:50	72.195892	965.2517795	970	1	0	0	0	0
2024-10-14 22:29:00	72.20737	965.7213012000001	970	1	0	0	0	0
2024-10-14 22:29:10	72.223198	965.4360838	970	1	0	0	0	0
2024-10-14 22:29:20	72.22830995000001	966.07136	970	1	0	0	0	0
2024-10-14 22:29:30	72.23919148	966.2411867	970	1	0	0	0	0
2024-10-14 22:29:40	72.250916	966.3043315	970	1	0	0	0	0
2024-10-14 22:29:50	72.27391300000001	965.62725	970	1	0	0	0	0
2024-10-14 22:30:00	72.275097	966.69012	970	1	0	0	0	0
2024-10-14 22:30:10	72.285374	966.6188551	970	1	0	0	0	0
2024-10-14 22:30:20	72.302929	966.2729003	970	1	0	0	0	0
2024-10-14 22:30:30	72.320637	966.0194877	970	1	0	0	0	0
2024-10-14 22:30:40	72.34364704000001	965.47758	970	1	0	0	0	0
2024-10-14 22:30:50	72.35880049000001	965.5182412	970	1	0	0	0	0
2024-10-14 22:31:00	72.38440623	964.78606	970	1	0	0	0	0
2024-10-14 22:31:10	72.408682	964.38789	970	1	0	0	0	0
2024-10-14 22:31:20	72.42034714	964.81386	970	1	0	0	0	0
2024-10-14 22:31:30	72.44649299999999	964.3636631	970	1	0	0	0	0
2024-10-14 22:31:40	72.47281595	963.95035	970	1	0	0	0	0
2024-10-14 22:31:50	72.47842399999999	964.97433	970	1	0	0	0	0
2024-10-14 22:32:00	72.505973	963.91683	970	1	0	0	0	0
2024-10-14 22:32:10	72.51227499999999	965.2260305	970	1	0	0	0	0
2024-10-14 22:32:20	72.52904277	965.28914	970	1	0	0	0	0
2024-10-14 22:32:30	72.5414506	965.43377	970	1	0	0	0	0
2024-10-14 22:32:40	72.54446331999999	966.1896849	970	1	0	0	0	0
2024-10-14 22:32:50	72.548871	966.7364987000001	970	1	0	0	0	0
2024-10-14 22:33:00	72.55259600000001	967.4166579	970	1	0	0	0	0
2024-10-14 22:33:10	72.554472	967.6890900000001	970	1	0	0	0	0
2024-10-14 22:33:20	72.56249199999999	967.69649	970	1	0	0	0	0
2024-10-14 22:33:30	72.541847	969.4719056	970	1	0	0	0	0
2024-10-14 22:33:40	72.52073195	970.9278400000001	970	1	0	0	0	0
2024-10-14 22:33:50	72.4978516	972.2503482	970	1	0	0	0	0
2024-10-14 22:34:00	72.50241	970.98829	970	1	0	0	0	0
2024-10-14 22:34:10	72.4984534	971.4213199999999	970	1	0	0	0	0
2024-10-14 22:34:20	72.50181932	970.92307	970	1	0	0	0	0
2024-10-14 22:34:30	72.51048499999999	970.13167	970	1	0	0	0	0
2024-10-14 22:34:40	72.505067	970.4602138	970	1	0	0	0	0
2024-10-14 22:34:50	72.51122743	969.9326100000001	970	1	0	0	0	0
2024-10-14 22:35:00	72.50844486	969.91251	970	1	0	0	0	0
2024-10-14 22:35:10	72.52471741000001	968.97815	970	1	0	0	0	0
2024-10-14 22:35:20	72.51038005000001	969.9643279000001	970	1	0	0	0	0
2024-10-14 22:35:30	72.51951159000001	969.50129	970	1	0	0	0	0
2024-10-14 22:35:40	72.52187339000001	969.475606	970	1	0	0	0	0
2024-10-14 22:35:50	72.525527	969.40971	970	1	0	0	0	0
2024-10-14 22:36:00	72.528216	969.6027587	970	1	0	0	0	0
2024-10-14 22:36:10	72.52755	969.5416262	970	1	0	0	0	0
2024-10-14 22:36:20	72.52974551	969.54251	970	1	0	0	0	0
2024-10-14 22:36:30	72.532568	969.46157	970	1	0	0	0	0
2024-10-14 22:36:40	72.53259899999999	969.5666200000001	970	1	0	0	0	0
2024-10-14 22:36:50	72.546662	968.80604	970	1	0	0	0	0
2024-10-14 22:37:00	72.529863	970.3199	970	1	0	0	0	0
2024-10-14 22:37:10	72.523037	970.4971496000001	970	1	0	0	0	0
2024-10-14 22:37:20	72.51545458999999	970.7601377	970	1	0	0	0	0
2024-10-14 22:37:30	72.50835978	971.0903866	970	1	0	0	0	0
2024-10-14 22:37:40	72.505668	970.9617352	970	1	0	0	0	0
2024-10-14 22:37:50	72.50273231999999	971.0001767	970	1	0	0	0	0
2024-10-14 22:38:00	72.501629	971.43466	970	1	0	0	0	0
2024-10-14 22:38:10	72.49134353	971.3253900000001	970	1	0	0	0	0
2024-10-14 22:38:20	72.47559849	971.98495	970	1	0	0	0	0
2024-10-14 22:38:30	72.463881	972.3669587	970	1	0	0	0	0
2024-10-14 22:38:40	72.45162278	972.66283	970	1	0	0	0	0
2024-10-14 22:38:50	72.445008	972.5131645	970	1	0	0	0	0
2024-10-14 22:39:00	72.43527399999999	972.6632	970	1	0	0	0	0
2024-10-14 22:39:10	72.41762	973.1349904	970	1	0	0	0	0
2024-10-14 22:39:20	72.412273	972.8601987	970	1	0	0	0	0
2024-10-14 22:39:30	72.400921	972.93494	970	1	0	0	0	0
2024-10-14 22:39:40	72.385491	973.3287	970	1	0	0	0	0
2024-10-14 22:39:50	72.37249169	973.3917346	970	1	0	0	0	0
2024-10-14 22:40:00	72.36105542	973.15344	970	1	0	0	0	0
2024-10-14 22:40:10	72.35270081	973.1105951	970	1	0	0	0	0
2024-10-14 22:40:20	72.34216552	973.1047500000001	970	1	0	0	0	0
2024-10-14 22:40:30	72.33677354	972.7878450000001	970	1	0	0	0	0
2024-10-14 22:40:40	72.32293955	972.9166868	970	1	0	0	0	0
2024-10-14 22:40:50	72.303823	973.607166	970	1	0	0	0	0
2024-10-14 22:41:00	72.30936200000001	972.2253900000001	970	1	0	0	0	0
2024-10-14 22:41:10	72.313313	971.67938	970	1	0	0	0	0
2024-10-14 22:41:20	72.30664032	971.7732333	970	1	0	0	0	0
2024-10-14 22:41:30	72.305093	971.531006	970	1	0	0	0	0
2024-10-14 22:41:40	72.30327159	971.24878	970	1	0	0	0	0
2024-10-14 22:41:50	72.2927551	971.615356	970	1	0	0	0	0
2024-10-14 22:42:00	72.29375947183098	971.4308859154929	970	1	0	0	0	0
2024-10-14 22:42:10	72.29211142857143	971.7759754285714	970	1	0	0	0	0
2024-10-14 22:42:20	72.27213499999999	971.9845829	970	1	0	0	0	0
2024-10-14 22:42:30	72.26058599999999	972.3619343	970	1	0	0	0	0
2024-10-14 22:42:40	72.25704259	972.1096513	970	1	0	0	0	0
2024-10-14 22:42:50	72.260304	971.47749	970	1	0	0	0	0
2024-10-14 22:43:00	72.242608	972.4522341	970	1	0	0	0	0
2024-10-14 22:43:10	72.233799	972.1929921999999	970	1	0	0	0	0
2024-10-14 22:43:20	72.224548	972.334717	970	1	0	0	0	0
2024-10-14 22:43:30	72.200932	973.3173155000001	970	1	0	0	0	0
2024-10-14 22:43:40	72.19803900000001	972.7956554	970	1	0	0	0	0
2024-10-14 22:43:50	72.19768357	972.36295	970	1	0	0	0	0
2024-10-14 22:44:00	72.18505950000001	972.7492705000001	970	1	0	0	0	0
2024-10-14 22:44:10	72.18028368	972.393866	970	1	0	0	0	0
2024-10-14 22:44:20	72.171711	972.4596466	970	1	0	0	0	0
2024-10-14 22:44:30	72.16427250000001	972.44928	970	1	0	0	0	0
2024-10-14 22:44:40	72.161208	971.98655	970	1	0	0	0	0
2024-10-14 22:44:50	72.143642	972.57044	970	1	0	0	0	0
2024-10-14 22:45:00	72.1376032632653	972.6083625306122	970	1	0	0	0	0
2024-10-14 22:45:10	72.14151000000001	971.54264	970	1	0	0	0	0
2024-10-14 22:45:20	72.13696300000001	971.46043	970	1	0	0	0	0
2024-10-14 22:45:30	72.128951	971.637004	970	1	0	0	0	0
2024-10-14 22:45:40	72.13940600000001	970.6985	970	1	0	0	0	0
2024-10-14 22:45:50	72.12293199999999	971.6990099999999	970	1	0	0	0	0
2024-10-14 22:46:00	72.13695700000001	970.6249265	970	1	0	0	0	0
2024-10-14 22:46:10	72.13285769	970.5786400000001	970	1	0	0	0	0
2024-10-14 22:46:20	72.132605	970.60058	970	1	0	0	0	0
2024-10-14 22:46:30	72.14161945000001	969.8952939	970	1	0	0	0	0
2024-10-14 22:46:40	72.13770848	970.1332721	970	1	0	0	0	0
2024-10-14 22:46:50	72.132586	970.30758	970	1	0	0	0	0
2024-10-14 22:47:00	72.129401	970.4767089	970	1	0	0	0	0
2024-10-14 22:47:10	72.12078091	970.8392	970	1	0	0	0	0
2024-10-14 22:47:20	72.11285099999999	971.1578400000001	970	1	0	0	0	0
2024-10-14 22:47:30	72.105966	971.45439	970	1	0	0	0	0
2024-10-14 22:47:40	72.117907	970.3850721	970	1	0	0	0	0
2024-10-14 22:47:50	72.120989	970.1352524	970	1	0	0	0	0
2024-10-14 22:48:00	72.11929	970.28958	970	1	0	0	0	0
2024-10-14 22:48:10	72.12808600000001	969.7014756	970	1	0	0	0	0
2024-10-14 22:48:20	72.11638400000001	970.46281	970	1	0	0	0	0
2024-10-14 22:48:30	72.11317854	970.5994204	970	1	0	0	0	0
2024-10-14 22:48:40	72.11562441	970.1781067	970	1	0	0	0	0
2024-10-14 22:48:50	72.095404	971.44183	970	1	0	0	0	0
2024-10-14 22:49:00	72.08070860000001	972.0532840000001	970	1	0	0	0	0
2024-10-14 22:49:10	72.077187	971.85931	970	1	0	0	0	0
2024-10-14 22:49:20	72.071114	971.7266900000001	970	1	0	0	0	0
2024-10-14 22:49:30	72.05142223	972.48585	970	1	0	0	0	0
2024-10-14 22:49:40	72.0413614	972.5396531	970	1	0	0	0	0
2024-10-14 22:49:50	72.03991554	972.0116778	970	1	0	0	0	0
2024-10-14 22:50:00	72.01571649	972.9444924	970	1	0	0	0	0
2024-10-14 22:50:10	72.00960251	972.7493767999999	970	1	0	0	0	0
2024-10-14 22:50:20	72.013925	971.8600200000001	970	1	0	0	0	0
2024-10-14 22:50:30	72.02727659	970.6256358999999	970	1	0	0	0	0
2024-10-14 22:50:40	72.014313	971.13149	970	1	0	0	0	0
2024-10-14 22:50:50	72.09779986000001	965.6511	970	1	0	0	0	0
2024-10-14 22:51:00	72.14728648	963.00726	970	1	0	0	0	0
2024-10-14 22:51:10	72.170417	963.43299	970	1	0	0	0	0
2024-10-14 22:51:20	72.177392	964.41786	970	1	0	0	0	0
2024-10-14 22:51:30	72.18953832	964.818346	970	1	0	0	0	0
2024-10-14 22:51:40	72.215915	964.3535521	970	1	0	0	0	0
2024-10-14 22:51:50	72.244033	963.6973851	970	1	0	0	0	0
2024-10-14 22:52:00	72.27188522	963.5330569	970	1	0	0	0	0
2024-10-14 22:52:10	72.2864724	963.7968266	970	1	0	0	0	0
2024-10-14 22:52:20	72.312077	963.5228157	970	1	0	0	0	0
2024-10-14 22:52:30	72.34015500000001	963.1153058	970	1	0	0	0	0
2024-10-14 22:52:40	72.36716349	962.9658099999999	970	1	0	0	0	0
2024-10-14 22:52:50	72.40312899999999	962.25455	970	1	0	0	0	0
2024-10-14 22:53:00	72.422215	962.6561800000001	970	1	0	0	0	0
2024-10-14 22:53:10	72.44985932	962.6148499999999	970	1	0	0	0	0
2024-10-14 22:53:20	72.47719067999999	962.6074277	970	1	0	0	0	0
2024-10-14 22:53:30	72.513278	962.0361499999999	970	1	0	0	0	0
2024-10-14 22:53:40	72.53448800000001	962.4198251	970	1	0	0	0	0
2024-10-14 22:53:50	72.566723	962.07421	970	1	0	0	0	0
2024-10-14 22:54:00	72.58691077	962.92687	970	1	0	0	0	0
2024-10-14 22:54:10	72.59234738999999	963.8411	970	1	0	0	0	0
2024-10-14 22:54:20	72.558032	967.43668	970	1	0	0	0	0
2024-10-14 22:54:30	72.51009748999999	970.8297549	970	1	0	0	0	0
2024-10-14 22:54:40	72.50683446000001	970.7859437000001	970	1	0	0	0	0
2024-10-14 22:54:50	72.490983	971.6829287	970	1	0	0	0	0
2024-10-14 22:55:00	72.49483157	970.9462	970	1	0	0	0	0
2024-10-14 22:55:10	72.490303	971.0453342	970	1	0	0	0	0
2024-10-14 22:55:20	72.48673961	971.05093	970	1	0	0	0	0
2024-10-14 22:55:30	72.475661	971.4735356	970	1	0	0	0	0
2024-10-14 22:55:40	72.476219	971.2050239	970	1	0	0	0	0
2024-10-14 22:55:50	72.461677	971.8785239	970	1	0	0	0	0
2024-10-14 22:56:00	72.4668442	971.55075	970	1	0	0	0	0
2024-10-14 22:56:10	72.45934100000001	971.2692561	970	1	0	0	0	0
2024-10-14 22:56:20	72.44386357	971.993842	970	1	0	0	0	0
2024-10-14 22:56:30	72.43905029999999	971.8522504	970	1	0	0	0	0
2024-10-14 22:56:40	72.43693162	971.5825636	970	1	0	0	0	0
2024-10-14 22:56:50	72.420175	972.25842	970	1	0	0	0	0
2024-10-14 22:57:00	72.414155	972.3637422	970	1	0	0	0	0
2024-10-14 22:57:10	72.41268259	971.79335	970	1	0	0	0	0
2024-10-14 22:57:20	72.414729	971.28157	970	1	0	0	0	0
2024-10-14 22:57:30	72.40115200000001	971.85682	970	1	0	0	0	0
2024-10-14 22:57:40	72.40330254	971.35776	970	1	0	0	0	0
2024-10-14 22:57:50	72.403153	971.0639741	970	1	0	0	0	0
2024-10-14 22:58:00	72.406081	971.0034579000001	970	1	0	0	0	0
2024-10-14 22:58:10	72.40529738000001	970.4145923	970	1	0	0	0	0
2024-10-14 22:58:20	72.41817800000001	969.6005722	970	1	0	0	0	0
2024-10-14 22:58:30	72.41732044	969.6689140000001	970	1	0	0	0	0
2024-10-14 22:58:40	72.4247714	969.23922	970	1	0	0	0	0
2024-10-14 22:58:50	72.423739	969.4430435	970	1	0	0	0	0
2024-10-14 22:59:00	72.432824	969.2157699999999	970	1	0	0	0	0
2024-10-14 22:59:10	72.42586369	969.5931446999999	970	1	0	0	0	0
2024-10-14 22:59:20	72.42414586000001	969.8460299999999	970	1	0	0	0	0
2024-10-14 22:59:30	72.42479746	969.84309	970	1	0	0	0	0
2024-10-14 22:59:40	72.407642	970.89335	970	1	0	0	0	0
2024-10-14 22:59:50	72.407642	970.89335	970	1	0	0	0	0
2024-10-14 23:00:00	72.401157	970.5600044	970	1	0	0	0	0
2024-10-14 23:00:10	72.403053	970.7341341	970	1	0	0	0	0
2024-10-14 23:00:20	72.403053	970.7341341	970	1	0	0	0	0
2024-10-14 23:00:30	72.381537	971.6649295	970	1	0	0	0	0
2024-10-14 23:00:40	72.381537	971.6649295	970	1	0	0	0	0
2024-10-14 23:00:50	72.37302014	971.57198	970	1	0	0	0	0
2024-10-14 23:01:00	72.37302014	971.57198	970	1	0	0	0	0
2024-10-14 23:01:10	72.353879	972.1394058	970	1	0	0	0	0
2024-10-14 23:01:20	72.35195244	971.83247	970	1	0	0	0	0
2024-10-14 23:01:30	72.338073	972.3826588	970	1	0	0	0	0
2024-10-14 23:01:40	72.33326077	972.2486299999999	970	1	0	0	0	0
2024-10-14 23:01:50	72.32771914	972.1670226000001	970	1	0	0	0	0
2024-10-14 23:02:00	72.32771914	972.1670226000001	970	1	0	0	0	0
2024-10-14 23:02:10	72.316478	972.04599	970	1	0	0	0	0
2024-10-14 23:02:20	72.31450631	971.77121	970	1	0	0	0	0
2024-10-14 23:02:30	72.30297999999999	972.04684	970	1	0	0	0	0
2024-10-14 23:02:40	72.28880259	972.537686	970	1	0	0	0	0
2024-10-14 23:02:50	72.28880259	972.537686	970	1	0	0	0	0
2024-10-14 23:03:00	72.26709768	972.5186287	970	1	0	0	0	0
2024-10-14 23:03:10	72.251486	973.20302	970	1	0	0	0	0
2024-10-14 23:03:20	72.251486	973.20302	970	1	0	0	0	0
2024-10-14 23:03:30	72.243135	972.47862	970	1	0	0	0	0
2024-10-14 23:03:40	72.232688	972.47968	970	1	0	0	0	0
2024-10-14 23:03:50	72.232688	972.47968	970	1	0	0	0	0
2024-10-14 23:04:00	72.197192	973.42987	970	1	0	0	0	0
2024-10-14 23:04:10	72.189569	973.2500995	970	1	0	0	0	0
2024-10-14 23:04:20	72.17304847	973.5353387	970	1	0	0	0	0
2024-10-14 23:04:30	72.15763369	973.7744647000001	970	1	0	0	0	0
2024-10-14 23:04:40	72.14660599999999	973.71582	970	1	0	0	0	0
2024-10-14 23:04:50	72.12993012	973.95684	970	1	0	0	0	0
2024-10-14 23:05:00	72.11967	973.8783914999999	970	1	0	0	0	0
2024-10-14 23:05:10	72.11967	973.8783914999999	970	1	0	0	0	0
2024-10-14 23:05:20	72.08336899999999	974.2643039	970	1	0	0	0	0
2024-10-14 23:05:30	72.066599	974.3330199	970	1	0	0	0	0
2024-10-14 23:05:40	72.05801842	974.0588746999999	970	1	0	0	0	0
2024-10-14 23:05:50	72.037416	974.5475	970	1	0	0	0	0
2024-10-14 23:06:00	72.034999	973.05042	970	1	0	0	0	0
2024-10-14 23:06:10	72.029977	973.2497984	970	1	0	0	0	0
2024-10-14 23:06:20	72.01005938	973.7919800000001	970	1	0	0	0	0
2024-10-14 23:06:30	71.99938304999999	973.5864255	970	1	0	0	0	0
2024-10-14 23:06:40	71.994854	973.16188	970	1	0	0	0	0
2024-10-14 23:06:50	71.984886	973.0929659	970	1	0	0	0	0
2024-10-14 23:07:00	71.967101	973.0612637	970	1	0	0	0	0
2024-10-14 23:07:10	71.970952	972.68479	970	1	0	0	0	0
2024-10-14 23:07:20	71.970952	972.68479	970	1	0	0	0	0
2024-10-14 23:07:30	71.95592451	972.37122	970	1	0	0	0	0
2024-10-14 23:07:40	72.03032295	967.2264752000001	970	1	0	0	0	0
2024-10-14 23:07:50	72.05413200000001	966.48157	970	1	0	0	0	0
2024-10-14 23:08:00	72.060603	966.4338615	970	1	0	0	0	0
2024-10-14 23:08:10	72.094614	965.4078	970	1	0	0	0	0
2024-10-14 23:08:20	72.10886500000001	965.5436668	970	1	0	0	0	0
2024-10-14 23:08:30	72.12586704	965.45762	970	1	0	0	0	0
2024-10-14 23:08:40	72.130684	965.9450192	970	1	0	0	0	0
2024-10-14 23:08:50	72.13746947	966.3607666	970	1	0	0	0	0
2024-10-14 23:09:00	72.13550641	967.24095	970	1	0	0	0	0
2024-10-14 23:09:10	72.151052	966.9677557	970	1	0	0	0	0
2024-10-14 23:09:20	72.15254973	967.5759922	970	1	0	0	0	0
2024-10-14 23:09:30	72.166602	967.2557433	970	1	0	0	0	0
2024-10-14 23:09:40	72.1776416	967.09132	970	1	0	0	0	0
2024-10-14 23:09:50	72.187969	967.14319	970	1	0	0	0	0
2024-10-14 23:10:00	72.21232277	966.4206813000001	970	1	0	0	0	0
2024-10-14 23:10:10	72.227919	966.095435	970	1	0	0	0	0
2024-10-14 23:10:20	72.24432013	965.9928785	970	1	0	0	0	0
2024-10-14 23:10:30	72.257435	966.01606	970	1	0	0	0	0
2024-10-14 23:10:40	72.27301149	965.9684440999999	970	1	0	0	0	0
2024-10-14 23:10:50	72.29427600000001	965.5543463	970	1	0	0	0	0
2024-10-14 23:11:00	72.31205376999999	965.69328	970	1	0	0	0	0
2024-10-14 23:11:10	72.32715800000001	965.3278703	970	1	0	0	0	0
2024-10-14 23:11:20	72.339455	965.4868305	970	1	0	0	0	0
2024-10-14 23:11:30	72.36251299999999	965.10181	970	1	0	0	0	0
2024-10-14 23:11:40	72.387274	964.61824	970	1	0	0	0	0
2024-10-14 23:11:50	72.39881	965.0168	970	1	0	0	0	0
2024-10-14 23:12:00	72.41911389859155	965.0215309859154	970	1	0	0	0	0
2024-10-14 23:12:10	72.43244907906977	965.5269488372094	970	1	0	0	0	0
2024-10-14 23:12:20	72.448407	965.15193	970	1	0	0	0	0
2024-10-14 23:12:30	72.47386603999999	964.65773	970	1	0	0	0	0
2024-10-14 23:12:40	72.48333699999999	965.2575899999999	970	1	0	0	0	0
2024-10-14 23:12:50	72.498782	965.29585	970	1	0	0	0	0
2024-10-14 23:13:00	72.522491	964.6743771	970	1	0	0	0	0
2024-10-14 23:13:10	72.526303	965.6880933	970	1	0	0	0	0
2024-10-14 23:13:20	72.538955	965.8622777	970	1	0	0	0	0
2024-10-14 23:13:30	72.55748653	965.58578	970	1	0	0	0	0
2024-10-14 23:13:40	72.57135545999999	965.5976906000001	970	1	0	0	0	0
2024-10-14 23:13:50	72.573402	966.4992036	970	1	0	0	0	0
2024-10-14 23:14:00	72.587848	965.93371	970	1	0	0	0	0
2024-10-14 23:14:10	72.596301	966.7063068	970	1	0	0	0	0
2024-10-14 23:14:20	72.624672	965.776714	970	1	0	0	0	0
2024-10-14 23:14:30	72.561831	970.5868269	970	1	0	0	0	0
2024-10-14 23:14:40	72.500723	974.1058	970	1	0	0	0	0
2024-10-14 23:14:50	72.496404	973.45273	970	1	0	0	0	0
2024-10-14 23:15:00	72.473383	974.1272056	970	1	0	0	0	0
2024-10-14 23:15:10	72.459122	974.08142	970	1	0	0	0	0
2024-10-14 23:15:20	72.455241	973.405724	970	1	0	0	0	0
2024-10-14 23:15:30	72.45151849000001	972.9353866	970	1	0	0	0	0
2024-10-14 23:15:40	72.4329304	973.4837346	970	1	0	0	0	0
2024-10-14 23:15:50	72.402386	974.6955912999999	970	1	0	0	0	0
2024-10-14 23:16:00	72.38680500000001	974.8190459	970	1	0	0	0	0
2024-10-14 23:16:10	72.36952241	974.8108854	970	1	0	0	0	0
2024-10-14 23:16:20	72.35522256	974.75344	970	1	0	0	0	0
2024-10-14 23:16:30	72.34262878	974.3351832	970	1	0	0	0	0
2024-10-14 23:16:40	72.31804199999999	974.9937058999999	970	1	0	0	0	0
2024-10-14 23:16:50	72.30893	974.4554297000001	970	1	0	0	0	0
2024-10-14 23:17:00	72.30385	974.0389255	970	1	0	0	0	0
2024-10-14 23:17:10	72.288927	973.9050296	970	1	0	0	0	0
2024-10-14 23:17:20	72.288314	973.1024331	970	1	0	0	0	0
2024-10-14 23:17:30	72.27522141	973.2177432999999	970	1	0	0	0	0
2024-10-14 23:17:40	72.276001	972.4724096	970	1	0	0	0	0
2024-10-14 23:17:50	72.26372949	972.6212362	970	1	0	0	0	0
2024-10-14 23:18:00	72.27494888	971.8453920999999	970	1	0	0	0	0
2024-10-14 23:18:10	72.25801200000001	972.0192199999999	970	1	0	0	0	0
2024-10-14 23:18:20	72.247	972.2916259	970	1	0	0	0	0
2024-10-14 23:18:30	72.24952477	971.64132	970	1	0	0	0	0
2024-10-14 23:18:40	72.23803099999999	971.97981	970	1	0	0	0	0
2024-10-14 23:18:50	72.216748	972.8384464000001	970	1	0	0	0	0
2024-10-14 23:19:00	72.19981895	973.7013655999999	970	1	0	0	0	0
2024-10-14 23:19:10	72.17696994	973.91488	970	1	0	0	0	0
2024-10-14 23:19:20	72.16413800000001	973.8366100000001	970	1	0	0	0	0
2024-10-14 23:19:30	72.14475844	974.2680422000001	970	1	0	0	0	0
2024-10-14 23:19:40	72.128145	974.3414494000001	970	1	0	0	0	0
2024-10-14 23:19:50	72.107483	974.7004267	970	1	0	0	0	0
2024-10-14 23:20:00	72.092636	974.4049314	970	1	0	0	0	0
2024-10-14 23:20:10	72.07931632	974.3326351	970	1	0	0	0	0
2024-10-14 23:20:20	72.08932035	972.9208622	970	1	0	0	0	0
2024-10-14 23:20:30	72.06426741	973.6915	970	1	0	0	0	0
2024-10-14 23:20:40	72.0552785	973.4334347	970	1	0	0	0	0
2024-10-14 23:20:50	72.059634	972.43706	970	1	0	0	0	0
2024-10-14 23:21:00	72.0649905	971.4665039	970	1	0	0	0	0
2024-10-14 23:21:10	72.098425	969.2009558	970	1	0	0	0	0
2024-10-14 23:21:20	72.101323	969.1690100000001	970	1	0	0	0	0
2024-10-14 23:21:30	72.10287699999999	969.2148560999999	970	1	0	0	0	0
2024-10-14 23:21:40	72.10386342000001	969.20051	970	1	0	0	0	0
2024-10-14 23:21:50	72.14168900000001	967.1921629999999	970	1	0	0	0	0
2024-10-14 23:22:00	72.157183	966.9982785999999	970	1	0	0	0	0
2024-10-14 23:22:10	72.16207	967.1700375	970	1	0	0	0	0
2024-10-14 23:22:20	72.148269	968.7056106	970	1	0	0	0	0
2024-10-14 23:22:30	72.160273	968.2905741	970	1	0	0	0	0
2024-10-14 23:22:40	72.16033449	968.71611	970	1	0	0	0	0
2024-10-14 23:22:50	72.155564	969.25184	970	1	0	0	0	0
2024-10-14 23:23:00	72.15381500000001	969.9641721999999	970	1	0	0	0	0
2024-10-14 23:23:10	72.161802	969.1592221999999	970	1	0	0	0	0
2024-10-14 23:23:20	72.16025099999999	969.4081761	970	1	0	0	0	0
2024-10-14 23:23:30	72.16907005	968.98016	970	1	0	0	0	0
2024-10-14 23:23:40	72.18778058000001	967.997474	970	1	0	0	0	0
2024-10-14 23:23:50	72.1994195	967.643024	970	1	0	0	0	0
2024-10-14 23:24:00	72.197205	968.1521899999999	970	1	0	0	0	0
2024-10-14 23:24:10	72.19787749	968.65002	970	1	0	0	0	0
2024-10-14 23:24:20	72.20566500000001	968.45944	970	1	0	0	0	0
2024-10-14 23:24:30	72.20904999999999	968.51686	970	1	0	0	0	0
2024-10-14 23:24:40	72.20405254	969.13707	970	1	0	0	0	0
2024-10-14 23:24:50	72.19800155	969.785436	970	1	0	0	0	0
2024-10-14 23:25:00	72.198788	969.4382141000001	970	1	0	0	0	0
2024-10-14 23:25:10	72.197057	969.97849	970	1	0	0	0	0
2024-10-14 23:25:20	72.21183500000001	969.1605868	970	1	0	0	0	0
2024-10-14 23:25:30	72.218502	968.9788100000001	970	1	0	0	0	0
2024-10-14 23:25:40	72.215311	969.43282	970	1	0	0	0	0
2024-10-14 23:25:50	72.22304615	969.05936	970	1	0	0	0	0
2024-10-14 23:26:00	72.2345706122449	968.4498907142856	970	1	0	0	0	0
2024-10-14 23:26:10	72.231844	968.99941	970	1	0	0	0	0
2024-10-14 23:26:20	72.23775647000001	968.80928	970	1	0	0	0	0
2024-10-14 23:26:30	72.231373	969.5072877	970	1	0	0	0	0
2024-10-14 23:26:40	72.23301538	969.5958977	970	1	0	0	0	0
2024-10-14 23:26:50	72.228038	970.01646	970	1	0	0	0	0
2024-10-14 23:27:00	72.2228905	970.40847	970	1	0	0	0	0
2024-10-14 23:27:10	72.22117399999999	970.4080733	970	1	0	0	0	0
2024-10-14 23:27:20	72.22034452	970.3520632999999	970	1	0	0	0	0
2024-10-14 23:27:30	72.21128399999999	970.7026999999999	970	1	0	0	0	0
2024-10-14 23:27:40	72.20857658999999	970.7718153999999	970	1	0	0	0	0
2024-10-14 23:27:50	72.212102	970.3264967	970	1	0	0	0	0
2024-10-14 23:28:00	72.20721752	969.99198	970	1	0	0	0	0
2024-10-14 23:28:10	72.200894	970.84428	970	1	0	0	0	0
2024-10-14 23:28:20	72.211722	969.9851033	970	1	0	0	0	0
2024-10-14 23:28:30	72.205268	970.4060249	970	1	0	0	0	0
2024-10-14 23:28:40	72.210787	970.0773995000001	970	1	0	0	0	0
2024-10-14 23:28:50	72.22808677	968.944739	970	1	0	0	0	0
2024-10-14 23:29:00	72.220196	969.52332	970	1	0	0	0	0
2024-10-14 23:29:10	72.23470413	968.8773600000001	970	1	0	0	0	0
2024-10-14 23:29:20	72.25819155	967.6397836	970	1	0	0	0	0
2024-10-14 23:29:30	72.262208	967.7266485	970	1	0	0	0	0
2024-10-14 23:29:40	72.271583	967.6133130999999	970	1	0	0	0	0
2024-10-14 23:29:50	72.270647	968.15023	970	1	0	0	0	0
2024-10-14 23:30:00	72.272637	968.0732945999999	970	1	0	0	0	0
2024-10-14 23:30:10	72.28903799999999	967.89688	970	1	0	0	0	0
2024-10-14 23:30:20	72.29232103999999	968.1473344999999	970	1	0	0	0	0
2024-10-14 23:30:30	72.305971	967.6675931	970	1	0	0	0	0
2024-10-14 23:30:40	72.30964786	967.80575	970	1	0	0	0	0
2024-10-14 23:30:50	72.317452	967.79727	970	1	0	0	0	0
2024-10-14 23:31:00	72.32161428571429	968.723212244898	970	1	0	0	0	0
2024-10-14 23:31:10	72.328982	967.9828364	970	1	0	0	0	0
2024-10-14 23:31:20	72.33751699999999	967.8763700000001	970	1	0	0	0	0
2024-10-14 23:31:30	72.34311687	968.02187	970	1	0	0	0	0
2024-10-14 23:31:40	72.35523608999999	967.82671	970	1	0	0	0	0
2024-10-14 23:31:50	72.374646	967.1697095	970	1	0	0	0	0
2024-10-14 23:32:00	72.38387978	967.0647299999999	970	1	0	0	0	0
2024-10-14 23:32:10	72.39439057	967.12433	970	1	0	0	0	0
2024-10-14 23:32:20	72.4155454	966.4678862000001	970	1	0	0	0	0
2024-10-14 23:32:30	72.419491	967.0967406	970	1	0	0	0	0
2024-10-14 23:32:40	72.428673	967.16759	970	1	0	0	0	0
2024-10-14 23:32:50	72.44102377	966.9895748	970	1	0	0	0	0
2024-10-14 23:33:00	72.43175843	968.39768	970	1	0	0	0	0
2024-10-14 23:33:10	72.447761	967.6391060000001	970	1	0	0	0	0
2024-10-14 23:33:20	72.456057	967.6409504	970	1	0	0	0	0
2024-10-14 23:33:30	72.45929059999999	967.84603	970	1	0	0	0	0
2024-10-14 23:33:40	72.471993	967.6049300000001	970	1	0	0	0	0
2024-10-14 23:33:50	72.48078242	967.5230396	970	1	0	0	0	0
2024-10-14 23:34:00	72.486773	967.6418563	970	1	0	0	0	0
2024-10-14 23:34:10	72.51318139	966.46556	970	1	0	0	0	0
2024-10-14 23:34:20	72.51122043000001	967.372556	970	1	0	0	0	0
2024-10-14 23:34:30	72.522875	967.19366	970	1	0	0	0	0
2024-10-14 23:34:40	72.552435	965.9406862000001	970	1	0	0	0	0
2024-10-14 23:34:50	72.55695296	966.51785	970	1	0	0	0	0
2024-10-14 23:35:00	72.57398053	965.9043385	970	1	0	0	0	0
2024-10-14 23:35:10	72.58523622999999	966.3756599999999	970	1	0	0	0	0
2024-10-14 23:35:20	72.5877906	967.10975	970	1	0	0	0	0
2024-10-14 23:35:30	72.595551	967.2341434	970	1	0	0	0	0
2024-10-14 23:35:40	72.60322036	967.3284537000001	970	1	0	0	0	0
2024-10-14 23:35:50	72.5965	968.3594969	970	1	0	0	0	0
2024-10-14 23:36:00	72.6011356862745	968.7039705882353	970	1	0	0	0	0
2024-10-14 23:36:10	72.580059	970.04972	970	1	0	0	0	0
2024-10-14 23:36:20	72.576413	970.3459657999999	970	1	0	0	0	0
2024-10-14 23:36:30	72.57902854	970.1085694	970	1	0	0	0	0
2024-10-14 23:36:40	72.5605765	971.1895841999999	970	1	0	0	0	0
2024-10-14 23:36:50	72.539791	972.2024179	970	1	0	0	0	0
2024-10-14 23:37:00	72.53576069	971.9956500000001	970	1	0	0	0	0
2024-10-14 23:37:10	72.531588	971.8040767	970	1	0	0	0	0
2024-10-14 23:37:20	72.51886747	972.18751	970	1	0	0	0	0
2024-10-14 23:37:30	72.50267600000001	972.8506	970	1	0	0	0	0
2024-10-14 23:37:40	72.51157145	971.6612299999999	970	1	0	0	0	0
2024-10-14 23:37:50	72.502448	971.8089173999999	970	1	0	0	0	0
2024-10-14 23:38:00	72.5009846	971.05322	970	1	0	0	0	0
2024-10-14 23:38:10	72.502543	971.1171635	970	1	0	0	0	0
2024-10-14 23:38:20	72.50042	971.0787567	970	1	0	0	0	0
2024-10-14 23:38:30	72.50213851	970.7290653	970	1	0	0	0	0
2024-10-14 23:38:40	72.486745	971.5591585	970	1	0	0	0	0
2024-10-14 23:38:50	72.474874	971.9311385999999	970	1	0	0	0	0
2024-10-14 23:39:00	72.47685897959182	971.0476265306122	970	1	0	0	0	0
2024-10-14 23:39:10	72.467624	971.7266731000001	970	1	0	0	0	0
2024-10-14 23:39:20	72.44832214	972.66743	970	1	0	0	0	0
2024-10-14 23:39:30	72.45533447	971.68535	970	1	0	0	0	0
2024-10-14 23:39:40	72.443634	972.0702647999999	970	1	0	0	0	0
2024-10-14 23:39:50	72.432932	972.1805479	970	1	0	0	0	0
2024-10-14 23:40:00	72.424191	972.0383973	970	1	0	0	0	0
2024-10-14 23:40:10	72.41088558000001	972.72885	970	1	0	0	0	0
2024-10-14 23:40:20	72.40493995	972.6029	970	1	0	0	0	0
2024-10-14 23:40:30	72.4025055	972.1771663999999	970	1	0	0	0	0
2024-10-14 23:40:40	72.382957	972.8099258	970	1	0	0	0	0
2024-10-14 23:40:50	72.366003	973.2812232	970	1	0	0	0	0
2024-10-14 23:41:00	72.34894784313725	973.677862745098	970	1	0	0	0	0
2024-10-14 23:41:10	72.342733	973.3497745000001	970	1	0	0	0	0
2024-10-14 23:41:20	72.328706	973.4881778	970	1	0	0	0	0
2024-10-14 23:41:30	72.300097	974.51496	970	1	0	0	0	0
2024-10-14 23:41:40	72.291475	974.1189059	970	1	0	0	0	0
2024-10-14 23:41:50	72.28949	973.3268	970	1	0	0	0	0
2024-10-14 23:42:00	72.27322274285713	973.4902228571428	970	1	0	0	0	0
2024-10-14 23:42:10	72.25946146341462	973.6115571219513	970	1	0	0	0	0
2024-10-14 23:42:20	72.261844	972.7760586	970	1	0	0	0	0
2024-10-14 23:42:30	72.25940459	972.339364	970	1	0	0	0	0
2024-10-14 23:42:40	72.2415	972.8242200000001	970	1	0	0	0	0
2024-10-14 23:42:50	72.229833	973.00082	970	1	0	0	0	0
2024-10-14 23:43:00	72.225363	972.7092914	970	1	0	0	0	0
2024-10-14 23:43:10	72.21075062	972.8898014	970	1	0	0	0	0
2024-10-14 23:43:20	72.20568268	972.5474786	970	1	0	0	0	0
2024-10-14 23:43:30	72.187455	972.91044	970	1	0	0	0	0
2024-10-14 23:43:40	72.217758	970.4003421	970	1	0	0	0	0
2024-10-14 23:43:50	72.17803853000001	972.7335899999999	970	1	0	0	0	0
2024-10-14 23:44:00	72.16369900000001	973.5689511	970	1	0	0	0	0
2024-10-14 23:44:10	72.14769522	973.2180754999999	970	1	0	0	0	0
2024-10-14 23:44:20	72.1392128	973.0646731	970	1	0	0	0	0
2024-10-14 23:44:30	72.1269125	973.1103357	970	1	0	0	0	0
2024-10-14 23:44:40	72.110007	973.4998233	970	1	0	0	0	0
2024-10-14 23:44:50	72.11372399999999	972.5494017	970	1	0	0	0	0
2024-10-14 23:45:00	72.10164444	972.3633199999999	970	1	0	0	0	0
2024-10-14 23:45:10	72.0992734	972.3471434999999	970	1	0	0	0	0
2024-10-14 23:45:20	72.1021347	971.65564	970	1	0	0	0	0
2024-10-14 23:45:30	72.101049	971.42021	970	1	0	0	0	0
2024-10-14 23:45:40	72.10065300000001	971.06227	970	1	0	0	0	0
2024-10-14 23:45:50	72.09257556	971.36472	970	1	0	0	0	0
2024-10-14 23:46:00	72.11216396	969.8431123	970	1	0	0	0	0
2024-10-14 23:46:10	72.09169299999999	971.13801	970	1	0	0	0	0
2024-10-14 23:46:20	72.09996412999999	970.3822755000001	970	1	0	0	0	0
2024-10-14 23:46:30	72.10803144	969.8388945	970	1	0	0	0	0
2024-10-14 23:46:40	72.100115	970.3353077	970	1	0	0	0	0
2024-10-14 23:46:50	72.1016595	970.2242249	970	1	0	0	0	0
2024-10-14 23:47:00	72.145254	967.7764775	970	1	0	0	0	0
2024-10-14 23:47:10	72.160014	967.0936641	970	1	0	0	0	0
2024-10-14 23:47:20	72.191333	965.87041	970	1	0	0	0	0
2024-10-14 23:47:30	72.19811	966.3162837	970	1	0	0	0	0
2024-10-14 23:47:40	72.21257	966.23892	970	1	0	0	0	0
2024-10-14 23:47:50	72.22314300000001	966.5154205	970	1	0	0	0	0
2024-10-14 23:48:00	72.243113	966.0092869	970	1	0	0	0	0
2024-10-14 23:48:10	72.25760186000001	966.04561	970	1	0	0	0	0
2024-10-14 23:48:20	72.271114	966.1201933000001	970	1	0	0	0	0
2024-10-14 23:48:30	72.283424	966.152355	970	1	0	0	0	0
2024-10-14 23:48:40	72.306747	965.4654259	970	1	0	0	0	0
2024-10-14 23:48:50	72.3153877	965.8465858999999	970	1	0	0	0	0
2024-10-14 23:49:00	72.318408	966.44569	970	1	0	0	0	0
2024-10-14 23:49:10	72.332965	966.3919621	970	1	0	0	0	0
2024-10-14 23:49:20	72.34468459	966.45372	970	1	0	0	0	0
2024-10-14 23:49:30	72.35427659	966.6069305	970	1	0	0	0	0
2024-10-14 23:49:40	72.35791746	967.06282	970	1	0	0	0	0
2024-10-14 23:49:50	72.3679065	967.00517	970	1	0	0	0	0
2024-10-14 23:50:00	72.374427	967.1869812	970	1	0	0	0	0
2024-10-14 23:50:10	72.372434	967.8859986	970	1	0	0	0	0
2024-10-14 23:50:20	72.375863	968.1733836	970	1	0	0	0	0
2024-10-14 23:50:30	72.375209	968.53047	970	1	0	0	0	0
2024-10-14 23:50:40	72.37513248	968.8441441	970	1	0	0	0	0
2024-10-14 23:50:50	72.38435068	968.51826	970	1	0	0	0	0
2024-10-14 23:51:00	72.369926	969.7384053	970	1	0	0	0	0
2024-10-14 23:51:10	72.368452	969.9255245	970	1	0	0	0	0
2024-10-14 23:51:20	72.36262	970.3665339	970	1	0	0	0	0
2024-10-14 23:51:30	72.372243	969.6813199999999	970	1	0	0	0	0
2024-10-14 23:51:40	72.380818	969.2591079	970	1	0	0	0	0
2024-10-14 23:51:50	72.383931	969.2212949999999	970	1	0	0	0	0
2024-10-14 23:52:00	72.386195	969.20513	970	1	0	0	0	0
2024-10-14 23:52:10	72.399175	968.620709	970	1	0	0	0	0
2024-10-14 23:52:20	72.406435	968.4746639	970	1	0	0	0	0
2024-10-14 23:52:30	72.41698600000001	968.16055	970	1	0	0	0	0
2024-10-14 23:52:40	72.42200238000001	968.269	970	1	0	0	0	0
2024-10-14 23:52:50	72.42528286000001	968.3436914	970	1	0	0	0	0
2024-10-14 23:53:00	72.43827209999999	968.03273	970	1	0	0	0	0
2024-10-14 23:53:10	72.447201	967.86222	970	1	0	0	0	0
2024-10-14 23:53:20	72.44742741	968.2202735999999	970	1	0	0	0	0
2024-10-14 23:53:30	72.45817717999999	967.9018758999999	970	1	0	0	0	0
2024-10-14 23:53:40	72.472966	967.3559842	970	1	0	0	0	0
2024-10-14 23:53:50	72.479561	967.3535283000001	970	1	0	0	0	0
2024-10-14 23:54:00	72.497926	967.0602123	970	1	0	0	0	0
2024-10-14 23:54:10	72.495012	967.5546405	970	1	0	0	0	0
2024-10-14 23:54:20	72.51877999999999	966.498775	970	1	0	0	0	0
2024-10-14 23:54:30	72.5333427	966.3671998	970	1	0	0	0	0
2024-10-14 23:54:40	72.55097195	966.0055534	970	1	0	0	0	0
2024-10-14 23:54:50	72.56012839	966.3485000000001	970	1	0	0	0	0
2024-10-14 23:55:00	72.57117455000001	966.0555155999999	970	1	0	0	0	0
2024-10-14 23:55:10	72.578902	966.8596485	970	1	0	0	0	0
2024-10-14 23:55:20	72.586717	967.217116	970	1	0	0	0	0
2024-10-14 23:55:30	72.604248	966.7234983	970	1	0	0	0	0
2024-10-14 23:55:40	72.613654	966.7889653000001	970	1	0	0	0	0
2024-10-14 23:55:50	72.626453	966.6980599999999	970	1	0	0	0	0
2024-10-14 23:56:00	72.634027	967.15372	970	1	0	0	0	0
2024-10-14 23:56:10	72.635183	967.5371831	970	1	0	0	0	0
2024-10-14 23:56:20	72.65044999999999	967.06928	970	1	0	0	0	0
2024-10-14 23:56:30	72.65114045	967.713129	970	1	0	0	0	0
2024-10-14 23:56:40	72.658312	967.8155024	970	1	0	0	0	0
2024-10-14 23:56:50	72.64376653000001	969.18673	970	1	0	0	0	0
2024-10-14 23:57:00	72.624458	971.1148499999999	970	1	0	0	0	0
2024-10-14 23:57:10	72.60802699999999	971.5184046	970	1	0	0	0	0
2024-10-14 23:57:20	72.60088900000001	971.6812600000001	970	1	0	0	0	0
2024-10-14 23:57:30	72.590799	971.9111	970	1	0	0	0	0
2024-10-14 23:57:40	72.5917266	971.35754	970	1	0	0	0	0
2024-10-14 23:57:50	72.58771046999999	971.26277	970	1	0	0	0	0
2024-10-14 23:58:00	72.57406077	972.4878239000001	970	1	0	0	0	0
2024-10-14 23:58:10	72.576652	971.2063452	970	1	0	0	0	0
2024-10-14 23:58:20	72.556238	972.1618348000001	970	1	0	0	0	0
2024-10-14 23:58:30	72.543938	972.4821505	970	1	0	0	0	0
2024-10-14 23:58:40	72.545153	971.9228458	970	1	0	0	0	0
2024-10-14 23:58:50	72.52779542	972.5954444	970	1	0	0	0	0
2024-10-14 23:59:00	72.53437577	971.6073877	970	1	0	0	0	0
2024-10-14 23:59:10	72.520836	972.0599667	970	1	0	0	0	0
2024-10-14 23:59:20	72.51360091	972.1056278000001	970	1	0	0	0	0
2024-10-14 23:59:30	72.50016461000001	972.56649	970	1	0	0	0	0
2024-10-14 23:59:40	72.49642499999999	972.1963145	970	1	0	0	0	0
2024-10-14 23:59:50	72.48812156	972.31177	970	1	0	0	0	0
2024-10-15 00:00:00	72.48484495	972.1695500000001	970	1	0	0	0	0
