PROCESSDATA	2411LIC10201 Data	yyyy-MM-dd HH:mm:ss
8	10	2025-02-20 21:55:00	751
tagname	2411LIC10201.MV	2411LIC10201.PV	2411LIC10201.SV	2411LIC10201.MODE	bOpOFL	bPvOFL	bSpOFL	bAutOFL
desc	反应器C101料位_OP	反应器C101料位_PV	反应器C101料位_SP	Aut	bOpOFL	bPvOFL	bSpOFL	bAutOFL
fsMax=21.988763772	fsMin=0	fsGridNum=10	fdMax=21.988763772tfdMin=0	fdGridNum=10	v0GridNum=10	L=24
2025-02-20 21:55:00	39.685937428	51.201233622000004	51.6507759	1	1	1	1	1
2025-02-20 21:55:10	39.99947	51.3350449	51.6507759	1	0	0	0	0
2025-02-20 21:55:20	40.0679999952381	51.60246424761905	51.6507759	1	0	0	0	0
2025-02-20 21:55:30	39.871543042	51.533357414	51.6507759	1	0	0	0	0
2025-02-20 21:55:40	39.587460592	51.255175764	51.6507759	1	0	0	0	0
2025-02-20 21:55:50	39.43845994117647	51.099050999999996	51.6507759	1	0	0	0	0
2025-02-20 21:56:00	39.31518915686274	50.966175166666666	51.6507759	1	0	0	0	0
2025-02-20 21:56:10	39.509059489795916	51.30663265306122	51.6507759	1	0	0	0	0
2025-02-20 21:56:20	39.78221510204082	51.765423469387756	51.6507759	1	0	0	0	0
2025-02-20 21:56:30	40.001734478	51.732046386	51.6507759	1	0	0	0	0
2025-02-20 21:56:40	40.211037428	51.604923035999995	51.6507759	1	0	0	0	0
2025-02-20 21:56:50	40.152985766	51.615937812	51.6507759	1	0	0	0	0
2025-02-20 21:57:00	40.044009416	51.653264612	51.6507759	1	0	0	0	0
2025-02-20 21:57:10	40.0054934	51.64015021	51.6507759	1	0	0	0	0
2025-02-20 21:57:20	40.080753536	51.700123904	51.6507759	1	0	0	0	0
2025-02-20 21:57:30	40.205003936000004	51.802899504	51.6507759	1	0	0	0	0
2025-02-20 21:57:40	40.21150532	51.899217688	51.6507759	1	0	0	0	0
2025-02-20 21:57:50	40.19557832	51.994305888	51.6507759	1	0	0	0	0
2025-02-20 21:58:00	40.19557832	51.994305888	51.6507759	1	1	1	1	1
2025-02-20 21:58:10	40.151634800000004	51.877049774	51.6507759	1	0	0	0	0
2025-02-20 21:58:20	40.1023548	51.719347124	51.6507759	1	0	0	0	0
2025-02-20 21:58:30	40.0579258	51.662494202	51.6507759	1	0	0	0	0
2025-02-20 21:58:40	40.0144208	51.624850752	51.6507759	1	0	0	0	0
2025-02-20 21:58:50	39.824194512	51.43533736	51.6507759	1	0	0	0	0
2025-02-20 21:59:00	39.606021311999996	51.21689636	51.6507759	1	0	0	0	0
2025-02-20 21:59:10	39.869547288	51.480130764	51.6507759	1	0	0	0	0
2025-02-20 21:59:20	40.224825488	51.835112864	51.6507759	1	0	0	0	0
2025-02-20 21:59:30	40.011133342	51.61613464	51.6507759	1	0	0	0	0
2025-02-20 21:59:40	39.689065892	51.287830639999996	51.6507759	1	0	0	0	0
2025-02-20 21:59:50	39.894283158	51.288332292	51.6507759	1	0	0	0	0
2025-02-20 22:00:00	39.894283158	51.288332292	51.6507759	1	1	1	1	1
2025-02-20 22:00:10	40.199935608000004	51.351463592	51.6507759	1	0	0	0	0
2025-02-20 22:00:20	40.212049428	51.541914868	51.6507759	1	0	0	0	0
2025-02-20 22:00:30	40.168251127999994	51.756617568	51.6507759	1	0	0	0	0
2025-02-20 22:00:40	40.143273448	51.773587964	51.6507759	1	0	0	0	0
2025-02-20 22:00:50	40.121880648	51.752895064	51.6507759	1	0	0	0	0
2025-02-20 22:01:00	39.851561324	51.48576561	51.6507759	1	0	0	0	0
2025-02-20 22:01:10	39.533827424	51.17169586	51.6507759	1	0	0	0	0
2025-02-20 22:01:20	39.810562364	51.448658048	51.6507759	1	0	0	0	0
2025-02-20 22:01:30	40.200529464	51.838197748	51.6507759	1	0	0	0	0
2025-02-20 22:01:40	39.99248704	51.646797606	51.6507759	1	0	0	0	0
2025-02-20 22:01:50	39.670538040000004	51.344742255999996	51.6507759	1	0	0	0	0
2025-02-20 22:02:00	39.907287530000005	51.652210772	51.6507759	1	0	0	0	0
2025-02-20 22:02:10	40.25045578	52.075779071999996	51.6507759	1	0	0	0	0
2025-02-20 22:02:20	40.452869766000006	52.030212999999996	51.6507759	1	0	0	0	0
2025-02-20 22:02:30	40.628473416000006	51.895288	51.6507759	1	0	0	0	0
2025-02-20 22:02:40	40.019249200000004	51.647257916	51.6507759	1	0	0	0	0
2025-02-20 22:02:50	40.019249200000004	51.647257916	51.6507759	1	1	1	1	1
2025-02-20 22:03:00	39.864482066	51.456536958	51.6507759	1	0	0	0	0
2025-02-20 22:03:10	39.746210716	51.252929408	51.6507759	1	0	0	0	0
2025-02-20 22:03:20	39.950413434000005	51.445691398	51.6507759	1	0	0	0	0
2025-02-20 22:03:30	40.216039784	51.713952348	51.6507759	1	0	0	0	0
2025-02-20 22:03:40	40.104440278	51.672466826	51.6507759	1	0	0	0	0
2025-02-20 22:03:50	39.920988228	51.571981976000004	51.6507759	1	0	0	0	0
2025-02-20 22:04:00	39.926594222	51.599952152	51.6507759	1	0	0	0	0
2025-02-20 22:04:10	39.968211272000005	51.652389952	51.6507759	1	0	0	0	0
2025-02-20 22:04:20	40.29692705	51.9817734	51.6507759	1	0	0	0	0
2025-02-20 22:04:30	40.6803283	52.3639084	51.6507759	1	0	0	0	0
2025-02-20 22:04:40	40.56554025	52.242007658	51.6507759	1	0	0	0	0
2025-02-20 22:04:50	40.355859	52.024100108	51.6507759	1	0	0	0	0
2025-02-20 22:05:00	40.355859	52.024100108	51.6507759	1	1	1	1	1
2025-02-20 22:05:10	39.6941892	51.376212772	51.6507759	1	0	0	0	0
2025-02-20 22:05:20	39.544693428	51.23299857	51.6507759	1	0	0	0	0
2025-02-20 22:05:30	39.431745128	51.12596532	51.6507759	1	0	0	0	0
2025-02-20 22:05:40	39.453546771999996	51.166403268	51.6507759	1	0	0	0	0
2025-02-20 22:05:50	39.501015071999994	51.234930968	51.6507759	1	0	0	0	0
2025-02-20 22:06:00	40.004512399999996	51.743513332	51.6507759	1	0	0	0	0
2025-02-20 22:06:10	40.5948724	52.335915632	51.6507759	1	0	0	0	0
2025-02-20 22:06:20	40.30610352	52.053853866	51.6507759	1	0	0	0	0
2025-02-20 22:06:30	39.84988152	51.605227516	51.6507759	1	0	0	0	0
2025-02-20 22:06:40	40.201481916	51.977657892	51.6507759	1	0	0	0	0
2025-02-20 22:06:50	40.24253211	51.9891361	51.6507759	1	0	0	0	0
2025-02-20 22:07:00	40.24744736	51.9568161	51.6507759	1	0	0	0	0
2025-02-20 22:07:10	40.372304404000005	52.077101041999995	51.6507759	1	0	0	0	0
2025-02-20 22:07:20	40.520007504000006	52.226453592	51.6507759	1	0	0	0	0
2025-02-20 22:07:30	40.015498400000006	51.735541804	51.6507759	1	0	0	0	0
2025-02-20 22:07:40	39.386758400000005	51.122674904	51.6507759	1	0	0	0	0
2025-02-20 22:07:50	39.4846562	51.234119549999996	51.6507759	1	0	0	0	0
2025-02-20 22:08:00	39.7209612	51.483528299999996	51.6507759	1	0	0	0	0
2025-02-20 22:08:10	39.641433256	51.401578848	51.6507759	1	0	0	0	0
2025-02-20 22:08:20	39.501746656	51.256513548	51.6507759	1	0	0	0	0
2025-02-20 22:08:30	39.82361109411765	51.62994768235294	51.6507759	1	0	0	0	0
2025-02-20 22:08:40	40.233390015686275	52.10214361372549	51.6507759	1	0	0	0	0
2025-02-20 22:08:50	40.56873820816327	52.363121575510206	51.6507759	1	0	0	0	0
2025-02-20 22:09:00	40.885478718367345	52.57129504489796	51.6507759	1	0	0	0	0
2025-02-20 22:09:10	40.266689295999996	51.927396396000006	51.6507759	1	0	0	0	0
2025-02-20 22:09:20	39.469703695999996	51.121198296	51.6507759	1	0	0	0	0
2025-02-20 22:09:30	39.52185528	51.16446099	51.6507759	1	0	0	0	0
2025-02-20 22:09:40	39.73574728	51.36952574	51.6507759	1	0	0	0	0
2025-02-20 22:09:50	39.7735106	51.406170112	51.6507759	1	0	0	0	0
2025-02-20 22:10:00	39.7735106	51.406170112	51.6507759	1	1	1	1	1
2025-02-20 22:10:10	40.090216399999996	51.700468926	51.6507759	1	0	0	0	0
2025-02-20 22:10:20	40.4614264	52.044521576	51.6507759	1	0	0	0	0
2025-02-20 22:10:30	40.568858606896555	52.21000045517241	51.6507759	1	0	0	0	0
2025-02-20 22:10:40	40.62604742463054	52.34146528275862	51.6507759	1	0	0	0	0
2025-02-20 22:10:50	40.4345024	51.988256532487306	51.6507759	1	0	0	0	0
2025-02-20 22:11:00	40.1846124	51.52135891827412	51.6507759	1	0	0	0	0
2025-02-20 22:11:10	40.210681342	51.544333356	51.6507759	1	0	0	0	0
2025-02-20 22:11:20	40.289313892	51.660616755999996	51.6507759	1	0	0	0	0
2025-02-20 22:11:30	39.992759056000004	51.452488418	51.6507759	1	0	0	0	0
2025-02-20 22:11:40	39.624739956	51.182567368	51.6507759	1	0	0	0	0
2025-02-20 22:11:50	39.8152319	51.412679250000004	51.986770776	1	0	0	0	0
2025-02-20 22:12:00	40.1121069	51.412679250000004	52.386764676000006	1	0	1	0	1
2025-02-20 22:12:10	40.043588788	51.7380355	52.4507637	1	0	0	0	0
2025-02-20 22:12:20	40.043588788	51.70191665	52.4507637	1	1	0	1	0
2025-02-20 22:12:30	39.905471988	51.5969454	52.4507637	1	0	0	0	0
2025-02-20 22:12:40	39.683071226	51.410632372	52.4507637	1	0	0	0	0
2025-02-20 22:12:50	39.444616376	51.208825671999996	52.4507637	1	0	0	0	0
2025-02-20 22:13:00	39.681441338	51.539066656	52.4507637	1	0	0	0	0
2025-02-20 22:13:10	40.008795788	51.970650056	52.4507637	1	0	0	0	0
2025-02-20 22:13:20	39.891099	51.835473796	52.4507637	1	0	0	0	0
2025-02-20 22:13:30	39.8894812	51.843019406	52.4507637	1	0	0	0	0
2025-02-20 22:13:40	39.9051612	51.873144056	52.4507637	1	0	0	0	0
2025-02-20 22:13:50	39.97157069	51.805018694	52.4507637	1	0	0	0	0
2025-02-20 22:14:00	40.04764294	51.718179044	52.4507637	1	0	0	0	0
2025-02-20 22:14:10	39.95088435	51.796550636	52.4507637	1	0	0	0	0
2025-02-20 22:14:20	39.8212056	51.906391036	52.4507637	1	0	0	0	0
2025-02-20 22:14:30	40.075955412	52.08160326	52.4507637	1	0	0	0	0
2025-02-20 22:14:40	40.403929712	52.26926726	52.4507637	1	0	0	0	0
2025-02-20 22:14:50	40.429464448	52.425737229999996	52.4507637	1	0	0	0	0
2025-02-20 22:15:00	40.429464448	52.425737229999996	52.4507637	1	1	1	1	1
2025-02-20 22:15:10	39.987758	52.337157	52.4507637	1	0	0	0	0
2025-02-20 22:15:20	39.506208	52.023832	52.4507637	1	0	0	0	0
2025-02-20 22:15:30	39.395846482	51.8313242	52.4507637	1	0	0	0	0
2025-02-20 22:15:40	39.356187532	51.6618292	52.4507637	1	0	0	0	0
2025-02-20 22:15:50	39.538936936	51.718562999999996	52.4507637	1	0	0	0	0
2025-02-20 22:16:00	39.764049836	51.818388	52.4507637	1	0	0	0	0
2025-02-20 22:16:10	39.792727182	51.963737892	52.4507637	1	0	0	0	0
2025-02-20 22:16:20	39.783988232	52.117759191999994	52.4507637	1	0	0	0	0
2025-02-20 22:16:30	39.7039282	52.043093557999995	52.4507637	1	0	0	0	0
2025-02-20 22:16:40	39.610283200000005	51.924868507999996	52.4507637	1	0	0	0	0
2025-02-20 22:16:50	39.610283200000005	51.924868507999996	52.4507637	1	1	1	1	1
2025-02-20 22:17:00	39.930626236	52.173372758	52.4507637	1	0	0	0	0
2025-02-20 22:17:10	40.329824136000006	52.491730208	52.4507637	1	0	0	0	0
2025-02-20 22:17:20	40.374796598	52.601174492	52.4507637	1	0	0	0	0
2025-02-20 22:17:30	40.352297548	52.670825792	52.4507637	1	0	0	0	0
2025-02-20 22:17:40	40.106154336	52.437968143999996	52.4507637	1	0	0	0	0
2025-02-20 22:17:50	39.817412236	52.147489744	52.4507637	1	0	0	0	0
2025-02-20 22:18:00	39.63617279	51.973259154	52.4507637	1	0	0	0	0
2025-02-20 22:18:10	39.47541004	51.821171004	52.4507637	1	0	0	0	0
2025-02-20 22:18:20	39.68963904	52.045192602	52.4507637	1	0	0	0	0
2025-02-20 22:18:30	39.826923964	52.22105208	52.4507637	1	0	0	0	0
2025-02-20 22:18:40	39.595881064	52.02211408	52.4507637	1	0	0	0	0
2025-02-20 22:18:50	39.85179301	52.35544292	52.4507637	1	0	0	0	0
2025-02-20 22:19:00	40.200458260000005	52.79015592	52.4507637	1	0	0	0	0
2025-02-20 22:19:10	39.832325764000004	52.63321912	52.4507637	1	0	0	0	0
2025-02-20 22:19:20	39.327660364	52.36358712	52.4507637	1	0	0	0	0
2025-02-20 22:19:30	40.022282662	52.82955404	52.4507637	1	0	0	0	0
2025-02-20 22:19:40	40.945340712	53.43563504	52.4507637	1	0	0	0	0
2025-02-20 22:19:50	40.727061278	53.16523904	52.4507637	1	0	0	0	0
2025-02-20 22:20:00	40.727061278	53.16523904	52.4507637	1	1	1	1	1
2025-02-20 22:20:10	40.116417222	52.369276092	52.4507637	1	0	0	0	0
2025-02-20 22:20:20	39.991109272	52.025652392	52.4507637	1	0	0	0	0
2025-02-20 22:20:30	40.2218168	52.217841508	52.4507637	1	0	0	0	0
2025-02-20 22:20:40	40.5203368	52.512090208000004	52.4507637	1	0	0	0	0
2025-02-20 22:20:50	40.559481600000005	52.573007866	52.4507637	1	0	0	0	0
2025-02-20 22:21:00	40.5492216	52.589481516	52.4507637	1	0	0	0	0
2025-02-20 22:21:10	40.425558828	52.371792901999996	52.4507637	1	0	0	0	0
2025-02-20 22:21:20	40.280295527999996	52.109501951999995	52.4507637	1	0	0	0	0
2025-02-20 22:21:30	40.280295527999996	52.109501951999995	52.4507637	1	1	1	1	1
2025-02-20 22:21:40	40.09572741	52.129661254	52.4507637	1	0	0	0	0
2025-02-20 22:21:50	39.903672660000005	52.203620604	52.4507637	1	0	0	0	0
2025-02-20 22:22:00	39.759160062	52.156406006	52.4507637	1	0	0	0	0
2025-02-20 22:22:10	39.699311449999996	52.055300892	52.4507637	1	0	0	0	0
2025-02-20 22:22:20	39.699311449999996	52.055300892	52.4507637	1	1	1	1	1
2025-02-20 22:22:30	39.815122699999996	52.032012192	52.4507637	1	0	0	0	0
2025-02-20 22:22:40	39.80309225	52.02931668	52.4507637	1	0	0	0	0
2025-02-20 22:22:50	39.766711	52.03054368	52.4507637	1	0	0	0	0
2025-02-20 22:23:00	39.594931200000005	51.922246776	52.4507637	1	0	0	0	0
2025-02-20 22:23:10	39.3973612	51.793088176	52.4507637	1	0	0	0	0
2025-02-20 22:23:20	39.386462604	51.906521632	52.4507637	1	0	0	0	0
2025-02-20 22:23:30	39.386462604	51.906521632	52.4507637	1	1	1	1	1
2025-02-20 22:23:40	39.593002150000004	52.179727992	52.4507637	1	0	0	0	0
2025-02-20 22:23:50	39.8367384	52.491091792	52.4507637	1	0	0	0	0
2025-02-20 22:24:00	40.401151696	53.365112976000006	52.4507637	1	0	0	0	0
2025-02-20 22:24:10	40.187397600000004	53.181571102	52.4507637	1	0	0	0	0
2025-02-20 22:24:20	39.8785376	52.877747652	52.4507637	1	0	0	0	0
2025-02-20 22:24:30	39.6772018	52.518497222	52.4507637	1	0	0	0	0
2025-02-20 22:24:40	39.4963468	52.148689272	52.4507637	1	0	0	0	0
2025-02-20 22:24:50	39.5784286	52.3850866	52.4507637	1	0	0	0	0
2025-02-20 22:25:00	39.5784286	52.3850866	52.4507637	1	1	1	1	1
2025-02-20 22:25:10	39.672018604	52.607401596	52.4507637	1	0	0	0	0
2025-02-20 22:25:20	39.600921704	52.386153496	52.4507637	1	0	0	0	0
2025-02-20 22:25:30	39.563119968	52.396137404	52.4507637	1	0	0	0	0
2025-02-20 22:25:40	39.531660168	52.450165504	52.4507637	1	0	0	0	0
2025-02-20 22:25:50	39.468858666	52.257542976	52.4507637	1	0	0	0	0
2025-02-20 22:26:00	39.400087316000004	52.017939376	52.4507637	1	0	0	0	0
2025-02-20 22:26:10	39.828702478	52.336927418	52.4507637	1	0	0	0	0
2025-02-20 22:26:20	40.352057927999994	52.762313868	52.4507637	1	0	0	0	0
2025-02-20 22:26:30	40.323732584	52.742275408	52.4507637	1	0	0	0	0
2025-02-20 22:26:40	40.190325183999995	52.637394108	52.4507637	1	0	0	0	0
2025-02-20 22:26:50	40.3512558	52.873728998	52.4507637	1	0	0	0	0
2025-02-20 22:27:00	40.5682508	53.175057448	52.4507637	1	0	0	0	0
2025-02-20 22:27:10	40.175990986	52.73656371	52.4507637	1	0	0	0	0
2025-02-20 22:27:20	40.175990986	52.73656371	52.4507637	1	1	1	1	1
2025-02-20 22:27:30	39.667682636	52.15715146	52.4507637	1	0	0	0	0
2025-02-20 22:27:40	40.515863064	52.61613178	52.4507637	1	0	0	0	0
2025-02-20 22:27:50	40.1718432	52.346605079999996	52.4507637	1	0	0	0	0
2025-02-20 22:28:00	39.6660732	51.96862958	52.4507637	1	0	0	0	0
2025-02-20 22:28:10	39.7975482	52.193896216	52.4507637	1	0	0	0	0
2025-02-20 22:28:20	40.0504032	52.534066116000005	52.4507637	1	0	0	0	0
2025-02-20 22:28:30	40.323764028	52.783601108000006	52.4507637	1	0	0	0	0
2025-02-20 22:28:40	40.601030728000005	53.015872308000006	52.4507637	1	0	0	0	0
2025-02-20 22:28:50	40.307963972	52.886975302	52.4507637	1	0	0	0	0
2025-02-20 22:29:00	39.906262272	52.689284352	52.4507637	1	0	0	0	0
2025-02-20 22:29:10	39.7977472	52.499750053999996	52.4507637	1	0	0	0	0
2025-02-20 22:29:20	39.7450772	52.311769403999996	52.4507637	1	0	0	0	0
2025-02-20 22:29:30	39.41619	52.05595825	52.4507637	1	0	0	0	0
2025-02-20 22:29:40	39.03469	51.787227	52.4507637	1	0	0	0	0
2025-02-20 22:29:50	39.1116536	51.9502484	52.4507637	1	0	0	0	0
2025-02-20 22:30:00	39.1116536	51.9502484	52.4507637	1	1	1	1	1
2025-02-20 22:30:10	39.6965722	52.384123	52.4507637	1	0	0	0	0
2025-02-20 22:30:20	40.1660272	52.561948	52.4507637	1	0	0	0	0
2025-02-20 22:30:30	40.226463436	52.5449518	52.4507637	1	0	0	0	0
2025-02-20 22:30:40	40.208991336000004	52.4908468	52.4507637	1	0	0	0	0
2025-02-20 22:30:50	40.090169666	52.668285238	52.4507637	1	0	0	0	0
2025-02-20 22:31:00	39.952043316	52.889827188	52.4507637	1	0	0	0	0
2025-02-20 22:31:10	40.090276798	52.899121634	52.4507637	1	0	0	0	0
2025-02-20 22:31:20	40.090276798	52.899121634	52.4507637	1	1	1	1	1
2025-02-20 22:31:30	40.281150247999996	52.867987983999996	52.4507637	1	0	0	0	0
2025-02-20 22:31:40	40.2141576	52.705996866	52.4507637	1	0	0	0	0
2025-02-20 22:31:50	40.0980476	52.519080515999995	52.4507637	1	0	0	0	0
2025-02-20 22:32:00	40.060478524	52.381418154	52.4507637	1	0	0	0	0
2025-02-20 22:32:10	40.037869623999995	52.253137504	52.4507637	1	0	0	0	0
2025-02-20 22:32:20	39.913841476	52.285883258000005	52.4507637	1	0	0	0	0
2025-02-20 22:32:30	39.770495376	52.349300708	52.4507637	1	0	0	0	0
2025-02-20 22:32:40	40.079003	52.384164206	52.4507637	1	0	0	0	0
2025-02-20 22:32:50	40.473577999999996	52.413588856	52.4507637	1	0	0	0	0
2025-02-20 22:33:00	40.4745164	52.443454128	52.4507637	1	0	0	0	0
2025-02-20 22:33:10	40.4004764	52.473403328	52.4507637	1	0	0	0	0
2025-02-20 22:33:20	40.1163272	52.32582697	52.4507637	1	0	0	0	0
2025-02-20 22:33:30	39.7921572	52.144436219999996	52.4507637	1	0	0	0	0
2025-02-20 22:33:40	39.879261532	52.202948546	52.4507637	1	0	0	0	0
2025-02-20 22:33:50	40.044703831999996	52.307156696	52.4507637	1	0	0	0	0
2025-02-20 22:34:00	40.212725268	52.5227924	52.4507637	1	0	0	0	0
2025-02-20 22:34:10	40.381237968	52.7596524	52.4507637	1	0	0	0	0
2025-02-20 22:34:20	40.474516866	52.736497666	52.4507637	1	0	0	0	0
2025-02-20 22:34:30	40.553465516	52.663816316	52.4507637	1	0	0	0	0
2025-02-20 22:34:40	40.486015858	52.750359234	52.4507637	1	0	0	0	0
2025-02-20 22:34:50	40.390680808	52.867230584000005	52.4507637	1	0	0	0	0
2025-02-20 22:35:00	40.390680808	52.867230584000005	52.4507637	1	1	1	1	1
2025-02-20 22:35:10	40.00655959014779	52.49574304433498	52.4507637	1	0	0	0	0
2025-02-20 22:35:20	40.16913405482234	52.60079067005076	52.4507637	1	0	0	0	0
2025-02-20 22:35:30	40.41686745583756	52.78022112690355	52.4507637	1	0	0	0	0
2025-02-20 22:35:40	40.157431998	52.3968764	52.4507637	1	0	0	0	0
2025-02-20 22:35:50	39.801392948	51.9063364	52.4507637	1	0	0	0	0
2025-02-20 22:36:00	39.978817486	51.938781408	52.4507637	1	0	0	0	0
2025-02-20 22:36:10	40.257854136	52.070842608	52.4507637	1	0	0	0	0
2025-02-20 22:36:20	40.26679307	52.408081074	52.4507637	1	0	0	0	0
2025-02-20 22:36:30	40.22428482	52.784400923999996	52.4507637	1	0	0	0	0
2025-02-20 22:36:40	40.10635003	52.495986017999996	52.4507637	1	0	0	0	0
2025-02-20 22:36:50	39.97404828	52.080954968	52.4507637	1	0	0	0	0
2025-02-20 22:37:00	40.166638999999996	52.2119668	52.4507637	1	0	0	0	0
2025-02-20 22:37:10	40.2971312	52.5464602	52.4507637	1	0	0	0	0
2025-02-20 22:37:20	40.101061200000004	52.6201152	52.4507637	1	0	0	0	0
2025-02-20 22:37:30	40.0917358	52.74914573	52.4507637	1	0	0	0	0
2025-02-20 22:37:40	40.0917358	52.74914573	52.4507637	1	1	1	1	1
2025-02-20 22:37:50	40.1179808	52.88872398	52.4507637	1	0	0	0	0
2025-02-20 22:38:00	40.0057266	52.572610294	52.4507637	1	0	0	0	0
2025-02-20 22:38:10	39.8670916	52.169698144	52.4507637	1	0	0	0	0
2025-02-20 22:38:20	39.859173998	52.204741876	52.4507637	1	0	0	0	0
2025-02-20 22:38:30	39.876154948	52.323205776	52.4507637	1	0	0	0	0
2025-02-20 22:38:40	39.969351702	52.4653292	52.4507637	1	0	0	0	0
2025-02-20 22:38:50	40.077065751999996	52.6119592	52.4507637	1	0	0	0	0
2025-02-20 22:39:00	39.752706859999996	52.433029476	52.4507637	1	0	0	0	0
2025-02-20 22:39:10	39.34604836	52.192088376	52.4507637	1	0	0	0	0
2025-02-20 22:39:20	39.518128608	52.287522924	52.4507637	1	0	0	0	0
2025-02-20 22:39:30	39.800444808	52.447029023999995	52.4507637	1	0	0	0	0
2025-02-20 22:39:40	39.841255884	52.300947449999995	52.4507637	1	0	0	0	0
2025-02-20 22:39:50	39.836065983999994	52.0966587	52.4507637	1	0	0	0	0
2025-02-20 22:40:00	39.836065983999994	52.0966587	52.4507637	1	1	1	1	1
2025-02-20 22:40:10	40.001439488	52.584817068	52.4507637	1	0	0	0	0
2025-02-20 22:40:20	40.144001744	52.715293181999996	52.4507637	1	0	0	0	0
2025-02-20 22:40:30	40.296513344000005	52.816704232	52.4507637	1	0	0	0	0
2025-02-20 22:40:40	40.521398294	53.138561144	52.4507637	1	0	0	0	0
2025-02-20 22:40:50	40.760068644	53.502407744	52.4507637	1	0	0	0	0
2025-02-20 22:41:00	40.528738372	53.053081256	52.4507637	1	0	0	0	0
2025-02-20 22:41:10	40.207884172	52.448864656	52.4507637	1	0	0	0	0
2025-02-20 22:41:20	40.12053355	52.419406800000004	52.4507637	1	0	0	0	0
2025-02-20 22:41:30	40.0776598	52.4994268	52.4507637	1	0	0	0	0
2025-02-20 22:41:40	40.303051599999996	52.692642638	52.4507637	1	0	0	0	0
2025-02-20 22:41:50	40.5795416	52.907419587999996	52.4507637	1	0	0	0	0
2025-02-20 22:42:00	40.4812444	52.662710272000005	52.4507637	1	0	0	0	0
2025-02-20 22:42:10	40.472866292	52.820851940000004	52.4507637	1	0	0	0	0
2025-02-20 22:42:20	40.477647592	53.03800544	52.4507637	1	0	0	0	0
2025-02-20 22:42:30	40.464779736	52.800092258	52.4507637	1	0	0	0	0
2025-02-20 22:42:40	40.448550136	52.475499708	52.4507637	1	0	0	0	0
2025-02-20 22:42:50	40.30916948	52.278223774000004	52.4507637	1	0	0	0	0
2025-02-20 22:43:00	40.14633148	52.105198624	52.4507637	1	0	0	0	0
2025-02-20 22:43:10	40.276369097999996	52.268862106	52.4507637	1	0	0	0	0
2025-02-20 22:43:20	40.462192548	52.496656756	52.4507637	1	0	0	0	0
2025-02-20 22:43:30	40.614831294	52.729168216	52.4507637	1	0	0	0	0
2025-02-20 22:43:40	40.761149144	52.962578115999996	52.4507637	1	0	0	0	0
2025-02-20 22:43:50	40.744573437999996	52.912611706	52.4507637	1	0	0	0	0
2025-02-20 22:44:00	40.696970388	52.808668856	52.4507637	1	0	0	0	0
2025-02-20 22:44:10	40.519852862	52.723157369999996	52.4507637	1	0	0	0	0
2025-02-20 22:44:20	40.318065912	52.64115662	52.4507637	1	0	0	0	0
2025-02-20 22:44:30	40.4053246	52.662568144	52.4507637	1	0	0	0	0
2025-02-20 22:44:40	40.547639600000004	52.703677244	52.4507637	1	0	0	0	0
2025-02-20 22:44:50	40.564467	52.643321526	52.4507637	1	0	0	0	0
2025-02-20 22:45:00	40.564467	52.643321526	52.4507637	1	1	1	1	1
2025-02-20 22:45:10	40.273558	52.449433204	52.4507637	1	0	0	0	0
2025-02-20 22:45:20	39.937008	52.328651304000005	52.4507637	1	0	0	0	0
2025-02-20 22:45:30	39.956531354	52.283946188	52.4507637	1	0	0	0	0
2025-02-20 22:45:40	40.043878204	52.253731888	52.4507637	1	0	0	0	0
2025-02-20 22:45:50	40.928100546	53.107580208	52.4507637	1	0	0	0	0
2025-02-20 22:46:00	41.964108696	54.129821408	52.4507637	1	0	0	0	0
2025-02-20 22:46:10	41.725261068	53.881987185999996	52.4507637	1	0	0	0	0
2025-02-20 22:46:20	41.243583768	53.392233835999996	52.4507637	1	0	0	0	0
2025-02-20 22:46:30	41.309812134	53.403471606	52.4507637	1	0	0	0	0
2025-02-20 22:46:40	41.480403484	53.510136256	52.4507637	1	0	0	0	0
2025-02-20 22:46:50	41.20328525	53.145585308	52.4507637	1	0	0	0	0
2025-02-20 22:47:00	41.20328525	53.145585308	52.4507637	1	1	1	1	1
2025-02-20 22:47:10	40.840889	52.691279007999995	52.4507637	1	0	0	0	0
2025-02-20 22:47:20	40.862123648	52.573917162	52.4507637	1	0	0	0	0
2025-02-20 22:47:30	40.956430848	52.520735212	52.4507637	1	0	0	0	0
2025-02-20 22:47:40	40.903768708	52.621173848	52.4507637	1	0	0	0	0
2025-02-20 22:47:50	40.823112408	52.750873548	52.4507637	1	0	0	0	0
2025-02-20 22:48:00	40.633004636	52.596282792	52.4507637	1	0	0	0	0
2025-02-20 22:48:10	40.277258906	52.275220874	52.4507637	1	0	0	0	0
2025-02-20 22:48:20	39.872096056000004	51.911155724000004	52.4507637	1	0	0	0	0
2025-02-20 22:48:30	39.783697248	51.933823046	52.4507637	1	0	0	0	0
2025-02-20 22:48:40	39.755634448	52.030153696	52.4507637	1	0	0	0	0
2025-02-20 22:48:50	39.8928566	52.09979532	52.4507637	1	0	0	0	0
2025-02-20 22:49:00	40.0615616	52.16435332	52.4507637	1	0	0	0	0
2025-02-20 22:49:10	40.440857791999996	52.519713734	52.4507637	1	0	0	0	0
2025-02-20 22:49:20	40.860266591999995	52.930465084	52.4507637	1	0	0	0	0
2025-02-20 22:49:30	40.81957942	52.871209428	52.4507637	1	0	0	0	0
2025-02-20 22:49:40	40.69125492	52.722428627999996	52.4507637	1	0	0	0	0
2025-02-20 22:49:50	40.462156922000005	52.502559384	52.4507637	1	0	0	0	0
2025-02-20 22:50:00	40.462156922000005	52.502559384	52.4507637	1	1	1	1	1
2025-02-20 22:50:10	40.545120118	52.614870612000004	52.4507637	1	0	0	0	0
2025-02-20 22:50:20	40.986766568	53.070902412	52.4507637	1	0	0	0	0
2025-02-20 22:50:30	40.772323457999995	52.86466095	52.4507637	1	0	0	0	0
2025-02-20 22:50:40	40.432910908	52.5322722	52.4507637	1	0	0	0	0
2025-02-20 22:50:50	39.92041871	52.038685434	52.4507637	1	0	0	0	0
2025-02-20 22:51:00	39.37495896	51.514394284	52.4507637	1	0	0	0	0
2025-02-20 22:51:10	39.993932788	52.138115342	52.4507637	1	0	0	0	0
2025-02-20 22:51:20	40.834703488	52.980505392	52.4507637	1	0	0	0	0
2025-02-20 22:51:30	40.834703488	52.980505392	52.4507637	1	1	1	1	1
2025-02-20 22:51:40	40.862975536	53.001096142	52.4507637	1	0	0	0	0
2025-02-20 22:51:50	40.736485936	52.865153692	52.4507637	1	0	0	0	0
2025-02-20 22:52:00	40.76030413	52.884769372	52.4507637	1	0	0	0	0
2025-02-20 22:52:10	40.81275238	52.934015171999995	52.4507637	1	0	0	0	0
2025-02-20 22:52:20	40.697382658	53.01394361	52.4507637	1	0	0	0	0
2025-02-20 22:52:30	40.550047608	53.099716359999995	52.4507637	1	0	0	0	0
2025-02-20 22:52:40	40.52973572	52.853980799999995	52.4507637	1	0	0	0	0
2025-02-20 22:52:50	40.53361872	52.5451008	52.4507637	1	0	0	0	0
2025-02-20 22:53:00	40.473822999999996	52.338094236	52.4507637	1	0	0	0	0
2025-02-20 22:53:10	40.401897999999996	52.150492136000004	52.4507637	1	0	0	0	0
2025-02-20 22:53:20	40.5136768	52.255784764	52.4507637	1	0	0	0	0
2025-02-20 22:53:30	40.660446799999995	52.416866864	52.4507637	1	0	0	0	0
2025-02-20 22:53:40	40.778713499999995	52.667840283	52.4507637	1	0	0	0	0
2025-02-20 22:53:50	40.891551	52.935935858	52.4507637	1	0	0	0	0
2025-02-20 22:54:00	41.0043885	53.204031433	52.4507637	1	0	0	0	0
2025-02-20 22:54:10	41.117226	53.472127008	52.4507637	1	0	0	0	0
2025-02-20 22:54:20	40.788824814	52.967038933999994	52.4507637	1	0	0	0	0
2025-02-20 22:54:30	40.376378164	52.314677784	52.4507637	1	0	0	0	0
2025-02-20 22:54:40	40.34431747058824	52.26149470588235	52.4507637	1	0	0	0	0
2025-02-20 22:54:50	40.38471124509804	52.32244078431372	52.4507637	1	0	0	0	0
2025-02-20 22:55:00	40.38471124509804	52.32244078431372	52.4507637	1	1	1	1	1
2025-02-20 22:55:10	40.135898591836735	51.77727285714286	52.4507637	1	0	0	0	0
2025-02-20 22:55:20	40.1130638	51.72773	52.4507637	1	0	0	0	0
2025-02-20 22:55:30	40.42680269230769	52.11009631538462	52.4507637	1	0	0	0	0
2025-02-20 22:55:40	40.467682941999996	52.253590802	52.4507637	1	0	0	0	0
2025-02-20 22:55:50	40.350350492	52.222107352	52.4507637	1	0	0	0	0
2025-02-20 22:56:00	40.247389434	52.322205239999995	52.4507637	1	0	0	0	0
2025-02-20 22:56:10	40.147165784	52.447366239999994	52.4507637	1	0	0	0	0
2025-02-20 22:56:20	40.4550298	52.551292964	52.4507637	1	0	0	0	0
2025-02-20 22:56:30	40.8406248	52.651175064	52.4507637	1	0	0	0	0
2025-02-20 22:56:40	40.539575618	52.405780918000005	52.4507637	1	0	0	0	0
2025-02-20 22:56:50	40.107737068	52.094619868	52.4507637	1	0	0	0	0
2025-02-20 22:57:00	40.417983832	52.173945888	52.4507637	1	0	0	0	0
2025-02-20 22:57:10	40.229651	51.98436134	52.4507637	1	0	0	0	0
2025-02-20 22:57:20	39.966176	51.74529984	52.4507637	1	0	0	0	0
2025-02-20 22:57:30	39.966176	51.74529984	52.4507637	1	1	1	1	1
2025-02-20 22:57:40	40.341186889999996	52.161890974	52.4507637	1	0	0	0	0
2025-02-20 22:57:50	40.83781414	52.703368323999996	52.4507637	1	0	0	0	0
2025-02-20 22:58:00	40.83766581	52.924947718	52.4507637	1	0	0	0	0
2025-02-20 22:58:10	40.74289356	53.085594168	52.4507637	1	0	0	0	0
2025-02-20 22:58:20	40.6848672	52.774911008000004	52.4507637	1	0	0	0	0
2025-02-20 22:58:30	40.6848672	52.774911008000004	52.4507637	1	0	0	0	0
2025-02-20 22:58:40	40.095756144	52.448992108	52.4507637	1	0	0	0	0
2025-02-20 22:58:50	40.095756144	52.448992108	52.4507637	1	0	0	0	0
2025-02-20 22:59:00	40.644556764	52.276574132	52.4507637	1	0	0	0	0
2025-02-20 22:59:10	40.568628042	52.30832581	52.4507637	1	0	0	0	0
2025-02-20 22:59:20	40.568628042	52.30832581	52.4507637	1	0	0	0	0
2025-02-20 22:59:30	40.532586924	52.4323642	52.4507637	1	0	0	0	0
2025-02-20 22:59:40	40.700238024	52.506869200000004	52.4507637	1	0	0	0	0
2025-02-20 22:59:50	40.700238024	52.506869200000004	52.4507637	1	0	0	0	0
2025-02-20 23:00:00	40.700238024	52.506869200000004	52.4507637	1	1	1	1	1
2025-02-20 23:00:10	40.456331776	52.8121412	52.4507637	1	0	0	0	0
2025-02-20 23:00:20	40.497441344	52.103749715999996	52.4507637	1	0	0	0	0
2025-02-20 23:00:30	40.497441344	52.103749715999996	52.4507637	1	0	0	0	0
2025-02-20 23:00:40	40.46847195882353	52.20822782352941	52.4507637	1	0	0	0	0
2025-02-20 23:00:50	40.42729190980392	52.4085796372549	52.4507637	1	0	0	0	0
2025-02-20 23:01:00	40.35237594081632	52.4942926122449	52.4507637	1	0	0	0	0
2025-02-20 23:01:10	40.269025991836735	52.551345877551014	52.4507637	1	0	0	0	0
2025-02-20 23:01:20	40.3396564	52.503986751999996	52.4507637	1	0	0	0	0
2025-02-20 23:01:30	40.608217882	52.561498040000004	52.4507637	1	0	0	0	0
2025-02-20 23:01:40	40.789893932	52.72282904	52.4507637	1	0	0	0	0
2025-02-20 23:01:50	40.535645052	52.641072103999996	52.4507637	1	0	0	0	0
2025-02-20 23:02:00	40.198362852	52.513012704	52.4507637	1	0	0	0	0
2025-02-20 23:02:10	40.009156692	52.513012704	52.4507637	1	0	1	1	1
2025-02-20 23:02:20	39.848155492	52.297878442000005	52.4507637	1	0	0	0	0
2025-02-20 23:02:30	39.933199994	52.414703864	52.4507637	1	0	0	0	0
2025-02-20 23:02:40	39.933199994	52.414703864	52.4507637	1	1	1	1	1
2025-02-20 23:02:50	40.175742192	52.77013975	52.4507637	1	0	0	0	0
2025-02-20 23:03:00	40.175742192	52.77013975	52.4507637	1	1	1	1	1
2025-02-20 23:03:10	40.282320992	52.559321000000004	52.4507637	1	0	0	0	0
2025-02-20 23:03:20	40.137433990000005	52.224114	52.4507637	1	0	0	0	0
2025-02-20 23:03:30	39.944648740000005	51.865213999999995	52.4507637	1	0	0	0	0
2025-02-20 23:03:40	40.003979998	52.045141828	52.4507637	1	0	0	0	0
2025-02-20 23:03:50	40.111333447999996	52.327703528	52.4507637	1	0	0	0	0
2025-02-20 23:04:00	40.2459588	52.550616786	52.4507637	1	0	0	0	0
2025-02-20 23:04:10	40.3857788	52.762168436	52.4507637	1	0	0	0	0
2025-02-20 23:04:20	39.847702	52.35919066	52.4507637	1	0	0	0	0
2025-02-20 23:04:30	39.180502	51.83915966	52.4507637	1	0	0	0	0
2025-02-20 23:04:40	39.270877	51.779240718	52.4507637	1	0	0	0	0
2025-02-20 23:04:50	39.505552	51.806962168	52.4507637	1	0	0	0	0
2025-02-20 23:05:00	39.505552	51.806962168	52.4507637	1	1	1	1	1
2025-02-20 23:05:10	39.8653116	52.141035808	52.4507637	1	0	0	0	0
2025-02-20 23:05:20	39.837152857999996	52.155636384	52.4507637	1	0	0	0	0
2025-02-20 23:05:30	39.770275307999995	52.138893984	52.4507637	1	0	0	0	0
2025-02-20 23:05:40	39.741092842	52.091970216	52.4507637	1	0	0	0	0
2025-02-20 23:05:50	39.719090392	52.039297616	52.4507637	1	0	0	0	0
2025-02-20 23:06:00	39.9007774	52.213268733999996	52.4507637	1	0	0	0	0
2025-02-20 23:06:10	40.1212624	52.430410083999995	52.4507637	1	0	0	0	0
2025-02-20 23:06:20	40.1498368	52.453139566	52.4507637	1	0	0	0	0
2025-02-20 23:06:30	40.1418568	52.43883821599999	52.4507637	1	0	0	0	0
2025-02-20 23:06:40	39.996715762	52.285982646	52.4507637	1	0	0	0	0
2025-02-20 23:06:50	39.825448812	52.106735796	52.4507637	1	0	0	0	0
2025-02-20 23:07:00	39.919144742	52.203003654	52.4507637	1	0	0	0	0
2025-02-20 23:07:10	40.063309792	52.351750503999995	52.4507637	1	0	0	0	0
2025-02-20 23:07:20	40.031495387999996	52.317382814	52.4507637	1	0	0	0	0
2025-02-20 23:07:30	39.966161088	52.248136163999995	52.4507637	1	0	0	0	0
2025-02-20 23:07:40	40.037593025999996	52.482380086	52.4507637	1	0	0	0	0
2025-02-20 23:07:50	40.800871498	53.278426599999996	52.4507637	1	0	0	0	0
2025-02-20 23:08:00	41.574917448	53.822791599999995	52.4507637	1	0	0	0	0
2025-02-20 23:08:10	41.574917448	53.822791599999995	52.4507637	1	0	0	0	0
2025-02-20 23:08:20	40.015254408000004	52.242073428	52.4507637	1	0	0	0	0
2025-02-20 23:08:30	40.271017198	52.494186098	52.4507637	1	0	0	0	0
2025-02-20 23:08:40	40.271017198	52.494186098	52.4507637	1	0	0	0	0
2025-02-20 23:08:50	40.187015786	52.410961152	52.4507637	1	0	0	0	0
2025-02-20 23:09:00	39.425874936	51.658988952	52.4507637	1	0	0	0	0
2025-02-20 23:09:10	39.524719618	51.77289186	52.4507637	1	0	0	0	0
2025-02-20 23:09:20	39.787371068	52.05172336	52.4507637	1	0	0	0	0
2025-02-20 23:09:30	40.168506408	52.421972312	52.4507637	1	0	0	0	0
2025-02-20 23:09:40	40.572210108	52.809634112	52.4507637	1	0	0	0	0
2025-02-20 23:09:50	40.707677994	52.935179036	52.4507637	1	0	0	0	0
2025-02-20 23:10:00	40.707677994	52.935179036	52.4507637	1	1	1	1	1
2025-02-20 23:10:10	40.729986916	52.959560304	52.4507637	1	0	0	0	0
2025-02-20 23:10:20	40.640026816	52.884160904	52.4507637	1	0	0	0	0
2025-02-20 23:10:30	40.259025616	52.52300686	52.4507637	1	0	0	0	0
2025-02-20 23:10:40	39.822588016	52.107423360000006	52.4507637	1	0	0	0	0
2025-02-20 23:10:50	39.66373984	51.951055208	52.4507637	1	0	0	0	0
2025-02-20 23:11:00	39.55776584	51.844061408	52.4507637	1	0	0	0	0
2025-02-20 23:11:10	39.937836	52.2142517	52.4507637	1	0	0	0	0
2025-02-20 23:11:20	40.410486	52.6753342	52.4507637	1	0	0	0	0
2025-02-20 23:11:30	40.401781518	52.64499339	52.4507637	1	0	0	0	0
2025-02-20 23:11:40	40.301390468	52.521048140000005	52.4507637	1	0	0	0	0
2025-02-20 23:11:50	40.500216154	52.714067146	52.4507637	1	0	0	0	0
2025-02-20 23:12:00	40.756035503999996	52.967460296	52.4507637	1	0	0	0	0
2025-02-20 23:12:10	40.718953028	52.89152523	52.4507637	1	0	0	0	0
2025-02-20 23:12:20	40.626079728	52.75286098	52.4507637	1	0	0	0	0
2025-02-20 23:12:30	41.1126706	52.75286098	52.4507637	1	0	1	0	1
2025-02-20 23:12:40	41.7096356	53.231526926	52.4507637	1	0	0	0	0
2025-02-20 23:12:50	41.7096356	53.827779576000005	52.4507637	1	1	0	1	0
2025-02-20 23:13:00	41.299845143999995	53.400092848	52.4507637	1	0	0	0	0
2025-02-20 23:13:10	40.178255639999996	52.263805751999996	52.4507637	1	0	0	0	0
2025-02-20 23:13:20	40.178255639999996	52.263805751999996	52.4507637	1	1	1	1	1
2025-02-20 23:13:30	39.67374664	51.771033552	52.4507637	1	0	0	0	0
2025-02-20 23:13:40	40.546513016	51.771033552	52.4507637	1	0	1	1	1
2025-02-20 23:13:50	40.555097012	52.674689464	52.4507637	1	0	0	0	0
2025-02-20 23:14:00	40.466611312	52.681985636	52.4507637	1	0	0	0	0
2025-02-20 23:14:10	40.22405424	52.588963536	52.4507637	1	0	0	0	0
2025-02-20 23:14:20	39.95215024	52.346001688	52.4507637	1	0	0	0	0
2025-02-20 23:14:30	40.257239048	52.074479888	52.4507637	1	0	0	0	0
2025-02-20 23:14:40	40.672231248	52.374312312	52.4507637	1	0	0	0	0
2025-02-20 23:14:50	40.32155971	52.782974112	52.4507637	1	0	0	0	0
2025-02-20 23:15:00	40.32155971	52.782974112	52.4507637	1	1	1	1	1
2025-02-20 23:15:10	39.82504746	51.9647092	52.4507637	1	0	0	0	0
2025-02-20 23:15:20	40.14490223	52.290438698	52.4507637	1	0	0	0	0
2025-02-20 23:15:30	40.62025548	52.769687148	52.4507637	1	0	0	0	0
2025-02-20 23:15:40	40.45426852	52.579182136	52.4507637	1	0	0	0	0
2025-02-20 23:15:50	40.166121520000004	52.261105036	52.4507637	1	0	0	0	0
2025-02-20 23:16:00	40.49116444	52.60246309	52.4507637	1	0	0	0	0
2025-02-20 23:16:10	40.93300544	53.069427839999996	52.4507637	1	0	0	0	0
2025-02-20 23:16:20	40.711026402	52.823033089999996	52.4507637	1	0	0	0	0
2025-02-20 23:16:30	40.362605452	52.44076034	52.4507637	1	0	0	0	0
2025-02-20 23:16:40	40.233098498	52.334469884	52.4507637	1	0	0	0	0
2025-02-20 23:16:50	40.145289448	52.280747483999995	52.4507637	1	0	0	0	0
2025-02-20 23:17:00	40.0810416	52.223502502	52.4507637	1	0	0	0	0
2025-02-20 23:17:10	40.021281599999995	52.165586552	52.4507637	1	0	0	0	0
2025-02-20 23:17:20	40.1720361	52.319114604	52.4507637	1	0	0	0	0
2025-02-20 23:17:30	40.3628886	52.512917704	52.4507637	1	0	0	0	0
2025-02-20 23:17:40	40.75627438	52.888666576	52.4507637	1	0	0	0	0
2025-02-20 23:17:50	40.689826430000004	52.884804474	52.4507637	1	0	0	0	0
2025-02-20 23:18:00	40.57315968	52.844519324000004	52.4507637	1	0	0	0	0
2025-02-20 23:18:10	40.57315968	52.844519324000004	52.4507637	1	1	1	1	1
2025-02-20 23:18:20	40.319849852	52.431669496	52.4507637	1	0	0	0	0
2025-02-20 23:18:30	40.423507338	52.529682814	52.4507637	1	0	0	0	0
2025-02-20 23:18:40	40.571199288	52.688436164	52.4507637	1	0	0	0	0
2025-02-20 23:18:50	40.571199288	52.688436164	52.4507637	1	1	1	1	1
2025-02-20 23:19:00	40.3938684	52.524203886	52.4507637	1	0	0	0	0
2025-02-20 23:19:10	40.1546284	52.298450536	52.4507637	1	0	0	0	0
2025-02-20 23:19:20	40.069110794	52.23140288	52.4507637	1	0	0	0	0
2025-02-20 23:19:30	40.012873644	52.19458488	52.4507637	1	0	0	0	0
2025-02-20 23:19:40	40.557040312	52.483408882	52.4507637	1	0	0	0	0
2025-02-20 23:19:50	41.215569611999996	52.834259931999995	52.4507637	1	0	0	0	0
2025-02-20 23:20:00	41.215569611999996	52.834259931999995	52.4507637	1	1	1	1	1
2025-02-20 23:20:10	40.646800344	52.83571774	52.4507637	1	0	0	0	0
2025-02-20 23:20:20	40.488201436	52.679461666	52.4507637	1	0	0	0	0
2025-02-20 23:20:30	40.369179335999995	52.499102816000004	52.4507637	1	0	0	0	0
2025-02-20 23:20:40	40.02358895	52.153019946	52.4507637	1	0	0	0	0
2025-02-20 23:20:50	39.6348427	51.775370596	52.4507637	1	0	0	0	0
2025-02-20 23:21:00	39.655929048000004	51.807140564	52.4507637	1	0	0	0	0
2025-02-20 23:21:10	39.755078748	51.916895164	52.4507637	1	0	0	0	0
2025-02-20 23:21:20	39.800642159999995	51.970230786	52.4507637	1	0	0	0	0
2025-02-20 23:21:30	39.835998659999994	52.012819936	52.4507637	1	0	0	0	0
2025-02-20 23:21:40	39.979656905999995	52.376301938	52.4507637	1	0	0	0	0
2025-02-20 23:21:50	40.143944055999995	52.800906388	52.4507637	1	0	0	0	0
2025-02-20 23:22:00	40.572514399999996	53.123193798	52.4507637	1	0	0	0	0
2025-02-20 23:22:10	41.0514244	53.425992248	52.4507637	1	0	0	0	0
2025-02-20 23:22:20	40.8055194	53.150984392	52.4507637	1	0	0	0	0
2025-02-20 23:22:30	40.538547088	52.610808208	52.4507637	1	0	0	0	0
2025-02-20 23:22:40	40.538547088	52.610808208	52.4507637	1	1	1	1	1
2025-02-20 23:22:50	40.750960288	52.499499408	52.4507637	1	0	0	0	0
2025-02-20 23:23:00	40.763980378	52.5888908	52.4507637	1	0	0	0	0
2025-02-20 23:23:10	40.739020828	52.7165108	52.4507637	1	0	0	0	0
2025-02-20 23:23:20	40.910763238	52.83523646	52.4507637	1	0	0	0	0
2025-02-20 23:23:30	41.119972688	52.95226796	52.4507637	1	0	0	0	0
2025-02-20 23:23:40	41.036702286	52.93827374	52.4507637	1	0	0	0	0
2025-02-20 23:23:50	40.897721436	52.899322240000004	52.4507637	1	0	0	0	0
2025-02-20 23:24:00	40.852616676	53.3179662	52.4507637	1	0	0	0	0
2025-02-20 23:24:10	40.825393076	53.823771199999996	52.4507637	1	0	0	0	0
2025-02-20 23:24:20	40.612942294	53.394494961999996	52.4507637	1	0	0	0	0
2025-02-20 23:24:30	40.365210143999995	52.787108012000004	52.4507637	1	0	0	0	0
2025-02-20 23:24:40	40.49354801	52.696874538	52.4507637	1	0	0	0	0
2025-02-20 23:24:50	40.69351826	52.705146488000004	52.4507637	1	0	0	0	0
2025-02-20 23:25:00	40.69351826	52.705146488000004	52.4507637	1	1	1	1	1
2025-02-20 23:25:10	40.994704303999995	52.966613708	52.4507637	1	0	0	0	0
2025-02-20 23:25:20	41.0181122	52.9892349	52.4507637	1	0	0	0	0
2025-02-20 23:25:30	40.23279304313726	52.239414870588234	52.4507637	1	0	0	0	0
2025-02-20 23:25:40	39.870839122	51.90652092	52.4507637	1	0	0	0	0
2025-02-20 23:25:50	39.867326172	51.91828392	52.4507637	1	0	0	0	0
2025-02-20 23:26:00	40.083163178	52.13630808	52.4507637	1	0	0	0	0
2025-02-20 23:26:10	40.340781127999996	52.39362008	52.4507637	1	0	0	0	0
2025-02-20 23:26:20	40.4531774	52.500776200000004	52.4507637	1	0	0	0	0
2025-02-20 23:26:30	40.5379124	52.579331200000006	52.4507637	1	0	0	0	0
2025-02-20 23:26:40	40.56953	52.6039876	52.4507637	1	0	0	0	0
2025-02-20 23:26:50	40.59103	52.6183776	52.4507637	1	0	0	0	0
2025-02-20 23:27:00	40.545671418000005	52.57151165	52.4507637	1	0	0	0	0
2025-02-20 23:27:10	40.188221282	52.220034338	52.4507637	1	0	0	0	0
2025-02-20 23:27:20	40.188221282	52.220034338	52.4507637	1	1	1	1	1
2025-02-20 23:27:30	39.842909832000004	51.882441287999995	52.4507637	1	0	0	0	0
2025-02-20 23:27:40	39.79791976	51.844936768	52.4507637	1	0	0	0	0
2025-02-20 23:27:50	39.81013376	51.864591968	52.4507637	1	0	0	0	0
2025-02-20 23:28:00	39.981444096	52.036395948000006	52.4507637	1	0	0	0	0
2025-02-20 23:28:10	39.981444096	52.036395948000006	52.4507637	1	1	1	1	1
2025-02-20 23:28:20	40.383751626	52.448254466	52.4507637	1	0	0	0	0
2025-02-20 23:28:30	40.584269276	52.661288116	52.4507637	1	0	0	0	0
2025-02-20 23:28:40	40.452219418	52.52784663	52.4507637	1	0	0	0	0
2025-02-20 23:28:50	40.256823368	52.32840988	52.4507637	1	0	0	0	0
2025-02-20 23:29:00	40.05890967	52.1418266	52.4507637	1	0	0	0	0
2025-02-20 23:29:10	39.860516419999996	51.9576916	52.4507637	1	0	0	0	0
2025-02-20 23:29:20	40.17106363	52.279070742	52.4507637	1	0	0	0	0
2025-02-20 23:29:30	40.57855188	52.696738292	52.4507637	1	0	0	0	0
2025-02-20 23:29:40	40.485387476470585	52.60767711764706	52.4507637	1	0	0	0	0
2025-02-20 23:29:50	40.296860662745104	52.42209618627451	52.4507637	1	0	0	0	0
2025-02-20 23:30:00	40.296860662745104	52.42209618627451	52.4507637	1	1	1	1	1
2025-02-20 23:30:10	40.7110275755102	52.82362668367347	52.4507637	1	0	0	0	0
2025-02-20 23:30:20	40.79355772	52.89491088	52.4507637	1	0	0	0	0
2025-02-20 23:30:30	40.84399072	52.93335538	52.4507637	1	0	0	0	0
2025-02-20 23:30:40	40.7182984	52.78467413	52.4507637	1	0	0	0	0
2025-02-20 23:30:50	40.5590584	52.60034988	52.4507637	1	0	0	0	0
2025-02-20 23:31:00	40.513040488	52.547410240000005	52.4507637	1	0	0	0	0
2025-02-20 23:31:10	40.488588688	52.51949624	52.4507637	1	0	0	0	0
2025-02-20 23:31:20	40.347956572	52.373660646000005	52.4507637	1	0	0	0	0
2025-02-20 23:31:30	40.568943934	52.57819125	52.4507637	1	0	0	0	0
2025-02-20 23:31:40	41.056790284	53.05409	52.4507637	1	0	0	0	0
2025-02-20 23:31:50	40.75653560693069	52.7376808	52.4507637	1	0	0	0	0
2025-02-20 23:32:00	40.75653560693069	52.7376808	52.4507637	1	1	1	1	1
2025-02-20 23:32:10	40.30616644851485	52.270355800000004	52.4507637	1	0	0	0	0
2025-02-20 23:32:20	40.32910515555555	52.42517150909091	52.4507637	1	0	0	0	0
2025-02-20 23:32:30	40.45594071111111	52.71655469090909	52.4507637	1	0	0	0	0
2025-02-20 23:32:40	40.395202918	52.551429598000006	52.4507637	1	0	0	0	0
2025-02-20 23:32:50	40.298736868000006	52.29935054800001	52.4507637	1	0	0	0	0
2025-02-20 23:33:00	40.298736868000006	52.29935054800001	52.4507637	1	1	1	1	1
2025-02-20 23:33:10	40.402886884000004	52.384173238	52.4507637	1	0	0	0	0
2025-02-20 23:33:20	40.18800415	52.195410824	52.4507637	1	0	0	0	0
2025-02-20 23:33:30	39.7355954	51.764939424	52.4507637	1	0	0	0	0
2025-02-20 23:33:40	39.843516	51.97639132	52.4507637	1	0	0	0	0
2025-02-20 23:33:50	40.058166	52.31011432	52.4507637	1	0	0	0	0
2025-02-20 23:34:00	40.109537976	52.287825999999995	52.4507637	1	0	0	0	0
2025-02-20 23:34:10	40.129809376000004	52.197725999999996	52.4507637	1	0	0	0	0
2025-02-20 23:34:20	40.381818968000005	52.437704	52.4507637	1	0	0	0	0
2025-02-20 23:34:30	40.677969168000004	52.740553999999996	52.4507637	1	0	0	0	0
2025-02-20 23:34:40	40.513012456	52.5835292	52.4507637	1	0	0	0	0
2025-02-20 23:34:50	40.260225856	52.3389092	52.4507637	1	0	0	0	0
2025-02-20 23:35:00	40.260225856	52.3389092	52.4507637	1	1	1	1	1
2025-02-20 23:35:10	40.548815147999996	52.625341624	52.4507637	1	0	0	0	0
2025-02-20 23:35:20	40.412382272	52.487115942	52.4507637	1	0	0	0	0
2025-02-20 23:35:30	40.215900572	52.288858491999996	52.4507637	1	0	0	0	0
2025-02-20 23:35:40	40.171687772	52.25872826	52.4507637	1	0	0	0	0
2025-02-20 23:35:50	40.156478572	52.26062226	52.4507637	1	0	0	0	0
2025-02-20 23:36:00	40.241797758	52.33131835	52.4507637	1	0	0	0	0
2025-02-20 23:36:10	40.346265208	52.4151196	52.4507637	1	0	0	0	0
2025-02-20 23:36:20	40.5103832	52.364724466	52.4507637	1	0	0	0	0
2025-02-20 23:36:30	40.6858632	52.288768116	52.4507637	1	0	0	0	0
2025-02-20 23:36:40	40.69865032	52.505063558	52.4507637	1	0	0	0	0
2025-02-20 23:36:50	40.68044832	52.777026008	52.4507637	1	0	0	0	0
2025-02-20 23:37:00	40.463732480000004	52.573819400000005	52.4507637	1	0	0	0	0
2025-02-20 23:37:10	40.209204480000004	52.280104400000006	52.4507637	1	0	0	0	0
2025-02-20 23:37:20	40.060397200000004	52.121293400000006	52.4507637	1	0	0	0	0
2025-02-20 23:37:30	39.931727200000005	51.9881784	52.4507637	1	0	0	0	0
2025-02-20 23:37:40	40.751084727999995	52.794910176	52.4507637	1	0	0	0	0
2025-02-20 23:37:50	40.533145972	52.577717432	52.4507637	1	0	0	0	0
2025-02-20 23:38:00	40.186744272	52.233437232	52.4507637	1	0	0	0	0
2025-02-20 23:38:10	40.186744272	52.233437232	52.4507637	1	1	1	1	1
2025-02-20 23:38:20	40.099841000000005	52.218073438000005	52.4507637	1	0	0	0	0
2025-02-20 23:38:30	40.062366000000004	52.265360388000005	52.4507637	1	0	0	0	0
2025-02-20 23:38:40	40.09502071	52.228669472	52.4507637	1	0	0	0	0
2025-02-20 23:38:50	40.14103346	52.175982772	52.4507637	1	0	0	0	0
2025-02-20 23:39:00	40.3386607	52.407562132	52.4507637	1	0	0	0	0
2025-02-20 23:39:10	40.229298782	52.362317234	52.4507637	1	0	0	0	0
2025-02-20 23:39:20	40.079409832	52.283608584	52.4507637	1	0	0	0	0
2025-02-20 23:39:30	40.168963974	52.396639216000004	52.4507637	1	0	0	0	0
2025-02-20 23:39:40	40.168963974	52.396639216000004	52.4507637	1	1	1	1	1
2025-02-20 23:39:50	40.304126323999995	52.546191616	52.4507637	1	0	0	0	0
2025-02-20 23:40:00	40.304126323999995	52.546191616	52.4507637	1	1	1	1	1
2025-02-20 23:40:10	40.226417784	52.3102936	52.4507637	1	0	0	0	0
2025-02-20 23:40:20	40.942163804	52.814230628	52.4507637	1	0	0	0	0
2025-02-20 23:40:30	41.059757354	52.922649618	52.4507637	1	0	0	0	0
2025-02-20 23:40:40	41.124761704	52.997213568	52.4507637	1	0	0	0	0
2025-02-20 23:40:50	40.920181242	52.871238395999995	52.4507637	1	0	0	0	0
2025-02-20 23:41:00	40.664251292	52.707065295999996	52.4507637	1	0	0	0	0
2025-02-20 23:41:10	40.46485645	52.53682475	52.4507637	1	0	0	0	0
2025-02-20 23:41:20	40.46485645	52.53682475	52.4507637	1	1	1	1	1
2025-02-20 23:41:30	40.2762302	52.3654285	52.4507637	1	0	0	0	0
2025-02-20 23:41:40	39.813931244	51.918908576	52.4507637	1	0	0	0	0
2025-02-20 23:41:50	39.813931244	51.918908576	52.4507637	1	1	1	1	1
2025-02-20 23:42:00	40.239657658	52.337192932	52.4507637	1	0	0	0	0
2025-02-20 23:42:10	40.791207608	52.878535232000004	52.4507637	1	0	0	0	0
2025-02-20 23:42:20	40.544557848	52.617292182	52.4507637	1	0	0	0	0
2025-02-20 23:42:30	40.145870048	52.203175732	52.4507637	1	0	0	0	0
2025-02-20 23:42:40	40.059207724	52.117444304	52.4507637	1	0	0	0	0
2025-02-20 23:42:50	40.031978824	52.094262404000006	52.4507637	1	0	0	0	0
2025-02-20 23:43:00	40.310963272	52.378575314	52.4507637	1	0	0	0	0
2025-02-20 23:43:10	40.310963272	52.378575314	52.4507637	1	1	1	1	1
2025-02-20 23:43:20	40.648274072	52.721458664	52.4507637	1	0	0	0	0
2025-02-20 23:43:30	40.600839652	52.4561876	52.4507637	1	0	0	0	0
2025-02-20 23:43:40	40.205819762	52.1593904	52.4507637	1	0	0	0	0
2025-02-20 23:43:50	39.746055312	51.8392004	52.4507637	1	0	0	0	0
2025-02-20 23:44:00	40.16248894	52.0715834	52.4507637	1	0	0	0	0
2025-02-20 23:44:10	40.745817439999996	52.4092184	52.4507637	1	0	0	0	0
2025-02-20 23:44:20	40.78080530495049	52.72556235247525	52.4507637	1	0	0	0	0
2025-02-20 23:44:30	40.71134733465346	53.03785086732674	52.4507637	1	0	0	0	0
2025-02-20 23:44:40	40.80632499191919	53.02206315555556	52.4507637	1	0	0	0	0
2025-02-20 23:44:50	40.93739827474748	52.934258711111106	52.4507637	1	0	0	0	0
2025-02-20 23:45:00	40.93739827474748	52.934258711111106	52.4507637	1	1	1	1	1
2025-02-20 23:45:10	41.302159372	53.355353716	52.4507637	1	0	0	0	0
2025-02-20 23:45:20	40.965435302	52.924064858	52.4507637	1	0	0	0	0
2025-02-20 23:45:30	40.528984352	52.365579808	52.4507637	1	0	0	0	0
2025-02-20 23:45:40	40.546449788	52.457598276	52.4507637	1	0	0	0	0
2025-02-20 23:45:50	40.650375488	52.673522176	52.4507637	1	0	0	0	0
2025-02-20 23:46:00	40.303944848	52.342714814	52.4507637	1	0	0	0	0
2025-02-20 23:46:10	39.871732048	51.907768164	52.4507637	1	0	0	0	0
2025-02-20 23:46:20	40.12216944	52.371800686	52.4507637	1	0	0	0	0
2025-02-20 23:46:30	40.50263544	53.007067336	52.4507637	1	0	0	0	0
2025-02-20 23:46:40	40.367048742	52.533982	52.4507637	1	0	0	0	0
2025-02-20 23:46:50	40.133166292	51.849782	52.4507637	1	0	0	0	0
2025-02-20 23:47:00	40.192799918	51.987583236	52.4507637	1	0	0	0	0
2025-02-20 23:47:10	40.308341368	52.281956136	52.4507637	1	0	0	0	0
2025-02-20 23:47:20	40.02954024	52.039200275999995	52.4507637	1	0	0	0	0
2025-02-20 23:47:30	39.67562624	51.694134176	52.4507637	1	0	0	0	0
2025-02-20 23:47:40	40.007702944	52.033465888	52.4507637	1	0	0	0	0
2025-02-20 23:47:50	40.470444544	52.503159088000004	52.4507637	1	0	0	0	0
2025-02-20 23:48:00	40.613777656	52.525159	52.4507637	1	0	0	0	0
2025-02-20 23:48:10	40.696271056	52.461884	52.4507637	1	0	0	0	0
2025-02-20 23:48:20	40.648769584	52.453698342	52.4507637	1	0	0	0	0
2025-02-20 23:48:30	40.576507184	52.456005892	52.4507637	1	0	0	0	0
2025-02-20 23:48:40	40.355646977999996	52.312839638	52.4507637	1	0	0	0	0
2025-02-20 23:48:50	40.106482428	52.141964088	52.4507637	1	0	0	0	0
2025-02-20 23:49:00	40.348678608	52.32701632	52.4507637	1	0	0	0	0
2025-02-20 23:49:10	40.684467308	52.57986432	52.4507637	1	0	0	0	0
2025-02-20 23:49:20	40.619682394	52.55831246	52.4507637	1	0	0	0	0
2025-02-20 23:49:30	40.478597744	52.48449396	52.4507637	1	0	0	0	0
2025-02-20 23:49:40	40.738734012	52.51386043	52.4507637	1	0	0	0	0
2025-02-20 23:49:50	41.075293312	52.56288118	52.4507637	1	0	0	0	0
2025-02-20 23:50:00	41.075293312	52.56288118	52.4507637	1	1	1	1	1
2025-02-20 23:50:10	40.234372696	52.219982872	52.4507637	1	0	0	0	0
2025-02-20 23:50:20	40.339177475999996	52.27974202	52.4507637	1	0	0	0	0
2025-02-20 23:50:30	40.556571376	52.38719252	52.4507637	1	0	0	0	0
2025-02-20 23:50:40	40.1826188	52.012793731034485	52.4507637	1	0	0	0	0
2025-02-20 23:50:50	39.6960288	51.54661412512315	52.4507637	1	0	0	0	0
2025-02-20 23:51:00	39.517253437563454	51.49149670050761	52.4507637	1	0	0	0	0
2025-02-20 23:51:10	39.410681508629445	51.53280126903553	52.4507637	1	0	0	0	0
2025-02-20 23:51:20	39.6150708	51.771156129999994	52.4507637	1	0	0	0	0
2025-02-20 23:51:30	39.8786908	52.047044379999996	52.4507637	1	0	0	0	0
2025-02-20 23:51:40	40.084019	52.215534346	52.4507637	1	0	0	0	0
2025-02-20 23:51:50	40.278244	52.363567496	52.4507637	1	0	0	0	0
2025-02-20 23:52:00	39.9726858	52.096836534	52.4507637	1	0	0	0	0
2025-02-20 23:52:10	39.5719308	51.751102884	52.4507637	1	0	0	0	0
2025-02-20 23:52:20	39.8286984	51.98878926	52.4507637	1	0	0	0	0
2025-02-20 23:52:30	40.2107084	52.33760326	52.4507637	1	0	0	0	0
2025-02-20 23:52:40	39.948885448	52.265087498	52.4507637	1	0	0	0	0
2025-02-20 23:52:50	39.564427648	52.112318448	52.4507637	1	0	0	0	0
2025-02-20 23:53:00	39.652259344	52.287025456	52.4507637	1	0	0	0	0
2025-02-20 23:53:10	39.830050944	52.524108856	52.4507637	1	0	0	0	0
2025-02-20 23:53:20	39.830050944	52.524108856	52.4507637	1	1	1	1	1
2025-02-20 23:53:30	39.873902486	52.384893676	52.4507637	1	0	0	0	0
2025-02-20 23:53:40	39.96179105	52.325372942	52.4507637	1	0	0	0	0
2025-02-20 23:53:50	40.0410948	52.545745492	52.4507637	1	0	0	0	0
2025-02-20 23:54:00	40.574779372	52.968743766	52.4507637	1	0	0	0	0
2025-02-20 23:54:10	41.195012672	53.430337416	52.4507637	1	0	0	0	0
2025-02-20 23:54:20	41.191365078	53.385427992000004	52.4507637	1	0	0	0	0
2025-02-20 23:54:30	41.068883028	53.244041792000004	52.4507637	1	0	0	0	0
2025-02-20 23:54:40	40.882393944	52.8671332	52.4507637	1	0	0	0	0
2025-02-20 23:54:50	40.683713044	52.445363199999996	52.4507637	1	0	0	0	0
2025-02-20 23:55:00	40.683713044	52.445363199999996	52.4507637	1	1	1	1	1
2025-02-20 23:55:10	40.78188964482759	52.90111345812808	52.4507637	1	0	0	0	0
2025-02-20 23:55:20	40.79531	52.955143	52.4507637	1	0	0	0	0
2025-02-20 23:55:30	40.56341448039216	52.6767916372549	52.4507637	1	0	0	0	0
2025-02-20 23:55:40	40.361737752	52.458134273999995	52.4507637	1	0	0	0	0
2025-02-20 23:55:50	40.247848052	52.349311623999995	52.4507637	1	0	0	0	0
2025-02-20 23:56:00	40.152950499999996	52.560335269999996	52.4507637	1	0	0	0	0
2025-02-20 23:56:10	40.0616705	52.83228202	52.4507637	1	0	0	0	0
2025-02-20 23:56:20	40.07473845	52.593788616	52.4507637	1	0	0	0	0
2025-02-20 23:56:30	40.1076822	52.258068516	52.4507637	1	0	0	0	0
2025-02-20 23:56:40	40.012014684	52.293639714	52.4507637	1	0	0	0	0
2025-02-20 23:56:50	39.891849784	52.399933063999995	52.4507637	1	0	0	0	0
2025-02-20 23:57:00	39.981749018	52.525049302	52.4507637	1	0	0	0	0
2025-02-20 23:57:10	40.111660468	52.653750852	52.4507637	1	0	0	0	0
2025-02-20 23:57:20	39.87803886	52.36086518	52.4507637	1	0	0	0	0
2025-02-20 23:57:30	39.57517286	51.98767718	52.4507637	1	0	0	0	0
2025-02-20 23:57:40	39.57517286	51.98767718	52.4507637	1	1	1	1	1
2025-02-20 23:57:50	39.484930894	51.809946218	52.4507637	1	0	0	0	0
2025-02-20 23:58:00	39.653157534	52.0251729	52.4507637	1	0	0	0	0
2025-02-20 23:58:10	39.922118884	52.475420400000004	52.4507637	1	0	0	0	0
2025-02-20 23:58:20	40.043301889999995	52.577357574	52.4507637	1	0	0	0	0
2025-02-20 23:58:30	40.136336639999996	52.612949924	52.4507637	1	0	0	0	0
2025-02-20 23:58:40	40.053380722	52.604266126	52.4507637	1	0	0	0	0
2025-02-20 23:58:50	39.936902771999996	52.587148776	52.4507637	1	0	0	0	0
2025-02-20 23:59:00	40.20581468	52.713856645999996	52.4507637	1	0	0	0	0
2025-02-20 23:59:10	40.548134180000005	52.867959796	52.4507637	1	0	0	0	0
2025-02-20 23:59:20	40.340923874000005	52.424105712	52.4507637	1	0	0	0	0
2025-02-20 23:59:30	40.029041224000004	51.866355012	52.4507637	1	0	0	0	0
2025-02-20 23:59:40	39.949152	51.917779242	52.4507637	1	0	0	0	0
2025-02-20 23:59:50	39.913452	52.085236791999996	52.4507637	1	0	0	0	0
2025-02-21 00:00:00	39.913452	52.085236791999996	52.4507637	1	1	1	1	1
