PROCESSDATA	2111FIC10201 Data	yyyy-MM-dd HH:mm:ss
8	10	2024-12-11 21:55:00	751
tagname	2111FIC10201.MV	2111FIC10201.PV	2111FIC10201.SV	2111FIC10201.MODE	bOpOFL	bPvOFL	bSpOFL	bAutOFL
desc	二级电脱盐注水管_OP	二级电脱盐注水管_PV	二级电脱盐注水管_SP	Aut	bOpOFL	bPvOFL	bSpOFL	bAutOFL
fsMax=3.7633211099999997	fsMin=0	fsGridNum=10	fdMax=3.7633211099999997tfdMin=0	fdGridNum=10	v0GridNum=10	L=24
2024-12-11 21:55:00	14.767172528571429	56.000686235714284	56.00004	1	0	0	0	0
2024-12-11 21:55:10	14.8039777	55.87206	56.00004	1	0	0	0	0
2024-12-11 21:55:20	14.79442993	55.96348684	56.00004	1	0	0	0	0
2024-12-11 21:55:30	14.788750711864406	56.007379288135596	56.00004	1	0	0	0	0
2024-12-11 21:55:40	14.863303312676056	55.68452363380282	56.00004	1	0	0	0	0
2024-12-11 21:55:50	14.84176706875	55.88841575	56.00004	1	0	0	0	0
2024-12-11 21:56:00	14.78793235	56.17543214285715	56.00004	1	0	0	0	0
2024-12-11 21:56:10	14.74753292352941	56.279849215686276	56.00004	1	0	0	0	0
2024-12-11 21:56:20	14.776896223529413	56.06666142352941	56.00004	1	0	0	0	0
2024-12-11 21:56:30	14.73965308	56.19460986333333	56.00004	1	0	0	0	0
2024-12-11 21:56:40	14.74703581632653	56.100995820408166	56.00004	1	0	0	0	0
2024-12-11 21:56:50	14.757754185714285	56.00019785714286	56.00004	1	0	0	0	0
2024-12-11 21:57:00	14.775782183146067	55.89519961797753	56.00004	1	0	0	0	0
2024-12-11 21:57:10	14.761614835714285	55.9768338	56.00004	1	0	0	0	0
2024-12-11 21:57:20	14.80111634	55.812332999999995	56.00004	1	0	0	0	0
2024-12-11 21:57:30	14.82849122	55.73549005	56.00004	1	0	0	0	0
2024-12-11 21:57:40	14.871181617391304	55.65188634347826	56.00004	1	0	0	0	0
2024-12-11 21:57:50	14.790406366197184	56.10417707746479	56.00004	1	0	0	0	0
2024-12-11 21:58:00	14.764996341666667	56.185879166666666	56.00004	1	0	0	0	0
2024-12-11 21:58:10	14.770994850000001	56.08146496	56.00004	1	0	0	0	0
2024-12-11 21:58:20	14.758059129411764	56.15367855490196	56.00004	1	0	0	0	0
2024-12-11 21:58:30	14.778809991666668	56.01948099166666	56.00004	1	0	0	0	0
2024-12-11 21:58:40	14.800468542857143	55.910397279591834	56.00004	1	0	0	0	0
2024-12-11 21:58:50	14.7460074	56.14632278125	56.00004	1	0	0	0	0
2024-12-11 21:59:00	14.745701927027026	56.07253405405405	56.00004	1	0	0	0	0
2024-12-11 21:59:10	14.77906460909091	55.902283613636364	56.00004	1	0	0	0	0
2024-12-11 21:59:20	14.78310234	55.92408103	56.00004	1	0	0	0	0
2024-12-11 21:59:30	14.833898898305083	55.728695932203394	56.00004	1	0	0	0	0
2024-12-11 21:59:40	14.815722964285714	55.87717692142857	56.00004	1	0	0	0	0
2024-12-11 21:59:50	14.801147662962963	55.98497833333333	56.00004	1	0	0	0	0
2024-12-11 22:00:00	14.798618344067798	55.9963579661017	56.00004	1	0	0	0	0
2024-12-11 22:00:10	14.787859280000001	55.978854688571424	56.00004	1	0	0	0	0
2024-12-11 22:00:20	14.787760614754099	56.015669332786885	56.00004	1	0	0	0	0
2024-12-11 22:00:30	14.825953025	55.86236948333333	56.00004	1	0	0	0	0
2024-12-11 22:00:40	14.841704446938776	55.81186298163265	56.00004	1	0	0	0	0
2024-12-11 22:00:50	14.77869557	56.11848141	56.00004	1	0	0	0	0
2024-12-11 22:01:00	14.762701616666666	56.16618295	56.00004	1	0	0	0	0
2024-12-11 22:01:10	14.770153910126583	56.070013051898734	56.00004	1	0	0	0	0
2024-12-11 22:01:20	14.795807756338029	55.97588012816901	56.00004	1	0	0	0	0
2024-12-11 22:01:30	14.763806625	56.1121345	56.00004	1	0	0	0	0
2024-12-11 22:01:40	14.803342285714285	55.92741874081633	56.00004	1	0	0	0	0
2024-12-11 22:01:50	14.79400673670886	55.99934909873418	56.00004	1	0	0	0	0
2024-12-11 22:02:00	14.818077806451614	55.90096206451613	56.00004	1	0	0	0	0
2024-12-11 22:02:10	14.859897536231884	55.75514502028985	56.00004	1	0	0	0	0
2024-12-11 22:02:20	14.867622272	55.800605188	56.00004	1	0	0	0	0
2024-12-11 22:02:30	14.86108925	55.9263339	56.00004	1	0	0	0	0
2024-12-11 22:02:40	14.917933853658537	55.68265108292683	56.00004	1	0	0	0	0
2024-12-11 22:02:50	14.88315876904762	55.91029952380953	56.00004	1	0	0	0	0
2024-12-11 22:03:00	14.881674721052631	55.944361486315785	56.00004	1	0	0	0	0
2024-12-11 22:03:10	14.887930039506173	55.94286475925926	56.00004	1	0	0	0	0
2024-12-11 22:03:20	14.8761739	55.987298958333334	56.00004	1	0	0	0	0
2024-12-11 22:03:30	14.892354362745097	55.92321645882353	56.00004	1	0	0	0	0
2024-12-11 22:03:40	14.859445228	56.1015736	56.00004	1	0	0	0	0
2024-12-11 22:03:50	14.869848425	56.03059806666667	56.00004	1	0	0	0	0
2024-12-11 22:04:00	14.877558160759493	56.015463717721516	56.00004	1	0	0	0	0
2024-12-11 22:04:10	14.906735654929577	55.9443534943662	56.00004	1	0	0	0	0
2024-12-11 22:04:20	14.896048971830986	56.00464707605634	56.00004	1	0	0	0	0
2024-12-11 22:04:30	14.87687305	56.113249775	56.00004	1	0	0	0	0
2024-12-11 22:04:40	14.892732371428572	55.99116517142857	56.00004	1	0	0	0	0
2024-12-11 22:04:50	14.86844136	56.08421788	56.00004	1	0	0	0	0
2024-12-11 22:05:00	14.874499191304348	56.0222735	56.00004	1	0	0	0	0
2024-12-11 22:05:10	14.8452587025	56.125272817500004	56.00004	1	0	0	0	0
2024-12-11 22:05:20	14.871130182857144	55.95209382857143	56.00004	1	0	0	0	0
2024-12-11 22:05:30	14.859284949275363	55.98833770724638	56.00004	1	0	0	0	0
2024-12-11 22:05:40	14.864528319672132	56.00054631147541	56.00004	1	0	0	0	0
2024-12-11 22:05:50	14.814513426415095	56.185202264150945	56.00004	1	0	0	0	0
2024-12-11 22:06:00	14.783697358333333	56.20221445	56.00004	1	0	0	0	0
2024-12-11 22:06:10	14.8183632	55.97730827142857	56.00004	1	0	0	0	0
2024-12-11 22:06:20	14.80256829375	56.06221145	56.00004	1	0	0	0	0
2024-12-11 22:06:30	14.771110783333334	56.172877625	56.00004	1	0	0	0	0
2024-12-11 22:06:40	14.742415714285714	56.219974	56.00004	1	0	0	0	0
2024-12-11 22:06:50	14.768245285714286	56.02756125714286	56.00004	1	0	0	0	0
2024-12-11 22:07:00	14.744399443999999	56.1418004	56.00004	1	0	0	0	0
2024-12-11 22:07:10	14.76828994	55.97997457428571	56.00004	1	0	0	0	0
2024-12-11 22:07:20	14.780013166666667	55.916242611111116	56.00004	1	0	0	0	0
2024-12-11 22:07:30	14.819742228571428	55.77224867857143	56.00004	1	0	0	0	0
2024-12-11 22:07:40	14.761930292156862	56.08517470588235	56.00004	1	0	0	0	0
2024-12-11 22:07:50	14.732064044444444	56.17993612222222	56.00004	1	0	0	0	0
2024-12-11 22:08:00	14.735833474626865	56.097882980597014	56.00004	1	0	0	0	0
2024-12-11 22:08:10	14.704782496428573	56.19115863392857	56.00004	1	0	0	0	0
2024-12-11 22:08:20	14.683367738202248	56.21710487640449	56.00004	1	0	0	0	0
2024-12-11 22:08:30	14.73138050625	55.96123625	56.00004	1	0	0	0	0
2024-12-11 22:08:40	14.679551561224491	56.17908113469388	56.00004	1	0	0	0	0
2024-12-11 22:08:50	14.70363578125	56.06072477083333	56.00004	1	0	0	0	0
2024-12-11 22:09:00	14.698212683333335	56.04390790833334	56.00004	1	0	0	0	0
2024-12-11 22:09:10	14.73652337	55.87152049	56.00004	1	0	0	0	0
2024-12-11 22:09:20	14.74783722253521	55.90543391126761	56.00004	1	0	0	0	0
2024-12-11 22:09:30	14.742981894202899	55.928703902898555	56.00004	1	0	0	0	0
2024-12-11 22:09:40	14.754178277777777	55.9048271	56.00004	1	0	0	0	0
2024-12-11 22:09:50	14.767251691666667	55.89144068333333	56.00004	1	0	0	0	0
2024-12-11 22:10:00	14.70411545	56.20571434	56.00004	1	0	0	0	0
2024-12-11 22:10:10	14.705182908333335	56.118009816666664	56.00004	1	0	0	0	0
2024-12-11 22:10:20	14.717707970886076	56.01927133164557	56.00004	1	0	0	0	0
2024-12-11 22:10:30	14.691416285915492	56.138561870422535	56.00004	1	0	0	0	0
2024-12-11 22:10:40	14.729436274509805	55.91168208627451	56.00004	1	0	0	0	0
2024-12-11 22:10:50	14.661202871698114	56.20878471698113	56.00004	1	0	0	0	0
2024-12-11 22:11:00	14.665063475641025	56.118802891025645	56.00004	1	0	0	0	0
2024-12-11 22:11:10	14.682095676811596	56.029097389855075	56.00004	1	0	0	0	0
2024-12-11 22:11:20	14.707881209836065	55.93280850163934	56.00004	1	0	0	0	0
2024-12-11 22:11:30	14.741809040845071	55.83618611830986	56.00004	1	0	0	0	0
2024-12-11 22:11:40	14.744841501123595	55.86691208539326	56.00004	1	0	0	0	0
2024-12-11 22:11:50	14.716816242307692	56.055821415384614	56.00004	1	0	0	0	0
2024-12-11 22:12:00	14.736643111764707	55.99422333333333	56.00004	1	0	0	0	0
2024-12-11 22:12:10	14.738101162264151	55.993951373584906	56.00004	1	0	0	0	0
2024-12-11 22:12:20	14.733787366666666	56.0088455	56.00004	1	0	0	0	0
2024-12-11 22:12:30	14.74578566	55.90889161142857	56.00004	1	0	0	0	0
2024-12-11 22:12:40	14.729079171999999	56.002745356	56.00004	1	0	0	0	0
2024-12-11 22:12:50	14.758449016393442	55.84925608852459	56.00004	1	0	0	0	0
2024-12-11 22:13:00	14.753622	55.863826769999996	56.00004	1	0	0	0	0
2024-12-11 22:13:10	14.68057857887324	56.22300192112676	56.00004	1	0	0	0	0
2024-12-11 22:13:20	14.772200354237288	55.76993540338983	56.00004	1	0	0	0	0
2024-12-11 22:13:30	14.7636206	55.89043565185185	56.00004	1	0	0	0	0
2024-12-11 22:13:40	14.727943225	56.0675793	56.00004	1	0	0	0	0
2024-12-11 22:13:50	14.736581078651685	56.00358397752809	56.00004	1	0	0	0	0
2024-12-11 22:14:00	14.79750414117647	55.765894	56.00004	1	0	0	0	0
2024-12-11 22:14:10	14.754488924489795	56.03011231020408	56.00004	1	0	0	0	0
2024-12-11 22:14:20	14.757482140579711	55.99808947246377	56.00004	1	0	0	0	0
2024-12-11 22:14:30	14.741684843037975	56.04846670632911	56.00004	1	0	0	0	0
2024-12-11 22:14:40	14.720972016326531	56.12253246530612	56.00004	1	0	0	0	0
2024-12-11 22:14:50	14.73716928	56.023780800000004	56.00004	1	0	0	0	0
2024-12-11 22:15:00	14.72768079	56.064096219999996	56.00004	1	0	0	0	0
2024-12-11 22:15:10	14.732777339130434	55.98815571014493	56.00004	1	0	0	0	0
2024-12-11 22:15:20	14.70375136	56.09361252363637	56.00004	1	0	0	0	0
2024-12-11 22:15:30	14.726352117142858	56.00922656	56.00004	1	0	0	0	0
2024-12-11 22:15:40	14.706276958064516	56.081145464516126	56.00004	1	0	0	0	0
2024-12-11 22:15:50	14.711874334177216	56.02965213797468	56.00004	1	0	0	0	0
2024-12-11 22:16:00	14.703995733333333	56.04638749666667	56.00004	1	0	0	0	0
2024-12-11 22:16:10	14.730915336	55.890343636	56.00004	1	0	0	0	0
2024-12-11 22:16:20	14.722855083333332	55.938236525	56.00004	1	0	0	0	0
2024-12-11 22:16:30	14.69646	56.076329921428574	56.00004	1	0	0	0	0
2024-12-11 22:16:40	14.712818449152543	56.00308759661017	56.00004	1	0	0	0	0
2024-12-11 22:16:50	14.746163716049383	55.87402241481482	56.00004	1	0	0	0	0
2024-12-11 22:17:00	14.73481883768116	55.997786695652174	56.00004	1	0	0	0	0
2024-12-11 22:17:10	14.725536349999999	56.04591375	56.00004	1	0	0	0	0
2024-12-11 22:17:20	14.76355248	55.84501648	56.00004	1	0	0	0	0
2024-12-11 22:17:30	14.748368427536231	55.922503901449275	56.00004	1	0	0	0	0
2024-12-11 22:17:40	14.728055987912088	56.04778835164835	56.00004	1	0	0	0	0
2024-12-11 22:17:50	14.706007925	56.110668225	56.00004	1	0	0	0	0
2024-12-11 22:18:00	14.735028021348315	55.9445643505618	56.00004	1	0	0	0	0
2024-12-11 22:18:10	14.794499071428572	55.71313196938775	56.00004	1	0	0	0	0
2024-12-11 22:18:20	14.788786313333334	55.79656189333333	56.00004	1	0	0	0	0
2024-12-11 22:18:30	14.775926458823529	55.921834852941174	56.00004	1	0	0	0	0
2024-12-11 22:18:40	14.76330164	56.01276763	56.00004	1	0	0	0	0
2024-12-11 22:18:50	14.794233285714284	55.84842327142857	56.00004	1	0	0	0	0
2024-12-11 22:19:00	14.779486333333333	55.95878321666667	56.00004	1	0	0	0	0
2024-12-11 22:19:10	14.783225520408164	55.97039269387756	56.00004	1	0	0	0	0
2024-12-11 22:19:20	14.778862349999999	56.005798641666665	56.00004	1	0	0	0	0
2024-12-11 22:19:30	14.774583494117648	56.013671323529415	56.00004	1	0	0	0	0
2024-12-11 22:19:40	14.796775423076923	55.90154267179487	56.00004	1	0	0	0	0
2024-12-11 22:19:50	14.825810858333334	55.79190466666667	56.00004	1	0	0	0	0
2024-12-11 22:20:00	14.806242472222221	55.94099913888889	56.00004	1	0	0	0	0
2024-12-11 22:20:10	14.78845885	55.997760825	56.00004	1	0	0	0	0
2024-12-11 22:20:20	14.818494950724638	55.88670907536232	56.00004	1	0	0	0	0
2024-12-11 22:20:30	14.79454441147541	56.03076314754099	56.00004	1	0	0	0	0
2024-12-11 22:20:40	14.784828668292683	56.061201131707314	56.00004	1	0	0	0	0
2024-12-11 22:20:50	14.831229826086956	55.84474529710145	56.00004	1	0	0	0	0
2024-12-11 22:21:00	14.76441304	56.165388988	56.00004	1	0	0	0	0
2024-12-11 22:21:10	14.739332733898305	56.20759511016949	56.00004	1	0	0	0	0
2024-12-11 22:21:20	14.725503322535213	56.185921530985915	56.00004	1	0	0	0	0
2024-12-11 22:21:30	14.747960364583333	56.066949506250005	56.00004	1	0	0	0	0
2024-12-11 22:21:40	14.7439822	56.06651049367089	56.00004	1	0	0	0	0
2024-12-11 22:21:50	14.706095287323944	56.18803288732394	56.00004	1	0	0	0	0
2024-12-11 22:22:00	14.714179462499999	56.111275937500004	56.00004	1	0	0	0	0
2024-12-11 22:22:10	14.756721916666667	55.947053108333336	56.00004	1	0	0	0	0
2024-12-11 22:22:20	14.694981485714285	56.245714285714286	56.00004	1	0	0	0	0
2024-12-11 22:22:30	14.692213757142857	56.16820475714286	56.00004	1	0	0	0	0
2024-12-11 22:22:40	14.70051468292683	56.092757963414634	56.00004	1	0	0	0	0
2024-12-11 22:22:50	14.685634313559321	56.149014779661016	56.00004	1	0	0	0	0
2024-12-11 22:23:00	14.722363117977528	55.92172201123596	56.00004	1	0	0	0	0
2024-12-11 22:23:10	14.667776344262295	56.175650295081965	56.00004	1	0	0	0	0
2024-12-11 22:23:20	14.68251858695652	56.07509252173913	56.00004	1	0	0	0	0
2024-12-11 22:23:30	14.689765747457628	56.02474086949153	56.00004	1	0	0	0	0
2024-12-11 22:23:40	14.69070141372549	56.021606541176475	56.00004	1	0	0	0	0
2024-12-11 22:23:50	14.695676066666666	55.99711162777778	56.00004	1	0	0	0	0
2024-12-11 22:24:00	14.675609099999999	56.087388075	56.00004	1	0	0	0	0
2024-12-11 22:24:10	14.643091674999999	56.19021986875	56.00004	1	0	0	0	0
2024-12-11 22:24:20	14.710365181818181	55.77567454545455	56.00004	1	0	0	0	0
2024-12-11 22:24:30	14.661203846153846	56.051648615384615	56.00004	1	0	0	0	0
2024-12-11 22:24:40	14.664700214285714	56.04022665714285	56.00004	1	0	0	0	0
2024-12-11 22:24:50	14.6258324	56.14158807	56.00004	1	0	0	0	0
2024-12-11 22:25:00	14.645074925	56.03894141666667	56.00004	1	0	0	0	0
2024-12-11 22:25:10	14.641686893670885	56.021967126582275	56.00004	1	0	0	0	0
2024-12-11 22:25:20	14.65469009859155	55.97767390704225	56.00004	1	0	0	0	0
2024-12-11 22:25:30	14.6793795	55.911406525000004	56.00004	1	0	0	0	0
2024-12-11 22:25:40	14.648264189795919	56.081801597959185	56.00004	1	0	0	0	0
2024-12-11 22:25:50	14.652379175949367	56.02852816455696	56.00004	1	0	0	0	0
2024-12-11 22:26:00	14.64687608	56.03435180666667	56.00004	1	0	0	0	0
2024-12-11 22:26:10	14.675147765714286	55.876393202857145	56.00004	1	0	0	0	0
2024-12-11 22:26:20	14.6354076	56.045650959999996	56.00004	1	0	0	0	0
2024-12-11 22:26:30	14.710107494117647	55.69007235294118	56.00004	1	0	0	0	0
2024-12-11 22:26:40	14.651632328571429	56.01631797142857	56.00004	1	0	0	0	0
2024-12-11 22:26:50	14.627218464285715	56.09530539047619	56.00004	1	0	0	0	0
2024-12-11 22:27:00	14.596370635211267	56.149305571830986	56.00004	1	0	0	0	0
2024-12-11 22:27:10	14.610019657971014	56.06886823768116	56.00004	1	0	0	0	0
2024-12-11 22:27:20	14.60782277037037	56.037381851851855	56.00004	1	0	0	0	0
2024-12-11 22:27:30	14.5882888	56.09337995	56.00004	1	0	0	0	0
2024-12-11 22:27:40	14.578541460784315	56.086873243137255	56.00004	1	0	0	0	0
2024-12-11 22:27:50	14.585182209836066	55.99347351311476	56.00004	1	0	0	0	0
2024-12-11 22:28:00	14.656453179746835	55.7114019392405	56.00004	1	0	0	0	0
2024-12-11 22:28:10	14.647938833802817	55.84496930985915	56.00004	1	0	0	0	0
2024-12-11 22:28:20	14.66479487887324	55.80173073802817	56.00004	1	0	0	0	0
2024-12-11 22:28:30	14.59904815	56.14744665	56.00004	1	0	0	0	0
2024-12-11 22:28:40	14.611010642857142	56.06432775714286	56.00004	1	0	0	0	0
2024-12-11 22:28:50	14.577823785714285	56.172728695918366	56.00004	1	0	0	0	0
2024-12-11 22:29:00	14.58008082173913	56.11605791304348	56.00004	1	0	0	0	0
2024-12-11 22:29:10	14.55790475	56.18359235	56.00004	1	0	0	0	0
2024-12-11 22:29:20	14.564014890625	56.095391898437505	56.00004	1	0	0	0	0
2024-12-11 22:29:30	14.565743614285715	56.08121142857143	56.00004	1	0	0	0	0
2024-12-11 22:29:40	14.556776516666668	56.07316086666667	56.00004	1	0	0	0	0
2024-12-11 22:29:50	14.542394609433961	56.09711037735849	56.00004	1	0	0	0	0
2024-12-11 22:30:00	14.494273458333334	56.240428650000005	56.00004	1	0	0	0	0
2024-12-11 22:30:10	14.572197899999999	55.850686100000004	56.00004	1	0	0	0	0
2024-12-11 22:30:20	14.590741133333333	55.84741795652174	56.00004	1	0	0	0	0
2024-12-11 22:30:30	14.611268647540983	55.85392923442623	56.00004	1	0	0	0	0
2024-12-11 22:30:40	14.616166228571428	55.91114	56.00004	1	0	0	0	0
2024-12-11 22:30:50	14.655073273469387	55.74754217959184	56.00004	1	0	0	0	0
2024-12-11 22:31:00	14.689277255102041	55.70193244897959	56.00004	1	0	0	0	0
2024-12-11 22:31:10	14.68714446	55.81673	56.00004	1	0	0	0	0
2024-12-11 22:31:20	14.695296866666666	55.83253643333333	56.00004	1	0	0	0	0
2024-12-11 22:31:30	14.680183375	55.922924124999994	56.00004	1	0	0	0	0
2024-12-11 22:31:40	14.70011088	55.8963543	56.00004	1	0	0	0	0
2024-12-11 22:31:50	14.653901756603775	56.10811480188679	56.00004	1	0	0	0	0
2024-12-11 22:32:00	14.661761828358209	56.042076619402984	56.00004	1	0	0	0	0
2024-12-11 22:32:10	14.710415401785715	55.82497129464286	56.00004	1	0	0	0	0
2024-12-11 22:32:20	14.69893893258427	55.93984011235955	56.00004	1	0	0	0	0
2024-12-11 22:32:30	14.686816711392405	56.007256848101264	56.00004	1	0	0	0	0
2024-12-11 22:32:40	14.716929028000001	55.9319988	56.00004	1	0	0	0	0
2024-12-11 22:32:50	14.719325857142858	55.92642994285715	56.00004	1	0	0	0	0
2024-12-11 22:33:00	14.70113345	56.019053	56.00004	1	0	0	0	0
2024-12-11 22:33:10	14.710866486440677	55.969840855932205	56.00004	1	0	0	0	0
2024-12-11 22:33:20	14.710957490140846	55.98289494507042	56.00004	1	0	0	0	0
2024-12-11 22:33:30	14.697980147826087	56.04539391884058	56.00004	1	0	0	0	0
2024-12-11 22:33:40	14.716211666666666	55.957993592592594	56.00004	1	0	0	0	0
2024-12-11 22:33:50	14.701043366666667	56.05807178333333	56.00004	1	0	0	0	0
2024-12-11 22:34:00	14.67331324	56.16879085	56.00004	1	0	0	0	0
2024-12-11 22:34:10	14.716524365306121	55.954099453061225	56.00004	1	0	0	0	0
2024-12-11 22:34:20	14.706719	55.96189206818182	56.00004	1	0	0	0	0
2024-12-11 22:34:30	14.69051620140845	56.028800780281685	56.00004	1	0	0	0	0
2024-12-11 22:34:40	14.6682019	56.12899975	56.00004	1	0	0	0	0
2024-12-11 22:34:50	14.668184123076923	56.092783869230765	56.00004	1	0	0	0	0
2024-12-11 22:35:00	14.677906156410257	56.02945115384615	56.00004	1	0	0	0	0
2024-12-11 22:35:10	14.720458829411765	55.81355823529412	56.00004	1	0	0	0	0
2024-12-11 22:35:20	14.73152181147541	55.80676409836065	56.00004	1	0	0	0	0
2024-12-11 22:35:30	14.742626005714285	55.82348377142857	56.00004	1	0	0	0	0
2024-12-11 22:35:40	14.72297364	55.9984	56.00004	1	0	0	0	0
2024-12-11 22:35:50	14.737396207692308	55.95337897307692	56.00004	1	0	0	0	0
2024-12-11 22:36:00	14.74907815882353	55.92571916862745	56.00004	1	0	0	0	0
2024-12-11 22:36:10	14.706799386792452	56.13701096981132	56.00004	1	0	0	0	0
2024-12-11 22:36:20	14.735102244262293	55.9413493852459	56.00004	1	0	0	0	0
2024-12-11 22:36:30	14.784253153164558	55.7129526113924	56.00004	1	0	0	0	0
2024-12-11 22:36:40	14.778908642857143	55.81534104285714	56.00004	1	0	0	0	0
2024-12-11 22:36:50	14.743396208333333	56.0007887	56.00004	1	0	0	0	0
2024-12-11 22:37:00	14.727543292156863	56.0625900627451	56.00004	1	0	0	0	0
2024-12-11 22:37:10	14.72259388	56.060585780000004	56.00004	1	0	0	0	0
2024-12-11 22:37:20	14.715751107142857	56.06317408571429	56.00004	1	0	0	0	0
2024-12-11 22:37:30	14.744095883098591	55.91690996619718	56.00004	1	0	0	0	0
2024-12-11 22:37:40	14.759410878571428	55.89402170714286	56.00004	1	0	0	0	0
2024-12-11 22:37:50	14.778710087323944	55.84238056338028	56.00004	1	0	0	0	0
2024-12-11 22:38:00	14.770302370588235	55.91148815882353	56.00004	1	0	0	0	0
2024-12-11 22:38:10	14.77289913	55.92648617	56.00004	1	0	0	0	0
2024-12-11 22:38:20	14.727672199999999	56.160815035999995	56.00004	1	0	0	0	0
2024-12-11 22:38:30	14.688854267605633	56.26408917605634	56.00004	1	0	0	0	0
2024-12-11 22:38:40	14.661756	56.30477552	56.00004	1	0	0	0	0
2024-12-11 22:38:50	14.701812547540984	56.07730704918033	56.00004	1	0	0	0	0
2024-12-11 22:39:00	14.70149122857143	56.05129517142857	56.00004	1	0	0	0	0
2024-12-11 22:39:10	14.695656053658537	56.035170380487806	56.00004	1	0	0	0	0
2024-12-11 22:39:20	14.696432504347825	55.989158913043475	56.00004	1	0	0	0	0
2024-12-11 22:39:30	14.734523133333333	55.833855666666665	56.00004	1	0	0	0	0
2024-12-11 22:39:40	14.687700450000001	56.06544080833333	56.00004	1	0	0	0	0
2024-12-11 22:39:50	14.69403035	55.98256708571429	56.00004	1	0	0	0	0
2024-12-11 22:40:00	14.706370508474576	55.92081500847458	56.00004	1	0	0	0	0
2024-12-11 22:40:10	14.644170200000001	56.237369912	56.00004	1	0	0	0	0
2024-12-11 22:40:20	14.7120012	55.892100701694915	56.00004	1	0	0	0	0
2024-12-11 22:40:30	14.671541173239437	56.13177309859155	56.00004	1	0	0	0	0
2024-12-11 22:40:40	14.660127659999999	56.20070024	56.00004	1	0	0	0	0
2024-12-11 22:40:50	14.68972571908397	56.03545763053435	56.00004	1	0	0	0	0
2024-12-11 22:41:00	14.686409107246376	56.07242656231884	56.00004	1	0	0	0	0
2024-12-11 22:41:10	14.68775286	56.04930067	56.00004	1	0	0	0	0
2024-12-11 22:41:20	14.6957986	56.00482231	56.00004	1	0	0	0	0
2024-12-11 22:41:30	14.691105892592592	56.025421932098766	56.00004	1	0	0	0	0
2024-12-11 22:41:40	14.691105892592592	56.025421932098766	56.00004	1	0	0	0	0
2024-12-11 22:41:50	14.703293133333332	55.96987051666666	56.00004	1	0	0	0	0
2024-12-11 22:42:00	14.70304005	55.999663475	56.00004	1	0	0	0	0
2024-12-11 22:42:10	14.70304005	55.999663475	56.00004	1	0	0	0	0
2024-12-11 22:42:20	14.664798571428571	56.1552942	56.00004	1	0	0	0	0
2024-12-11 22:42:30	14.68415859375	56.04242516875	56.00004	1	0	0	0	0
2024-12-11 22:42:40	14.669421742857143	56.106761154285714	56.00004	1	0	0	0	0
2024-12-11 22:42:50	14.691503813725491	56.01811925098039	56.00004	1	0	0	0	0
2024-12-11 22:43:00	14.743611231428572	55.81772508	56.00004	1	0	0	0	0
2024-12-11 22:43:10	14.756613603703704	55.82806835185185	56.00004	1	0	0	0	0
2024-12-11 22:43:20	14.724381285714285	56.034366285714285	56.00004	1	0	0	0	0
2024-12-11 22:43:30	14.72612342	55.99692804	56.00004	1	0	0	0	0
2024-12-11 22:43:40	14.74798992881356	55.87896131525424	56.00004	1	0	0	0	0
2024-12-11 22:43:50	14.70005276	56.11104103	56.00004	1	0	0	0	0
2024-12-11 22:44:00	14.658256037500001	56.23248340625	56.00004	1	0	0	0	0
2024-12-11 22:44:10	14.660053889855073	56.12797854782609	56.00004	1	0	0	0	0
2024-12-11 22:44:20	14.673618264285714	56.022628235714286	56.00004	1	0	0	0	0
2024-12-11 22:44:30	14.678462498360656	56.035765626229505	56.00004	1	0	0	0	0
2024-12-11 22:44:40	14.720244064516129	55.87522060645161	56.00004	1	0	0	0	0
2024-12-11 22:44:50	14.704397244897958	56.0335293877551	56.00004	1	0	0	0	0
2024-12-11 22:45:00	14.718941872463768	55.98165358260869	56.00004	1	0	0	0	0
2024-12-11 22:45:10	14.73213745	55.929677500000004	56.00004	1	0	0	0	0
2024-12-11 22:45:20	14.785426369565217	55.72220902463768	56.00004	1	0	0	0	0
2024-12-11 22:45:30	14.73706743442623	55.968889670491805	56.00004	1	0	0	0	0
2024-12-11 22:45:40	14.6839883	56.20456795	56.00004	1	0	0	0	0
2024-12-11 22:45:50	14.6819816625	56.1705	56.00004	1	0	0	0	0
2024-12-11 22:46:00	14.73292181971831	55.972815654929576	56.00004	1	0	0	0	0
2024-12-11 22:46:10	14.755026008988764	55.920802988764045	56.00004	1	0	0	0	0
2024-12-11 22:46:20	14.780922818644067	55.834457315254234	56.00004	1	0	0	0	0
2024-12-11 22:46:30	14.763524808196722	55.92790721311476	56.00004	1	0	0	0	0
2024-12-11 22:46:40	14.778561741666667	55.881014825	56.00004	1	0	0	0	0
2024-12-11 22:46:50	14.766962507317073	55.95962476585366	56.00004	1	0	0	0	0
2024-12-11 22:47:00	14.749832385897436	56.03899414102564	56.00004	1	0	0	0	0
2024-12-11 22:47:10	14.74834105	56.00514519285714	56.00004	1	0	0	0	0
2024-12-11 22:47:20	14.794925807843137	55.7883725	56.00004	1	0	0	0	0
2024-12-11 22:47:30	14.734687972151898	56.09933210759494	56.00004	1	0	0	0	0
2024-12-11 22:47:40	14.792071185714287	55.835618571428576	56.00004	1	0	0	0	0
2024-12-11 22:47:50	14.779936859322033	55.9415863220339	56.00004	1	0	0	0	0
2024-12-11 22:48:00	14.790563774285713	55.941358699999995	56.00004	1	0	0	0	0
2024-12-11 22:48:10	14.795289820689655	55.938908220689655	56.00004	1	0	0	0	0
2024-12-11 22:48:20	14.803457048571428	55.93585419714286	56.00004	1	0	0	0	0
2024-12-11 22:48:30	14.771245876470587	56.08723117647059	56.00004	1	0	0	0	0
2024-12-11 22:48:40	14.727658864285715	56.254427778571426	56.00004	1	0	0	0	0
2024-12-11 22:48:50	14.73448376	56.15198058	56.00004	1	0	0	0	0
2024-12-11 22:49:00	14.73366525	56.13464125	56.00004	1	0	0	0	0
2024-12-11 22:49:10	14.735881541666666	56.092725525	56.00004	1	0	0	0	0
2024-12-11 22:49:20	14.7548660625	55.98541838125	56.00004	1	0	0	0	0
2024-12-11 22:49:30	14.801590707142857	55.79040677857142	56.00004	1	0	0	0	0
2024-12-11 22:49:40	14.822347175	55.744311249999996	56.00004	1	0	0	0	0
2024-12-11 22:49:50	14.848214071428572	55.73129043877551	56.00004	1	0	0	0	0
2024-12-11 22:50:00	14.802968583333334	55.99553908888889	56.00004	1	0	0	0	0
2024-12-11 22:50:10	14.809081564285714	55.945974	56.00004	1	0	0	0	0
2024-12-11 22:50:20	14.8261671	55.92110992142857	56.00004	1	0	0	0	0
2024-12-11 22:50:30	14.769408589830508	56.204707827118646	56.00004	1	0	0	0	0
2024-12-11 22:50:40	14.773462926666667	56.12410166666667	56.00004	1	0	0	0	0
2024-12-11 22:50:50	14.737677863414634	56.22217317073171	56.00004	1	0	0	0	0
2024-12-11 22:51:00	14.78495912	55.96041372	56.00004	1	0	0	0	0
2024-12-11 22:51:10	14.749737862318842	56.13247543478261	56.00004	1	0	0	0	0
2024-12-11 22:51:20	14.7539485	56.07415975409836	56.00004	1	0	0	0	0
2024-12-11 22:51:30	14.789043927450981	55.90318598039216	56.00004	1	0	0	0	0
2024-12-11 22:51:40	14.81065735882353	55.822208801960784	56.00004	1	0	0	0	0
2024-12-11 22:51:50	14.807270186956522	55.84995003043478	56.00004	1	0	0	0	0
2024-12-11 22:52:00	14.738769395121952	56.17622757317073	56.00004	1	0	0	0	0
2024-12-11 22:52:10	14.831031692957747	55.74100309859155	56.00004	1	0	0	0	0
2024-12-11 22:52:20	14.8046496	55.9955225	56.00004	1	0	0	0	0
2024-12-11 22:52:30	14.7772884	56.113095683333334	56.00004	1	0	0	0	0
2024-12-11 22:52:40	14.811253314285715	55.94201516428571	56.00004	1	0	0	0	0
2024-12-11 22:52:50	14.760461191836734	56.13494429795919	56.00004	1	0	0	0	0
2024-12-11 22:53:00	14.792240860416666	55.954987422916666	56.00004	1	0	0	0	0
2024-12-11 22:53:10	14.726412664285714	56.22171592857143	56.00004	1	0	0	0	0
2024-12-11 22:53:20	14.7456591925	56.04067775	56.00004	1	0	0	0	0
2024-12-11 22:53:30	14.717230342857142	56.13630514285714	56.00004	1	0	0	0	0
2024-12-11 22:53:40	14.714471278571429	56.12706373571429	56.00004	1	0	0	0	0
2024-12-11 22:53:50	14.707456575	56.148421375	56.00004	1	0	0	0	0
2024-12-11 22:54:00	14.765614764705882	55.86286164117647	56.00004	1	0	0	0	0
2024-12-11 22:54:10	14.754782223728814	55.955996827118646	56.00004	1	0	0	0	0
2024-12-11 22:54:20	14.765133509859155	55.962467070422534	56.00004	1	0	0	0	0
2024-12-11 22:54:30	14.75876154375	56.009272125	56.00004	1	0	0	0	0
2024-12-11 22:54:40	14.736119311475411	56.12604497704918	56.00004	1	0	0	0	0
2024-12-11 22:54:50	14.7464325	56.026711652173915	56.00004	1	0	0	0	0
2024-12-11 22:55:00	14.75486312857143	55.97853804047619	56.00004	1	0	0	0	0
2024-12-11 22:55:10	14.729568815686275	56.08872219607843	56.00004	1	0	0	0	0
2024-12-11 22:55:20	14.727429031428573	56.06860522	56.00004	1	0	0	0	0
2024-12-11 22:55:30	14.745458300000001	55.990437388888886	56.00004	1	0	0	0	0
2024-12-11 22:55:40	14.7875279	55.81105398571429	56.00004	1	0	0	0	0
2024-12-11 22:55:50	14.80954608	55.75883051	56.00004	1	0	0	0	0
2024-12-11 22:56:00	14.774902533333334	55.997012222222224	56.00004	1	0	0	0	0
2024-12-11 22:56:10	14.789247134328358	55.934248059701495	56.00004	1	0	0	0	0
2024-12-11 22:56:20	14.756826715625	56.078366196875	56.00004	1	0	0	0	0
2024-12-11 22:56:30	14.7777479375	55.977092212500004	56.00004	1	0	0	0	0
2024-12-11 22:56:40	14.7588676171875	56.056805390625	56.00004	1	0	0	0	0
2024-12-11 22:56:50	14.793581061538461	55.861485621538456	56.00004	1	0	0	0	0
2024-12-11 22:57:00	14.854631960416667	55.63850791666667	56.00004	1	0	0	0	0
2024-12-11 22:57:10	14.80512955	55.96772573	56.00004	1	0	0	0	0
2024-12-11 22:57:20	14.726309183333333	56.30475714166667	56.00004	1	0	0	0	0
2024-12-11 22:57:30	14.75811947746479	56.07329409859155	56.00004	1	0	0	0	0
2024-12-11 22:57:40	14.761985044927536	56.05137670289855	56.00004	1	0	0	0	0
2024-12-11 22:57:50	14.720785529629628	56.229304722222224	56.00004	1	0	0	0	0
2024-12-11 22:58:00	14.710553233333334	56.196520166666666	56.00004	1	0	0	0	0
2024-12-11 22:58:10	14.65628992	56.3903133	56.00004	1	0	0	0	0
2024-12-11 22:58:20	14.658038374509804	56.303976894117646	56.00004	1	0	0	0	0
2024-12-11 22:58:30	14.664037097727272	56.167750681818184	56.00004	1	0	0	0	0
2024-12-11 22:58:40	14.666549819718309	56.093830140845064	56.00004	1	0	0	0	0
2024-12-11 22:58:50	14.650443049019607	56.13532915294118	56.00004	1	0	0	0	0
2024-12-11 22:59:00	14.6379475245283	56.145748773584906	56.00004	1	0	0	0	0
2024-12-11 22:59:10	14.654052727272727	55.999689571428576	56.00004	1	0	0	0	0
2024-12-11 22:59:20	14.625664805714287	56.091947874285715	56.00004	1	0	0	0	0
2024-12-11 22:59:30	14.628472985507246	56.03071651304348	56.00004	1	0	0	0	0
2024-12-11 22:59:40	14.577596997183099	56.22309605633803	56.00004	1	0	0	0	0
2024-12-11 22:59:50	14.57995014269663	56.12291325842697	56.00004	1	0	0	0	0
2024-12-11 23:00:00	14.583559207692309	56.020445	56.00004	1	0	0	0	0
2024-12-11 23:00:10	14.5586484	56.100635	56.00004	1	0	0	0	0
2024-12-11 23:00:20	14.582862390566037	55.968175213207545	56.00004	1	0	0	0	0
2024-12-11 23:00:30	14.548848967213114	56.096043114754096	56.00004	1	0	0	0	0
2024-12-11 23:00:40	14.56567632658228	55.970324683544305	56.00004	1	0	0	0	0
2024-12-11 23:00:50	14.631986712244897	55.67238569387755	56.00004	1	0	0	0	0
2024-12-11 23:01:00	14.551653575	56.072885	56.00004	1	0	0	0	0
2024-12-11 23:01:10	14.576420284615384	55.93955507692308	56.00004	1	0	0	0	0
2024-12-11 23:01:20	14.549837504166666	56.08146372916667	56.00004	1	0	0	0	0
2024-12-11 23:01:30	14.55940428169014	56.02916917464788	56.00004	1	0	0	0	0
2024-12-11 23:01:40	14.581500294285714	55.931090954285715	56.00004	1	0	0	0	0
2024-12-11 23:01:50	14.63208673	55.75088897	56.00004	1	0	0	0	0
2024-12-11 23:02:00	14.605112891666668	55.94775190833334	56.00004	1	0	0	0	0
2024-12-11 23:02:10	14.593573457142858	56.01915412142857	56.00004	1	0	0	0	0
2024-12-11 23:02:20	14.561138303921568	56.17087142156863	56.00004	1	0	0	0	0
2024-12-11 23:02:30	14.577736441666666	56.06637771666667	56.00004	1	0	0	0	0
2024-12-11 23:02:40	14.580012160759493	56.065379873417726	56.00004	1	0	0	0	0
2024-12-11 23:02:50	14.56826435423729	56.10335846271186	56.00004	1	0	0	0	0
2024-12-11 23:03:00	14.56733703442623	56.098681277049174	56.00004	1	0	0	0	0
2024-12-11 23:03:10	14.588315790243902	55.962721646341464	56.00004	1	0	0	0	0
2024-12-11 23:03:20	14.6218696	55.8324604	56.00004	1	0	0	0	0
2024-12-11 23:03:30	14.616719346153847	55.896552894871796	56.00004	1	0	0	0	0
2024-12-11 23:03:40	14.590271005	56.0488955	56.00004	1	0	0	0	0
2024-12-11 23:03:50	14.70445754590164	55.5119024	56.00004	1	0	0	0	0
2024-12-11 23:04:00	14.649413160273973	55.871592109589045	56.00004	1	0	0	0	0
2024-12-11 23:04:10	14.647999052238806	55.956569402985075	56.00004	1	0	0	0	0
2024-12-11 23:04:20	14.635808803921568	56.02232333333333	56.00004	1	0	0	0	0
2024-12-11 23:04:30	14.637570907999999	56.026071156	56.00004	1	0	0	0	0
2024-12-11 23:04:40	14.672694290163935	55.87575370983606	56.00004	1	0	0	0	0
2024-12-11 23:04:50	14.612293424489796	56.14491115102041	56.00004	1	0	0	0	0
2024-12-11 23:05:00	14.631837083333332	56.034557041666666	56.00004	1	0	0	0	0
2024-12-11 23:05:10	14.6120664	56.114268457142856	56.00004	1	0	0	0	0
2024-12-11 23:05:20	14.625589135593222	56.03381542372881	56.00004	1	0	0	0	0
2024-12-11 23:05:30	14.657207760869564	55.870226231884054	56.00004	1	0	0	0	0
2024-12-11 23:05:40	14.618302825	56.0840283	56.00004	1	0	0	0	0
2024-12-11 23:05:50	14.610245394444444	56.12105493333333	56.00004	1	0	0	0	0
2024-12-11 23:06:00	14.687185860759493	55.8133776670886	56.00004	1	0	0	0	0
2024-12-11 23:06:10	14.683225309859155	55.91376631690141	56.00004	1	0	0	0	0
2024-12-11 23:06:20	14.713714661702127	55.80868787234043	56.00004	1	0	0	0	0
2024-12-11 23:06:30	14.706752870731707	55.891753753658534	56.00004	1	0	0	0	0
2024-12-11 23:06:40	14.712277714492753	55.96586734927536	56.00004	1	0	0	0	0
2024-12-11 23:06:50	14.725132891666666	55.98789565	56.00004	1	0	0	0	0
2024-12-11 23:07:00	14.70787025	56.0478418	56.00004	1	0	0	0	0
2024-12-11 23:07:10	14.739660898550724	55.83321165797101	56.00004	1	0	0	0	0
2024-12-11 23:07:20	14.68255366	56.161536000000005	56.00004	1	0	0	0	0
2024-12-11 23:07:30	14.701989128	56.07271184	56.00004	1	0	0	0	0
2024-12-11 23:07:40	14.714129499999999	56.01176933114754	56.00004	1	0	0	0	0
2024-12-11 23:07:50	14.7168627278481	55.98485973164557	56.00004	1	0	0	0	0
2024-12-11 23:08:00	14.72344065625	55.94113493125	56.00004	1	0	0	0	0
2024-12-11 23:08:10	14.72883690677966	55.94031992542373	56.00004	1	0	0	0	0
2024-12-11 23:08:20	14.752634857142857	55.86855922857143	56.00004	1	0	0	0	0
2024-12-11 23:08:30	14.728729204225353	56.04154894084507	56.00004	1	0	0	0	0
2024-12-11 23:08:40	14.7784675	55.80827	56.00004	1	0	0	0	0
2024-12-11 23:08:50	14.742537800000001	56.029909149999995	56.00004	1	0	0	0	0
2024-12-11 23:09:00	14.76072857142857	55.92214225714286	56.00004	1	0	0	0	0
2024-12-11 23:09:10	14.74514625	55.993664	56.00004	1	0	0	0	0
2024-12-11 23:09:20	14.742370779591836	56.02844057959184	56.00004	1	0	0	0	0
2024-12-11 23:09:30	14.734898109859156	56.04015288732394	56.00004	1	0	0	0	0
2024-12-11 23:09:40	14.69933344	56.192958	56.00004	1	0	0	0	0
2024-12-11 23:09:50	14.71919831147541	56.05852180327869	56.00004	1	0	0	0	0
2024-12-11 23:10:00	14.709233066666666	56.1125665	56.00004	1	0	0	0	0
2024-12-11 23:10:10	14.753696608695654	55.93390133043478	56.00004	1	0	0	0	0
2024-12-11 23:10:20	14.756038521568628	55.96146490196078	56.00004	1	0	0	0	0
2024-12-11 23:10:30	14.763231553846154	55.95910393846154	56.00004	1	0	0	0	0
2024-12-11 23:10:40	14.773509018032787	55.97452256557377	56.00004	1	0	0	0	0
2024-12-11 23:10:50	14.729419087804878	56.18527076585366	56.00004	1	0	0	0	0
2024-12-11 23:11:00	14.86088486875	55.60130120625	56.00004	1	0	0	0	0
2024-12-11 23:11:10	14.821073692857142	55.88662549285714	56.00004	1	0	0	0	0
2024-12-11 23:11:20	14.8204403	55.917045609999995	56.00004	1	0	0	0	0
2024-12-11 23:11:30	14.814994037704917	55.96201819672132	56.00004	1	0	0	0	0
2024-12-11 23:11:40	14.845714369565219	55.86587057826087	56.00004	1	0	0	0	0
2024-12-11 23:11:50	14.82681178	56.00306704	56.00004	1	0	0	0	0
2024-12-11 23:12:00	14.854414449999998	55.89953545625	56.00004	1	0	0	0	0
2024-12-11 23:12:10	14.857034327118644	55.94119132542373	56.00004	1	0	0	0	0
2024-12-11 23:12:20	14.802424085714286	56.195078342857144	56.00004	1	0	0	0	0
2024-12-11 23:12:30	14.837713612765958	55.999600308510644	56.00004	1	0	0	0	0
2024-12-11 23:12:40	14.781218414285714	56.19054873571429	56.00004	1	0	0	0	0
2024-12-11 23:12:50	14.791890133333334	56.059704075	56.00004	1	0	0	0	0
2024-12-11 23:13:00	14.778898449152543	56.12204449152542	56.00004	1	0	0	0	0
2024-12-11 23:13:10	14.808436875	55.94585555	56.00004	1	0	0	0	0
2024-12-11 23:13:20	14.820337989855073	55.89203878695652	56.00004	1	0	0	0	0
2024-12-11 23:13:30	14.821123459322033	55.93023583898305	56.00004	1	0	0	0	0
2024-12-11 23:13:40	14.832939688	55.872504576000004	56.00004	1	0	0	0	0
2024-12-11 23:13:50	14.771733991666666	56.14881960833333	56.00004	1	0	0	0	0
2024-12-11 23:14:00	14.770954378571428	56.117295	56.00004	1	0	0	0	0
2024-12-11 23:14:10	14.791836910126582	55.98617518987342	56.00004	1	0	0	0	0
2024-12-11 23:14:20	14.72859827303371	56.27624376629214	56.00004	1	0	0	0	0
2024-12-11 23:14:30	14.746573170588235	56.13621723921569	56.00004	1	0	0	0	0
2024-12-11 23:14:40	14.755658088235295	56.02682272941177	56.00004	1	0	0	0	0
2024-12-11 23:14:50	14.724043531707316	56.11239035365853	56.00004	1	0	0	0	0
2024-12-11 23:15:00	14.698746224390243	56.14909852195122	56.00004	1	0	0	0	0
2024-12-11 23:15:10	14.705890855670104	56.071568086597935	56.00004	1	0	0	0	0
2024-12-11 23:15:20	14.71098347752809	56.04134738988764	56.00004	1	0	0	0	0
2024-12-11 23:15:30	14.722809736	55.953450324	56.00004	1	0	0	0	0
2024-12-11 23:15:40	14.731073301960784	55.93451615882353	56.00004	1	0	0	0	0
2024-12-11 23:15:50	14.73095612	55.98917889	56.00004	1	0	0	0	0
2024-12-11 23:16:00	14.686238485714284	56.2387322	56.00004	1	0	0	0	0
2024-12-11 23:16:10	14.714861425	56.00986131875	56.00004	1	0	0	0	0
2024-12-11 23:16:20	14.70125719382716	56.083533320987655	56.00004	1	0	0	0	0
2024-12-11 23:16:30	14.685169582051282	56.12855527179487	56.00004	1	0	0	0	0
2024-12-11 23:16:40	14.665399359016394	56.15037278688525	56.00004	1	0	0	0	0
2024-12-11 23:16:50	14.638189842857143	56.23336714285715	56.00004	1	0	0	0	0
2024-12-11 23:17:00	14.648563260000001	56.107319430000004	56.00004	1	0	0	0	0
2024-12-11 23:17:10	14.627869026086957	56.16719220869565	56.00004	1	0	0	0	0
2024-12-11 23:17:20	14.580647215189874	56.27736108227848	56.00004	1	0	0	0	0
2024-12-11 23:17:30	14.66710213114754	55.80238645409836	56.00004	1	0	0	0	0
2024-12-11 23:17:40	14.678888121739131	55.83948217391304	56.00004	1	0	0	0	0
2024-12-11 23:17:50	14.688919053333333	55.866957963333334	56.00004	1	0	0	0	0
2024-12-11 23:18:00	14.662134929411765	56.04189971176471	56.00004	1	0	0	0	0
2024-12-11 23:18:10	14.639536917391306	56.132292982608696	56.00004	1	0	0	0	0
2024-12-11 23:18:20	14.665852034285713	55.947937505714286	56.00004	1	0	0	0	0
2024-12-11 23:18:30	14.682650102222222	55.85098703333333	56.00004	1	0	0	0	0
2024-12-11 23:18:40	14.631186209836065	56.10550198360656	56.00004	1	0	0	0	0
2024-12-11 23:18:50	14.64219888367347	56.004308526530615	56.00004	1	0	0	0	0
2024-12-11 23:19:00	14.64922710952381	55.96192442857143	56.00004	1	0	0	0	0
2024-12-11 23:19:10	14.644353258823529	56.03352245098039	56.00004	1	0	0	0	0
2024-12-11 23:19:20	14.62039395	56.12193317857143	56.00004	1	0	0	0	0
2024-12-11 23:19:30	14.657527782857143	55.943258834285714	56.00004	1	0	0	0	0
2024-12-11 23:19:40	14.625323950819674	56.08647102622951	56.00004	1	0	0	0	0
2024-12-11 23:19:50	14.62849272	56.06499233	56.00004	1	0	0	0	0
2024-12-11 23:20:00	14.614992267924528	56.103458996226415	56.00004	1	0	0	0	0
2024-12-11 23:20:10	14.59763772238806	56.151517522388055	56.00004	1	0	0	0	0
2024-12-11 23:20:20	14.62173148125	55.99864459375	56.00004	1	0	0	0	0
2024-12-11 23:20:30	14.62588007142857	55.96554211428572	56.00004	1	0	0	0	0
2024-12-11 23:20:40	14.637315475409835	55.91398046065574	56.00004	1	0	0	0	0
2024-12-11 23:20:50	14.649715813559322	55.89360971016949	56.00004	1	0	0	0	0
2024-12-11 23:21:00	14.64602443	55.96416853	56.00004	1	0	0	0	0
2024-12-11 23:21:10	14.632146875	56.03527065	56.00004	1	0	0	0	0
2024-12-11 23:21:20	14.596414508	56.199683156	56.00004	1	0	0	0	0
2024-12-11 23:21:30	14.621635	56.02442666666667	56.00004	1	0	0	0	0
2024-12-11 23:21:40	14.59415345	56.170908675	56.00004	1	0	0	0	0
2024-12-11 23:21:50	14.6219964	56.039828879999995	56.00004	1	0	0	0	0
2024-12-11 23:22:00	14.60383601923077	56.06783883846154	56.00004	1	0	0	0	0
2024-12-11 23:22:10	14.584123503333332	56.08152808	56.00004	1	0	0	0	0
2024-12-11 23:22:20	14.616260050000001	55.91662218333333	56.00004	1	0	0	0	0
2024-12-11 23:22:30	14.586259721518987	56.060349587341776	56.00004	1	0	0	0	0
2024-12-11 23:22:40	14.683703211111112	55.87154333333333	57.0000229	1	0	0	0	0
2024-12-11 23:22:50	14.790915850000001	55.864483925	57.0000229	1	0	0	0	0
2024-12-11 23:23:00	14.862634589999999	56.02599504	57.0000229	1	0	0	0	0
2024-12-11 23:23:10	14.966568800000001	55.97435125	57.0000229	1	0	0	0	0
2024-12-11 23:23:20	14.968531712962962	56.35058018518519	57.0000229	1	0	0	0	0
2024-12-11 23:23:30	14.98919808358209	56.523661856716416	57.0000229	1	0	0	0	0
2024-12-11 23:23:40	15.063960228571428	56.40958655428572	57.0000229	1	0	0	0	0
2024-12-11 23:23:50	15.041789712676056	56.740012345070426	57.0000229	1	0	0	0	0
2024-12-11 23:24:00	15.101201549999999	56.590890900000005	57.0000229	1	0	0	0	0
2024-12-11 23:24:10	15.134363581012659	56.60147567721519	57.0000229	1	0	0	0	0
2024-12-11 23:24:20	15.14769655	56.717109	57.0000229	1	0	0	0	0
2024-12-11 23:24:30	15.261485140677967	56.48560490508475	58.0000076	1	0	0	0	0
2024-12-11 23:24:40	15.2929626	56.963370582857145	58.0000076	1	0	0	0	0
2024-12-11 23:24:50	15.377384353061224	57.01317116734694	58.0000076	1	0	0	0	0
2024-12-11 23:25:00	15.49303562	56.93763572	58.0000076	1	0	0	0	0
2024-12-11 23:25:10	15.526807846835442	57.21407119746835	58.0000076	1	0	0	0	0
2024-12-11 23:25:20	15.56353873	57.36278607	58.0000076	1	0	0	0	0
2024-12-11 23:25:30	15.644483053333333	57.29484133333333	58.0000076	1	0	0	0	0
2024-12-11 23:25:40	15.649291443661971	57.60159549295774	58.0000076	1	0	0	0	0
2024-12-11 23:25:50	15.730018916949152	57.407785822033894	58.0000076	1	0	0	0	0
2024-12-11 23:26:00	15.769851376056337	57.457290387323944	58.0000076	1	0	0	0	0
2024-12-11 23:26:10	15.74610192	57.763643	58.0000076	1	0	0	0	0
2024-12-11 23:26:20	15.78502172881356	57.69243294067796	58.0000076	1	0	0	0	0
2024-12-11 23:26:30	15.815453766666666	57.70385116	58.0000076	1	0	0	0	0
2024-12-11 23:26:40	15.835358954838709	57.75134204193548	58.0000076	1	0	0	0	0
2024-12-11 23:26:50	15.87321338	57.6782043	58.0000076	1	0	0	0	0
2024-12-11 23:27:00	15.934028682608696	57.58554188550725	58.0000076	1	0	0	0	0
2024-12-11 23:27:10	15.95345669	57.65418585	58.0000076	1	0	0	0	0
2024-12-11 23:27:20	15.887483491304348	58.10471776376812	58.0000076	1	0	0	0	0
2024-12-11 23:27:30	15.916657191666665	57.970088249999996	58.0000076	1	0	0	0	0
2024-12-11 23:27:40	15.973065142857143	57.770483871428574	58.0000076	1	0	0	0	0
2024-12-11 23:27:50	15.992783307142856	57.804852357142856	58.0000076	1	0	0	0	0
2024-12-11 23:28:00	15.929388530985916	58.13971012535211	58.0000076	1	0	0	0	0
2024-12-11 23:28:10	15.890885301449275	58.26138595072464	58.0000076	1	0	0	0	0
2024-12-11 23:28:20	15.939365004878049	57.98975776585366	58.0000076	1	0	0	0	0
2024-12-11 23:28:30	15.894050033333334	58.14501725490196	58.0000076	1	0	0	0	0
2024-12-11 23:28:40	15.900271826086955	58.092307891304344	58.0000076	1	0	0	0	0
2024-12-11 23:28:50	15.863190015686275	58.210682774509806	58.0000076	1	0	0	0	0
2024-12-11 23:29:00	15.917253405714286	57.925414554285716	58.0000076	1	0	0	0	0
2024-12-11 23:29:10	15.932459525925927	57.9133037962963	58.0000076	1	0	0	0	0
2024-12-11 23:29:20	15.967622628571428	57.81001464285714	58.0000076	1	0	0	0	0
2024-12-11 23:29:30	15.98633262	57.791226529999996	58.0000076	1	0	0	0	0
2024-12-11 23:29:40	15.982910996610169	57.906734966101695	58.0000076	1	0	0	0	0
2024-12-11 23:29:50	15.941639310000001	58.079250710000004	58.0000076	1	0	0	0	0
2024-12-11 23:30:00	15.94398645625	58.027476112500004	58.0000076	1	0	0	0	0
2024-12-11 23:30:10	15.996076411594203	57.81343897246377	58.0000076	1	0	0	0	0
2024-12-11 23:30:20	16.004420491304348	57.837822243478264	58.0000076	1	0	0	0	0
2024-12-11 23:30:30	16.05382182903226	57.71807899032258	58.0000076	1	0	0	0	0
2024-12-11 23:30:40	16.05083315737705	57.80734779508197	58.0000076	1	0	0	0	0
2024-12-11 23:30:50	16.01609076122449	58.0346627877551	58.0000076	1	0	0	0	0
2024-12-11 23:31:00	15.998481654285715	58.096341928571434	58.0000076	1	0	0	0	0
2024-12-11 23:31:10	16.016456695	57.9860973	58.0000076	1	0	0	0	0
2024-12-11 23:31:20	16.03067848115942	57.9241960942029	58.0000076	1	0	0	0	0
2024-12-11 23:31:30	15.996880950819671	58.12291036885246	58.0000076	1	0	0	0	0
2024-12-11 23:31:40	15.999581800000001	58.0550537	58.0000076	1	0	0	0	0
2024-12-11 23:31:50	15.973043529113923	58.19344411392405	58.0000076	1	0	0	0	0
2024-12-11 23:32:00	15.977600563380282	58.15383854507042	58.0000076	1	0	0	0	0
2024-12-11 23:32:10	15.980172230337079	58.104989874157305	58.0000076	1	0	0	0	0
2024-12-11 23:32:20	16.02164942033898	57.9038493220339	58.0000076	1	0	0	0	0
2024-12-11 23:32:30	16.050281503225808	57.800575354838706	58.0000076	1	0	0	0	0
2024-12-11 23:32:40	16.04193254237288	57.90699827966102	58.0000076	1	0	0	0	0
2024-12-11 23:32:50	16.11298630487805	57.832155641463416	58.9999924	1	0	0	0	0
2024-12-11 23:33:00	16.181740632467534	58.057712655844156	58.9999924	1	0	0	0	0
2024-12-11 23:33:10	16.285438474647886	57.98253844366197	58.9999924	1	0	0	0	0
2024-12-11 23:33:20	16.331870166666665	58.12821175490196	58.9999924	1	0	0	0	0
2024-12-11 23:33:30	16.28137104375	58.60878125	58.9999924	1	0	0	0	0
2024-12-11 23:33:40	16.338861968292683	58.69398195121951	59.878027746341466	1	0	0	0	0
2024-12-11 23:33:50	16.507928166666666	58.524592	59.9999771	1	0	0	0	0
2024-12-11 23:34:00	16.50936691012658	59.11212224303797	59.9999771	1	0	0	0	0
2024-12-11 23:34:10	16.612235391666665	59.06455489166667	59.9999771	1	0	0	0	0
2024-12-11 23:34:20	16.72954565	58.983331275	59.9999771	1	0	0	0	0
2024-12-11 23:34:30	16.77367193	59.17455484	59.9999771	1	0	0	0	0
2024-12-11 23:34:40	16.8405101942029	59.21425562463768	59.9999771	1	0	0	0	0
2024-12-11 23:34:50	16.82548020487805	59.555151663414634	59.9999771	1	0	0	0	0
2024-12-11 23:35:00	16.94906202352941	59.293764411764705	59.9999771	1	0	0	0	0
2024-12-11 23:35:10	16.93485182	59.617215200000004	59.9999771	1	0	0	0	0
2024-12-11 23:35:20	16.93981974	59.7249294	59.9999771	1	0	0	0	0
2024-12-11 23:35:30	16.95747433	59.75888405	59.9999771	1	0	0	0	0
2024-12-11 23:35:40	17.026879	59.54337916666667	59.9999771	1	0	0	0	0
2024-12-11 23:35:50	16.96588895	59.92118119285715	59.9999771	1	0	0	0	0
2024-12-11 23:36:00	16.968082174285712	59.93010493714286	59.9999771	1	0	0	0	0
2024-12-11 23:36:10	17.030763672839505	59.698849567901235	59.9999771	1	0	0	0	0
2024-12-11 23:36:20	17.067928978481014	59.64809866455696	59.9999771	1	0	0	0	0
2024-12-11 23:36:30	17.091975532786883	59.683917467213114	59.9999771	1	0	0	0	0
2024-12-11 23:36:40	17.085651653846153	59.812658934615385	59.9999771	1	0	0	0	0
2024-12-11 23:36:50	17.076082514285712	59.942450400000006	59.9999771	1	0	0	0	0
2024-12-11 23:37:00	17.104231078571427	59.857168892857146	59.9999771	1	0	0	0	0
2024-12-11 23:37:10	17.043844397183097	60.19019707323944	59.9999771	1	0	0	0	0
2024-12-11 23:37:20	17.071459460869566	60.00104840289855	59.9999771	1	0	0	0	0
2024-12-11 23:37:30	17.104472444444443	59.85561770370371	59.9999771	1	0	0	0	0
2024-12-11 23:37:40	17.0989053372549	59.9274871	59.9999771	1	0	0	0	0
2024-12-11 23:37:50	17.06875071960784	60.08554986666667	59.9999771	1	0	0	0	0
2024-12-11 23:38:00	17.061924458333333	60.0750895	59.9999771	1	0	0	0	0
2024-12-11 23:38:10	17.048942911392405	60.09329425189873	59.9999771	1	0	0	0	0
2024-12-11 23:38:20	17.053840969014086	60.046451990140845	59.9999771	1	0	0	0	0
2024-12-11 23:38:30	17.123530992957747	59.72585789295774	59.9999771	1	0	0	0	0
2024-12-11 23:38:40	17.074035000000002	60.0259616	59.9999771	1	0	0	0	0
2024-12-11 23:38:50	17.109534142857143	59.876203257142855	59.9999771	1	0	0	0	0
2024-12-11 23:39:00	17.10985949	59.92103502	59.9999771	1	0	0	0	0
2024-12-11 23:39:10	17.138756100000002	59.813945895652175	59.9999771	1	0	0	0	0
2024-12-11 23:39:20	17.12012076056338	59.96603087323943	59.9999771	1	0	0	0	0
2024-12-11 23:39:30	17.07845728125	60.13255578125	59.9999771	1	0	0	0	0
2024-12-11 23:39:40	17.051969165217393	60.196181913043475	59.9999771	1	0	0	0	0
2024-12-11 23:39:50	17.080044504918032	59.97794375737705	59.9999771	1	0	0	0	0
2024-12-11 23:40:00	17.127269664150944	59.79086939811321	59.9999771	1	0	0	0	0
2024-12-11 23:40:10	17.06083766393443	60.151877704918036	59.9999771	1	0	0	0	0
2024-12-11 23:40:20	17.0863371	60.012477849999996	59.9999771	1	0	0	0	0
2024-12-11 23:40:30	17.07833734	60.0251465	59.9999771	1	0	0	0	0
2024-12-11 23:40:40	17.08037337704918	60.01527573770492	59.9999771	1	0	0	0	0
2024-12-11 23:40:50	17.066309585714286	60.07466365306123	59.9999771	1	0	0	0	0
2024-12-11 23:41:00	17.027048036585366	60.244556700000004	59.9999771	1	0	0	0	0
2024-12-11 23:41:10	16.986696344	60.365874432	59.9999771	1	0	0	0	0
2024-12-11 23:41:20	17.01166754347826	60.16106776811594	59.9999771	1	0	0	0	0
2024-12-11 23:41:30	17.0106129	60.129590666666665	59.9999771	1	0	0	0	0
2024-12-11 23:41:40	17.007911921428573	60.10438775714286	59.9999771	1	0	0	0	0
2024-12-11 23:41:50	16.998194660000003	60.09388557	59.9999771	1	0	0	0	0
2024-12-11 23:42:00	17.027915126923077	59.93168546153846	59.9999771	1	0	0	0	0
2024-12-11 23:42:10	17.036827478260868	59.93483915652174	59.9999771	1	0	0	0	0
2024-12-11 23:42:20	17.0150664	60.070811351785714	59.9999771	1	0	0	0	0
2024-12-11 23:42:30	17.018156053465344	60.0470644029703	59.9999771	1	0	0	0	0
2024-12-11 23:42:40	17.0262774625	60.011839374999994	59.9999771	1	0	0	0	0
2024-12-11 23:42:50	17.031781440816324	59.955078724489795	59.9999771	1	0	0	0	0
2024-12-11 23:43:00	16.96943575	60.248033533333334	59.9999771	1	0	0	0	0
2024-12-11 23:43:10	16.9535125122449	60.23228720612245	59.9999771	1	0	0	0	0
2024-12-11 23:43:20	16.9491558	60.17955735	59.9999771	1	0	0	0	0
2024-12-11 23:43:30	16.937994879746835	60.185895822784815	59.9999771	1	0	0	0	0
2024-12-11 23:43:40	16.93966009375	60.0769782125	59.9999771	1	0	0	0	0
2024-12-11 23:43:50	16.968973583544305	59.893353529113924	59.9999771	1	0	0	0	0
2024-12-11 23:44:00	17.00764187254902	59.75959975490196	59.9999771	1	0	0	0	0
2024-12-11 23:44:10	16.999386737974685	59.8525796164557	59.9999771	1	0	0	0	0
2024-12-11 23:44:20	16.959581012	60.0412362	59.9999771	1	0	0	0	0
2024-12-11 23:44:30	17.010287169014084	59.810151683098596	59.9999771	1	0	0	0	0
2024-12-11 23:44:40	16.98725215625	59.980662375	59.9999771	1	0	0	0	0
2024-12-11 23:44:50	16.980819247058825	59.99883694901961	59.9999771	1	0	0	0	0
2024-12-11 23:45:00	16.92864831803279	60.19427416885246	59.9999771	1	0	0	0	0
2024-12-11 23:45:10	16.936286425000002	60.06968495	59.9999771	1	0	0	0	0
2024-12-11 23:45:20	16.984738948979594	59.8158991122449	59.9999771	1	0	0	0	0
2024-12-11 23:45:30	16.95835222183908	59.95807992758621	59.9999771	1	0	0	0	0
2024-12-11 23:45:40	16.921829149999997	60.09131825	59.9999771	1	0	0	0	0
2024-12-11 23:45:50	16.933134606666666	60.00687357333333	59.9999771	1	0	0	0	0
2024-12-11 23:46:00	16.92931099215686	60.002649654901965	59.9999771	1	0	0	0	0
2024-12-11 23:46:10	16.919411569620255	60.022629367088605	59.9999771	1	0	0	0	0
2024-12-11 23:46:20	16.92211325	59.96792734	59.9999771	1	0	0	0	0
2024-12-11 23:46:30	16.900747854237288	60.06783177966102	59.9999771	1	0	0	0	0
2024-12-11 23:46:40	16.88520415142857	60.08747208571428	59.9999771	1	0	0	0	0
2024-12-11 23:46:50	16.8660364	60.1258565	59.9999771	1	0	0	0	0
2024-12-11 23:47:00	16.87470145	60.04306715	59.9999771	1	0	0	0	0
2024-12-11 23:47:10	16.8996744	59.945664275	59.9999771	1	0	0	0	0
2024-12-11 23:47:20	16.830975852941176	60.25813296470588	59.9999771	1	0	0	0	0
2024-12-11 23:47:30	16.853867955932206	60.07648439322034	59.9999771	1	0	0	0	0
2024-12-11 23:47:40	16.85661856056338	59.991146901408456	59.9999771	1	0	0	0	0
2024-12-11 23:47:50	16.844166905555557	60.0253101	59.9999771	1	0	0	0	0
2024-12-11 23:48:00	16.835355749999998	60.0377735	59.9999771	1	0	0	0	0
2024-12-11 23:48:10	16.819212082278483	60.08319844556962	59.9999771	1	0	0	0	0
2024-12-11 23:48:20	16.84976443	59.89243855	59.9999771	1	0	0	0	0
2024-12-11 23:48:30	16.829593221311477	59.999769468852456	59.9999771	1	0	0	0	0
2024-12-11 23:48:40	16.84224343478261	59.92891125942029	59.9999771	1	0	0	0	0
2024-12-11 23:48:50	16.822582025	60.02282380625	59.9999771	1	0	0	0	0
2024-12-11 23:49:00	16.834047299999998	59.98747808	59.9999771	1	0	0	0	0
2024-12-11 23:49:10	16.86245970253165	59.94369765063291	59.9999771	1	0	0	0	0
2024-12-11 23:49:20	16.8703904	59.98187487	59.9999771	1	0	0	0	0
2024-12-11 23:49:30	16.87958244347826	59.9619	59.9999771	1	0	0	0	0
2024-12-11 23:49:40	16.906280140983608	59.844234963934426	59.9999771	1	0	0	0	0
2024-12-11 23:49:50	16.937304388888887	59.70096148888889	59.9999771	1	0	0	0	0
2024-12-11 23:50:00	16.86084953962264	60.12264046981132	59.9999771	1	0	0	0	0
2024-12-11 23:50:10	16.820900131168834	60.27116871688312	59.9999771	1	0	0	0	0
2024-12-11 23:50:20	16.902978806122448	59.8290988877551	59.9999771	1	0	0	0	0
2024-12-11 23:50:30	16.88106891372549	59.98773048627451	59.9999771	1	0	0	0	0
2024-12-11 23:50:40	16.87424124556962	60.0489118886076	59.9999771	1	0	0	0	0
2024-12-11 23:50:50	16.907604236734695	59.88985507755102	59.9999771	1	0	0	0	0
2024-12-11 23:51:00	16.861625318032786	60.142718462295086	59.9999771	1	0	0	0	0
2024-12-11 23:51:10	16.866931925	60.0794449	59.9999771	1	0	0	0	0
2024-12-11 23:51:20	16.859921541176472	60.071043490196075	59.9999771	1	0	0	0	0
2024-12-11 23:51:30	16.912830286440677	59.811494737288136	59.9999771	1	0	0	0	0
2024-12-11 23:51:40	16.86901585409836	60.015676421311476	59.9999771	1	0	0	0	0
2024-12-11 23:51:50	16.901368822222224	59.867443949999995	59.9999771	1	0	0	0	0
2024-12-11 23:52:00	16.956263624590164	59.677379659016395	59.9999771	1	0	0	0	0
2024-12-11 23:52:10	16.98747566329114	59.6607755164557	59.9999771	1	0	0	0	0
2024-12-11 23:52:20	16.9311681	60.01424	59.9999771	1	0	0	0	0
2024-12-11 23:52:30	16.952659588235296	59.93460239215686	59.9999771	1	0	0	0	0
2024-12-11 23:52:40	16.99351852173913	59.7673510942029	59.9999771	1	0	0	0	0
2024-12-11 23:52:50	16.95441435	59.968635	59.9999771	1	0	0	0	0
2024-12-11 23:53:00	16.914477501639343	60.12424011803279	59.9999771	1	0	0	0	0
2024-12-11 23:53:10	16.94446085633803	59.951784523943665	59.9999771	1	0	0	0	0
2024-12-11 23:53:20	16.933184715384616	60.03951497692308	59.9999771	1	0	0	0	0
2024-12-11 23:53:30	16.919352015999998	60.090205680000004	59.9999771	1	0	0	0	0
2024-12-11 23:53:40	16.95291835942029	59.956845744927534	59.9999771	1	0	0	0	0
2024-12-11 23:53:50	16.99049722580645	59.79386580645161	59.9999771	1	0	0	0	0
2024-12-11 23:54:00	16.921457739130435	60.10953785507247	59.9999771	1	0	0	0	0
2024-12-11 23:54:10	16.908434349019608	60.136664233333335	59.9999771	1	0	0	0	0
2024-12-11 23:54:20	16.96263326923077	59.87711506153846	59.9999771	1	0	0	0	0
2024-12-11 23:54:30	16.933345531884058	60.04091231884058	59.9999771	1	0	0	0	0
2024-12-11 23:54:40	16.903430011764705	60.151043310294114	59.9999771	1	0	0	0	0
2024-12-11 23:54:50	16.925571849152544	59.98143521016949	59.9999771	1	0	0	0	0
2024-12-11 23:55:00	16.914410241428573	59.988457461428574	59.9999771	1	0	0	0	0
2024-12-11 23:55:10	16.87375372542373	60.14768519661017	59.9999771	1	0	0	0	0
2024-12-11 23:55:20	16.926049525	59.89464737692308	59.9999771	1	0	0	0	0
2024-12-11 23:55:30	16.856537969491526	60.155308999999995	59.9999771	1	0	0	0	0
2024-12-11 23:55:40	16.895050833333332	59.93599736666667	59.9999771	1	0	0	0	0
2024-12-11 23:55:50	16.88555586338028	59.99221106760564	59.9999771	1	0	0	0	0
2024-12-11 23:56:00	16.89951673478261	59.94140788695652	59.9999771	1	0	0	0	0
2024-12-11 23:56:10	16.8865620125	60.03405658125	59.9999771	1	0	0	0	0
2024-12-11 23:56:20	16.868416579999998	60.098892219999996	59.9999771	1	0	0	0	0
2024-12-11 23:56:30	16.8564377	60.1099777	59.9999771	1	0	0	0	0
2024-12-11 23:56:40	16.840273110144928	60.10047347826087	59.9999771	1	0	0	0	0
2024-12-11 23:56:50	16.87264968095238	59.9034230952381	59.9999771	1	0	0	0	0
2024-12-11 23:57:00	16.83718286857143	60.06472106142857	59.9999771	1	0	0	0	0
2024-12-11 23:57:10	16.85852053	59.94082498444445	59.9999771	1	0	0	0	0
2024-12-11 23:57:20	16.906539394444444	59.75496888888889	59.9999771	1	0	0	0	0
2024-12-11 23:57:30	16.88415313116883	59.93510976753247	59.9999771	1	0	0	0	0
2024-12-11 23:57:40	16.898163448780487	59.884383112195124	59.9999771	1	0	0	0	0
2024-12-11 23:57:50	16.830521226760563	60.16614931549296	59.9999771	1	0	0	0	0
2024-12-11 23:58:00	16.846941	60.0351372	59.9999771	1	0	0	0	0
2024-12-11 23:58:10	16.88054094	59.880241155	59.9999771	1	0	0	0	0
2024-12-11 23:58:20	16.843318223529412	60.085689764705876	59.9999771	1	0	0	0	0
2024-12-11 23:58:30	16.859278355555553	60.015225783333335	59.9999771	1	0	0	0	0
2024-12-11 23:58:40	16.92593655081967	59.7185106557377	59.9999771	1	0	0	0	0
2024-12-11 23:58:50	16.90990083095238	59.87438983333334	59.9999771	1	0	0	0	0
2024-12-11 23:59:00	16.856469047887323	60.184854860563384	59.9999771	1	0	0	0	0
2024-12-11 23:59:10	16.905636032911392	59.92093430253165	59.9999771	1	0	0	0	0
2024-12-11 23:59:20	16.871990590163936	60.086456018032784	59.9999771	1	0	0	0	0
2024-12-11 23:59:30	16.895897734	59.986660050000005	59.9999771	1	0	0	0	0
2024-12-11 23:59:40	16.855351602	60.179116752	59.9999771	1	0	0	0	0
2024-12-11 23:59:50	16.872548246153844	60.05487646923076	59.9999771	1	0	0	0	0
2024-12-12 00:00:00	16.863613223943663	60.08872454929577	59.9999771	1	0	0	0	0
