PROCESSDATA	2111PIC23001 Data	yyyy-MM-dd HH:mm:ss
8	10	2025-02-21 21:55:00	751
tagname	2111PIC23001.MV	2111PIC23001.PV	2111PIC23001.SV	2111PIC23001.MODE	bOpOFL	bPvOFL	bSpOFL	bAutOFL
desc	D201_OP	D201_PV	D201_SP	Aut	bOpOFL	bPvOFL	bSpOFL	bAutOFL
fsMax=24.915053135714285	fsMin=0	fsGridNum=10	fdMax=24.915053135714285tfdMin=0	fdGridNum=10	v0GridNum=10	L=24
2025-02-21 21:55:00	27.446710059999997	0.1039609214	0.1036216	1	1	1	1	1
2025-02-21 21:55:10	27.394228076666668	0.10410350766666666	0.1036216	1	0	0	0	0
2025-02-21 21:55:20	27.5541135625	0.10399094745	0.1036216	1	0	0	0	0
2025-02-21 21:55:30	27.48072755245902	0.10397451878688524	0.1036216	1	0	0	0	0
2025-02-21 21:55:40	27.4151669875	0.10381141754999999	0.1036216	1	0	0	0	0
2025-02-21 21:55:50	27.394017592156864	0.10382528407843138	0.1036216	1	0	0	0	0
2025-02-21 21:56:00	27.2262669	0.10359994580392157	0.1036216	1	0	0	0	0
2025-02-21 21:56:10	27.1624604056338	0.10373010553521127	0.1036216	1	0	0	0	0
2025-02-21 21:56:20	27.142042169565215	0.10360604734782608	0.1036216	1	0	0	0	0
2025-02-21 21:56:30	27.449864608571428	0.10391761191428571	0.1036216	1	0	0	0	0
2025-02-21 21:56:40	27.0956478	0.10347360603846154	0.1036216	1	0	0	0	0
2025-02-21 21:56:50	27.16552197721519	0.10379422630379746	0.1036216	1	0	0	0	0
2025-02-21 21:57:00	27.14943696	0.1034772784	0.1036216	1	0	0	0	0
2025-02-21 21:57:10	27.297505479999998	0.1037282627	0.1036216	1	0	0	0	0
2025-02-21 21:57:20	27.10357543902439	0.10345032119512194	0.1036216	1	0	0	0	0
2025-02-21 21:57:30	27.160642018181818	0.10356994318181817	0.1036216	1	0	0	0	0
2025-02-21 21:57:40	27.151275427450983	0.10358486611764706	0.1036216	1	0	0	0	0
2025-02-21 21:57:50	27.2790661	0.1037452305510204	0.1036216	1	0	0	0	0
2025-02-21 21:58:00	27.33824314084507	0.10380259690140844	0.1036216	1	0	0	0	0
2025-02-21 21:58:10	27.3522778	0.103935191	0.1036216	1	0	0	0	0
2025-02-21 21:58:20	27.52199541	0.1039157974	0.1036216	1	0	0	0	0
2025-02-21 21:58:30	27.451836056338028	0.10391820460563381	0.1036216	1	0	0	0	0
2025-02-21 21:58:40	27.388366835443037	0.10404773451898734	0.1036216	1	0	0	0	0
2025-02-21 21:58:50	27.604381394915254	0.10407352566101695	0.1036216	1	0	0	0	0
2025-02-21 21:59:00	27.5299336	0.103976718	0.1036216	1	0	0	0	0
2025-02-21 21:59:10	27.775222788405795	0.10428425039130435	0.1036216	1	0	0	0	0
2025-02-21 21:59:20	27.601203670886076	0.10400129118987342	0.1036216	1	0	0	0	0
2025-02-21 21:59:30	27.598141178	0.10409901136000001	0.1036216	1	0	0	0	0
2025-02-21 21:59:40	27.575720145714286	0.10400388391428571	0.1036216	1	0	0	0	0
2025-02-21 21:59:50	27.40955	0.1038079224	0.1036216	1	0	0	0	0
2025-02-21 22:00:00	27.40955	0.1038079224	0.1036216	1	1	1	1	1
2025-02-21 22:00:10	27.3870678	0.10393754633333334	0.1036216	1	0	0	0	0
2025-02-21 22:00:20	27.751723534285716	0.10426572617142857	0.1036216	1	0	0	0	0
2025-02-21 22:00:30	27.686245713559323	0.10404179016949153	0.1036216	1	0	0	0	0
2025-02-21 22:00:40	27.5526657	0.10409603683333332	0.1036216	1	0	0	0	0
2025-02-21 22:00:50	27.87697602857143	0.10420933762857143	0.1036216	1	0	0	0	0
2025-02-21 22:01:00	27.83995	0.10426297936000001	0.1036216	1	0	0	0	0
2025-02-21 22:01:10	27.8090089375	0.10415238323214286	0.1036216	1	0	0	0	0
2025-02-21 22:01:20	27.993271078688522	0.10438863026229508	0.1036216	1	0	0	0	0
2025-02-21 22:01:30	27.889864	0.104336006	0.1036216	1	0	0	0	0
2025-02-21 22:01:40	27.89803482857143	0.1042889476	0.1036216	1	0	0	0	0
2025-02-21 22:01:50	28.114300357142856	0.10449517428571428	0.1036216	1	0	0	0	0
2025-02-21 22:02:00	27.95737197755102	0.10426562963265307	0.1036216	1	0	0	0	0
2025-02-21 22:02:10	27.768728525714284	0.1040084153	0.1036216	1	0	0	0	0
2025-02-21 22:02:20	27.669640700000002	0.10405497808474576	0.1036216	1	0	0	0	0
2025-02-21 22:02:30	28.16396321830986	0.10461094053521128	0.1036216	1	0	0	0	0
2025-02-21 22:02:40	28.045963953521127	0.1043432392112676	0.1036216	1	0	0	0	0
2025-02-21 22:02:50	28.022332504494383	0.10429719680898876	0.1036216	1	0	0	0	0
2025-02-21 22:03:00	28.031856840677968	0.10415664306779661	0.1036216	1	0	0	0	0
2025-02-21 22:03:10	28.0147012	0.10425886201449275	0.1036216	1	0	0	0	0
2025-02-21 22:03:20	28.01680211	0.10425079463333332	0.1036216	1	0	0	0	0
2025-02-21 22:03:30	28.1529675	0.10455430152380953	0.1036216	1	0	0	0	0
2025-02-21 22:03:40	28.306451157142856	0.104386675	0.1036216	1	0	0	0	0
2025-02-21 22:03:50	28.178413005	0.10436300485000001	0.1036216	1	0	0	0	0
2025-02-21 22:04:00	28.1649151	0.1044401869	0.1036216	1	0	0	0	0
2025-02-21 22:04:10	28.287983055696202	0.10470127758227848	0.1036216	1	0	0	0	0
2025-02-21 22:04:20	28.540968214285716	0.104785481	0.1036216	1	0	0	0	0
2025-02-21 22:04:30	28.55198761594203	0.10464237310144928	0.1036216	1	0	0	0	0
2025-02-21 22:04:40	28.426633727419357	0.10468319612903226	0.1036216	1	0	0	0	0
2025-02-21 22:04:50	28.714334384810126	0.10520470770886077	0.1036216	1	0	0	0	0
2025-02-21 22:05:00	28.714334384810126	0.10520470770886077	0.1036216	1	1	1	1	1
2025-02-21 22:05:10	29.0488644	0.10521993047058824	0.1036216	1	0	0	0	0
2025-02-21 22:05:20	28.944544226086958	0.10507701233333334	0.1036216	1	0	0	0	0
2025-02-21 22:05:30	28.95791	0.10511120334693877	0.1036216	1	0	0	0	0
2025-02-21 22:05:40	28.89852143164557	0.10493819908860759	0.1036216	1	0	0	0	0
2025-02-21 22:05:50	28.949545049295775	0.10509885845070423	0.1036216	1	0	0	0	0
2025-02-21 22:06:00	29.2358856	0.10514194215686275	0.1036216	1	0	0	0	0
2025-02-21 22:06:10	29.093584542307692	0.10505736730769231	0.1036216	1	0	0	0	0
2025-02-21 22:06:20	29.0669937	0.1048466036	0.1036216	1	0	0	0	0
2025-02-21 22:06:30	29.048485364705883	0.10497015205882353	0.1036216	1	0	0	0	0
2025-02-21 22:06:40	28.90096338414634	0.10479172653658536	0.1036216	1	0	0	0	0
2025-02-21 22:06:50	29.528975833333334	0.10558947675000001	0.1036216	1	0	0	0	0
2025-02-21 22:07:00	29.644757170886074	0.10553913064556962	0.1036216	1	0	0	0	0
2025-02-21 22:07:10	29.7633324	0.10568495042857143	0.1036216	1	0	0	0	0
2025-02-21 22:07:20	29.66795205737705	0.10541027308196721	0.1036216	1	0	0	0	0
2025-02-21 22:07:30	29.6436386	0.10562799251219512	0.1036216	1	0	0	0	0
2025-02-21 22:07:40	30.13198	0.1056844361372549	0.1036216	1	0	0	0	0
2025-02-21 22:07:50	29.80058728196721	0.10545389532786885	0.1036216	1	0	0	0	0
2025-02-21 22:08:00	29.77401252	0.10530748940000001	0.1036216	1	0	0	0	0
2025-02-21 22:08:10	29.761228711999998	0.1056115076	0.1036216	1	0	0	0	0
2025-02-21 22:08:20	30.03904747	0.1053135711	0.1036216	1	0	0	0	0
2025-02-21 22:08:30	29.608704842857144	0.10513655622857143	0.1036216	1	0	0	0	0
2025-02-21 22:08:40	29.80971967142857	0.10530891962857143	0.1036216	1	0	0	0	0
2025-02-21 22:08:50	29.69851	0.10522881981707317	0.1036216	1	0	0	0	0
2025-02-21 22:09:00	29.90219118	0.10549672360000001	0.1036216	1	0	0	0	0
2025-02-21 22:09:10	29.92427372	0.10530106139999999	0.1036216	1	0	0	0	0
2025-02-21 22:09:20	29.9351673	0.10534414344230769	0.1036216	1	0	0	0	0
2025-02-21 22:09:30	30.0342369	0.10558548236585366	0.1036216	1	0	0	0	0
2025-02-21 22:09:40	30.2764	0.10569526470731708	0.1036216	1	0	0	0	0
2025-02-21 22:09:50	30.41515	0.1057850432295082	0.1036216	1	0	0	0	0
2025-02-21 22:10:00	30.41515	0.1057850432295082	0.1036216	1	1	1	1	1
2025-02-21 22:10:10	30.533778217977527	0.10602360380898877	0.1036216	1	0	0	0	0
2025-02-21 22:10:20	30.756281219999998	0.1060105831	0.1036216	1	0	0	0	0
2025-02-21 22:10:30	30.796663044	0.10620017868	0.1036216	1	0	0	0	0
2025-02-21 22:10:40	30.8980522	0.10604233753488372	0.1036216	1	0	0	0	0
2025-02-21 22:10:50	31.06249556923077	0.10622108282051282	0.1036216	1	0	0	0	0
2025-02-21 22:11:00	31.029831657142857	0.10585395437142857	0.1036216	1	0	0	0	0
2025-02-21 22:11:10	30.80961784269663	0.10584058713483147	0.1036216	1	0	0	0	0
2025-02-21 22:11:20	30.969667131428572	0.1058231182	0.1036216	1	0	0	0	0
2025-02-21 22:11:30	30.8425617	0.10575960143999999	0.1036216	1	0	0	0	0
2025-02-21 22:11:40	31.08261161707317	0.10602918414634147	0.1036216	1	0	0	0	0
2025-02-21 22:11:50	30.982077500000003	0.1057248184347826	0.1036216	1	0	0	0	0
2025-02-21 22:12:00	31.1026058	0.10581749591304349	0.1036216	1	0	0	0	0
2025-02-21 22:12:10	31.054309424285716	0.10558367934285715	0.1036216	1	0	0	0	0
2025-02-21 22:12:20	31.063715464999998	0.10575587	0.1036216	1	0	0	0	0
2025-02-21 22:12:30	30.96477456857143	0.10557648409999999	0.1036216	1	0	0	0	0
2025-02-21 22:12:40	31.3280939	0.10591198173469388	0.1036216	1	0	0	0	0
2025-02-21 22:12:50	31.31196	0.1059397571147541	0.1036216	1	0	0	0	0
2025-02-21 22:13:00	31.4643449	0.10590303712222221	0.1036216	1	0	0	0	0
2025-02-21 22:13:10	31.38476786935484	0.10580453170967742	0.1036216	1	0	0	0	0
2025-02-21 22:13:20	31.33224350128205	0.1056358356923077	0.1036216	1	0	0	0	0
2025-02-21 22:13:30	31.4352741	0.10577847942857144	0.1036216	1	0	0	0	0
2025-02-21 22:13:40	31.4365253	0.10590650257446808	0.1036216	1	0	0	0	0
2025-02-21 22:13:50	31.590212373469388	0.10578455175510204	0.1036216	1	0	0	0	0
2025-02-21 22:14:00	31.468751625714287	0.10570264825714286	0.1036216	1	0	0	0	0
2025-02-21 22:14:10	31.57557346	0.1059164824	0.1036216	1	0	0	0	0
2025-02-21 22:14:20	31.758621346835444	0.10596113907594937	0.1036216	1	0	0	0	0
2025-02-21 22:14:30	31.8101745	0.10588376325	0.1036216	1	0	0	0	0
2025-02-21 22:14:40	31.8649349	0.1060464423076923	0.1036216	1	0	0	0	0
2025-02-21 22:14:50	32.231307513333334	0.1064068122	0.1036216	1	0	0	0	0
2025-02-21 22:15:00	32.231307513333334	0.1064068122	0.1036216	1	1	1	1	1
2025-02-21 22:15:10	31.94271789230769	0.10572811083516484	0.1036216	1	0	0	0	0
2025-02-21 22:15:20	31.976148734177215	0.10592356506329113	0.1036216	1	0	0	0	0
2025-02-21 22:15:30	32.1441	0.1059485496122449	0.1036216	1	0	0	0	0
2025-02-21 22:15:40	32.14014470952381	0.1059274511904762	0.1036216	1	0	0	0	0
2025-02-21 22:15:50	32.149372326666665	0.10589317573333333	0.1036216	1	0	0	0	0
2025-02-21 22:16:00	32.0015144	0.10560598067307692	0.1036216	1	0	0	0	0
2025-02-21 22:16:10	32.04606834871795	0.10587181044871795	0.1036216	1	0	0	0	0
2025-02-21 22:16:20	32.30053	0.1056765076	0.1036216	1	0	0	0	0
2025-02-21 22:16:30	32.113310253164556	0.10545325521518988	0.1036216	1	0	0	0	0
2025-02-21 22:16:40	32.18052989677419	0.10583299596774194	0.1036216	1	0	0	0	0
2025-02-21 22:16:50	32.5938148	0.10570314906779661	0.1036216	1	0	0	0	0
2025-02-21 22:17:00	32.34050269607843	0.10574805913725491	0.1036216	1	0	0	0	0
2025-02-21 22:17:10	32.39951677741935	0.1057569235483871	0.1036216	1	0	0	0	0
2025-02-21 22:17:20	32.41239897974684	0.10595385025316456	0.1036216	1	0	0	0	0
2025-02-21 22:17:30	32.56271488	0.10572964160000001	0.1036216	1	0	0	0	0
2025-02-21 22:17:40	32.39890897	0.1059237279	0.1036216	1	0	0	0	0
2025-02-21 22:17:50	32.77805328	0.10594765037142857	0.1036216	1	0	0	0	0
2025-02-21 22:18:00	32.765026209756094	0.10603483241463414	0.1036216	1	0	0	0	0
2025-02-21 22:18:10	33.06620936704545	0.10629483945454546	0.1036216	1	0	0	0	0
2025-02-21 22:18:20	33.03188847183099	0.10608419577464788	0.1036216	1	0	0	0	0
2025-02-21 22:18:30	33.021331780000004	0.105913696	0.1036216	1	0	0	0	0
2025-02-21 22:18:40	32.847065	0.10570476952	0.1036216	1	0	0	0	0
2025-02-21 22:18:50	32.73659910285714	0.10564624934285714	0.1036216	1	0	0	0	0
2025-02-21 22:19:00	32.92945625	0.10580305973333333	0.1036216	1	0	0	0	0
2025-02-21 22:19:10	32.97894735714286	0.106008263	0.1036216	1	0	0	0	0
2025-02-21 22:19:20	33.17312521518988	0.10597280746835443	0.1036216	1	0	0	0	0
2025-02-21 22:19:30	33.293409186666665	0.10616893846666667	0.1036216	1	0	0	0	0
2025-02-21 22:19:40	33.4603878	0.1058735647	0.1036216	1	0	0	0	0
2025-02-21 22:19:50	33.393932559999996	0.10617991646666666	0.1036216	1	0	0	0	0
2025-02-21 22:20:00	33.393932559999996	0.10617991646666666	0.1036216	1	1	1	1	1
2025-02-21 22:20:10	33.422819026582275	0.10602603026582279	0.1036216	1	0	0	0	0
2025-02-21 22:20:20	33.54006909629629	0.10614370890123456	0.1036216	1	0	0	0	0
2025-02-21 22:20:30	33.71916658305085	0.10624755401694916	0.1036216	1	0	0	0	0
2025-02-21 22:20:40	33.66508	0.10612742001923077	0.1036216	1	0	0	0	0
2025-02-21 22:20:50	33.68299455696203	0.10606951148101265	0.1036216	1	0	0	0	0
2025-02-21 22:21:00	33.8163528	0.1060923226122449	0.1036216	1	0	0	0	0
2025-02-21 22:21:10	33.63987194117647	0.10581028735294118	0.1036216	1	0	0	0	0
2025-02-21 22:21:20	33.87340073	0.10607114275	0.1036216	1	0	0	0	0
2025-02-21 22:21:30	33.8233871	0.10608373342857143	0.1036216	1	0	0	0	0
2025-02-21 22:21:40	34.02624918032787	0.1062459747704918	0.1036216	1	0	0	0	0
2025-02-21 22:21:50	33.84800833333333	0.10588638353333332	0.1036216	1	0	0	0	0
2025-02-21 22:22:00	34.23198428571428	0.10670463542857143	0.1036216	1	0	0	0	0
2025-02-21 22:22:10	34.38434775084746	0.10637584438983051	0.1036216	1	0	0	0	0
2025-02-21 22:22:20	34.78134794098361	0.10687125536065574	0.1036216	1	0	0	0	0
2025-02-21 22:22:30	34.588186755555554	0.10652651044444444	0.1036216	1	0	0	0	0
2025-02-21 22:22:40	34.6439133	0.1065648371	0.1036216	1	0	0	0	0
2025-02-21 22:22:50	34.674943016	0.10643543426	0.1036216	1	0	0	0	0
2025-02-21 22:23:00	34.674943016	0.10643543426	0.1036216	1	0	0	0	0
2025-02-21 22:23:10	34.744173599999996	0.10638067133333333	0.1036216	1	0	0	0	0
2025-02-21 22:23:20	34.65440737714286	0.106370536	0.1036216	1	0	0	0	0
2025-02-21 22:23:30	34.757103	0.10614551177551021	0.1036216	1	0	0	0	0
2025-02-21 22:23:40	34.56336598032787	0.10614620245901639	0.1036216	1	0	0	0	0
2025-02-21 22:23:50	34.815287266666665	0.10626777	0.1036216	1	0	0	0	0
2025-02-21 22:24:00	34.71693078	0.10616049699999999	0.1036216	1	0	0	0	0
2025-02-21 22:24:10	34.71693078	0.10616049699999999	0.1036216	1	0	0	0	0
2025-02-21 22:24:20	34.83172213898305	0.10612024852542372	0.1036216	1	0	0	0	0
2025-02-21 22:24:30	34.7324867	0.1059506321	0.1036216	1	0	0	0	0
2025-02-21 22:24:40	35.075942428000005	0.10636613256	0.1036216	1	0	0	0	0
2025-02-21 22:24:50	35.075942428000005	0.10636613256	0.1036216	1	0	0	0	0
2025-02-21 22:25:00	35.075942428000005	0.10636613256	0.1036216	1	1	1	1	1
2025-02-21 22:25:10	35.37222694558824	0.10645561657352942	0.1036216	1	0	0	0	0
2025-02-21 22:25:20	35.46698312608696	0.10667137143478261	0.1036216	1	0	0	0	0
2025-02-21 22:25:30	35.573976423728816	0.1064990413898305	0.1036216	1	0	0	0	0
2025-02-21 22:25:40	35.85875041333333	0.10653447419999999	0.1036216	1	0	0	0	0
2025-02-21 22:25:50	35.85875041333333	0.10653447419999999	0.1036216	1	0	0	0	0
2025-02-21 22:26:00	35.664564891304344	0.10644239491304348	0.1036216	1	0	0	0	0
2025-02-21 22:26:10	35.805584	0.10650364640983606	0.1036216	1	0	0	0	0
2025-02-21 22:26:20	35.7587685220339	0.1064108726779661	0.1036216	1	0	0	0	0
2025-02-21 22:26:30	35.9197951325	0.10656026822499999	0.1036216	1	0	0	0	0
2025-02-21 22:26:40	36.06728	0.10646284721568627	0.1036216	1	0	0	0	0
2025-02-21 22:26:50	36.06728	0.10646284721568627	0.1036216	1	0	0	0	0
2025-02-21 22:27:00	36.067800612	0.1061702352	0.1036216	1	0	0	0	0
2025-02-21 22:27:10	35.88188	0.10621156492307693	0.1036216	1	0	0	0	0
2025-02-21 22:27:20	35.99415897894737	0.10611122357894737	0.1036216	1	0	0	0	0
2025-02-21 22:27:30	35.792637233898304	0.10584749355932203	0.1036216	1	0	0	0	0
2025-02-21 22:27:40	35.519803859999996	0.10553711353333334	0.1036216	1	0	0	0	0
2025-02-21 22:27:50	35.629242596000005	0.10554464915999999	0.1036216	1	0	0	0	0
2025-02-21 22:28:00	35.45369984915254	0.10534853661016949	0.1036216	1	0	0	0	0
2025-02-21 22:28:10	35.486697776190475	0.10540847202380953	0.1036216	1	0	0	0	0
2025-02-21 22:28:20	35.73871951153846	0.10556555480769231	0.1036216	1	0	0	0	0
2025-02-21 22:28:30	35.7526627	0.10556821746666667	0.1036216	1	0	0	0	0
2025-02-21 22:28:40	35.7694777675	0.10554380252500001	0.1036216	1	0	0	0	0
2025-02-21 22:28:50	35.99213269230769	0.10591856076923077	0.1036216	1	0	0	0	0
2025-02-21 22:29:00	36.253685	0.1060370496	0.1036216	1	0	0	0	0
2025-02-21 22:29:10	36.253441	0.1059455008	0.1036216	1	0	0	0	0
2025-02-21 22:29:20	36.1402359	0.10585523446938776	0.1036216	1	0	0	0	0
2025-02-21 22:29:30	36.52343720632911	0.10615122398734177	0.1036216	1	0	0	0	0
2025-02-21 22:29:40	36.35911367464789	0.10586036685915494	0.1036216	1	0	0	0	0
2025-02-21 22:29:50	36.3566628	0.105899003	0.1036216	1	0	0	0	0
2025-02-21 22:30:00	36.3566628	0.105899003	0.1036216	1	1	1	1	1
2025-02-21 22:30:10	36.3344078	0.105786094	0.1036216	1	0	0	0	0
2025-02-21 22:30:20	36.456292935	0.1057957836	0.1036216	1	0	0	0	0
2025-02-21 22:30:30	36.20555381341463	0.10547863520731708	0.1036216	1	0	0	0	0
2025-02-21 22:30:40	36.34677789166667	0.10557537683333333	0.1036216	1	0	0	0	0
2025-02-21 22:30:50	36.3171844	0.10554037464705882	0.1036216	1	0	0	0	0
2025-02-21 22:31:00	36.395062496	0.10573712271999999	0.1036216	1	0	0	0	0
2025-02-21 22:31:10	36.91699585409836	0.10607600514754098	0.1036216	1	0	0	0	0
2025-02-21 22:31:20	36.9500046	0.1063748205625	0.1036216	1	0	0	0	0
2025-02-21 22:31:30	37.1399140382353	0.1062321450882353	0.1036216	1	0	0	0	0
2025-02-21 22:31:40	37.448452075000006	0.10659214235	0.1036216	1	0	0	0	0
2025-02-21 22:31:50	37.487494615730334	0.1065299762247191	0.1036216	1	0	0	0	0
2025-02-21 22:32:00	37.6254768	0.10668480379999999	0.1036216	1	0	0	0	0
2025-02-21 22:32:10	37.327758	0.10596236353333333	0.1036216	1	0	0	0	0
2025-02-21 22:32:20	37.33017486666667	0.10617661673333333	0.1036216	1	0	0	0	0
2025-02-21 22:32:30	37.151895429411766	0.10593023509803921	0.1036216	1	0	0	0	0
2025-02-21 22:32:40	37.132701308450706	0.10569733223943663	0.1036216	1	0	0	0	0
2025-02-21 22:32:50	37.16555096333333	0.1057938673	0.1036216	1	0	0	0	0
2025-02-21 22:33:00	37.06179594606741	0.1056500542247191	0.1036216	1	0	0	0	0
2025-02-21 22:33:10	37.186259235294116	0.1059157671372549	0.1036216	1	0	0	0	0
2025-02-21 22:33:20	37.2063065	0.10558727514285714	0.1036216	1	0	0	0	0
2025-02-21 22:33:30	37.1402	0.105763433	0.1036216	1	0	0	0	0
2025-02-21 22:33:40	37.11054348857143	0.10540099174285715	0.1036216	1	0	0	0	0
2025-02-21 22:33:50	37.1529579	0.10557817108571428	0.1036216	1	0	0	0	0
2025-02-21 22:34:00	37.41242602459016	0.10573537186885246	0.1036216	1	0	0	0	0
2025-02-21 22:34:10	37.42975361016949	0.10573643659322034	0.1036216	1	0	0	0	0
2025-02-21 22:34:20	37.52685749180328	0.10574789826229508	0.1036216	1	0	0	0	0
2025-02-21 22:34:30	37.43136623333333	0.10568017684313726	0.1036216	1	0	0	0	0
2025-02-21 22:34:40	37.708988	0.10594029662857143	0.1036216	1	0	0	0	0
2025-02-21 22:34:50	37.75492975	0.1059074033	0.1036216	1	0	0	0	0
2025-02-21 22:35:00	37.75492975	0.1059074033	0.1036216	1	1	1	1	1
2025-02-21 22:35:10	37.9698372	0.10608888542857142	0.1036216	1	0	0	0	0
2025-02-21 22:35:20	38.0555763	0.10600357953061225	0.1036216	1	0	0	0	0
2025-02-21 22:35:30	37.753626380952376	0.10559240471428571	0.1036216	1	0	0	0	0
2025-02-21 22:35:40	37.66310302	0.10546101256000001	0.1036216	1	0	0	0	0
2025-02-21 22:35:50	37.60673533333333	0.10541010433333332	0.1036216	1	0	0	0	0
2025-02-21 22:36:00	37.55391770666667	0.1052874458	0.1036216	1	0	0	0	0
2025-02-21 22:36:10	37.7151871	0.1054499376	0.1036216	1	0	0	0	0
2025-02-21 22:36:20	37.9416962	0.1056762044	0.1036216	1	0	0	0	0
2025-02-21 22:36:30	37.84268823275862	0.10558488656896552	0.1036216	1	0	0	0	0
2025-02-21 22:36:40	37.7617226	0.10539257181967213	0.1036216	1	0	0	0	0
2025-02-21 22:36:50	37.813117957971016	0.10536944698550724	0.1036216	1	0	0	0	0
2025-02-21 22:37:00	37.741783995714286	0.10529926454285714	0.1036216	1	0	0	0	0
2025-02-21 22:37:10	37.9540176	0.10559383339344262	0.1036216	1	0	0	0	0
2025-02-21 22:37:20	38.16860145102041	0.10556684987755102	0.1036216	1	0	0	0	0
2025-02-21 22:37:30	37.99528339591837	0.10552137336734693	0.1036216	1	0	0	0	0
2025-02-21 22:37:40	38.39787	0.10582538031250001	0.1036216	1	0	0	0	0
2025-02-21 22:37:50	37.83427018695652	0.10527527013043478	0.1036216	1	0	0	0	0
2025-02-21 22:38:00	38.70341668709678	0.10619273456451613	0.1036216	1	0	0	0	0
2025-02-21 22:38:10	38.74673360987654	0.10564700725925925	0.1036216	1	0	0	0	0
2025-02-21 22:38:20	38.309349062857144	0.10560645488571428	0.1036216	1	0	0	0	0
2025-02-21 22:38:30	38.240372249056605	0.1052550773773585	0.1036216	1	0	0	0	0
2025-02-21 22:38:40	37.99491	0.10537263847058824	0.1036216	1	0	0	0	0
2025-02-21 22:38:50	38.414277526086956	0.10558440556521739	0.1036216	1	0	0	0	0
2025-02-21 22:39:00	38.2631226	0.10533209441935484	0.1036216	1	0	0	0	0
2025-02-21 22:39:10	38.29358263846154	0.10522796334615385	0.1036216	1	0	0	0	0
2025-02-21 22:39:20	38.33002196	0.10545179939999999	0.1036216	1	0	0	0	0
2025-02-21 22:39:30	38.556153121311475	0.10548033644262296	0.1036216	1	0	0	0	0
2025-02-21 22:39:40	38.54165833333333	0.10553397816666667	0.1036216	1	0	0	0	0
2025-02-21 22:39:50	38.673855255999996	0.10560566228	0.1036216	1	0	0	0	0
2025-02-21 22:40:00	38.673855255999996	0.10560566228	0.1036216	1	1	1	1	1
2025-02-21 22:40:10	38.77437257142857	0.10561119164285715	0.1036216	1	0	0	0	0
2025-02-21 22:40:20	38.85444229508197	0.10575150449180329	0.1036216	1	0	0	0	0
2025-02-21 22:40:30	38.76926	0.10564950032203389	0.1036216	1	0	0	0	0
2025-02-21 22:40:40	38.924708375	0.1056046371875	0.1036216	1	0	0	0	0
2025-02-21 22:40:50	38.8420148	0.10551166320000001	0.1036216	1	0	0	0	0
2025-02-21 22:41:00	38.86374278688525	0.10560113365573771	0.1036216	1	0	0	0	0
2025-02-21 22:41:10	38.887266588607595	0.10545277458227849	0.1036216	1	0	0	0	0
2025-02-21 22:41:20	38.92787277540984	0.10551554195081968	0.1036216	1	0	0	0	0
2025-02-21 22:41:30	39.11353605	0.10573621949999999	0.1036216	1	0	0	0	0
2025-02-21 22:41:40	39.12763881714285	0.10563061825714284	0.1036216	1	0	0	0	0
2025-02-21 22:41:50	39.1472244	0.10552906625490197	0.1036216	1	0	0	0	0
2025-02-21 22:42:00	39.02844430384616	0.10521208957692309	0.1036216	1	0	0	0	0
2025-02-21 22:42:10	38.98633808823529	0.10540920289705882	0.1036216	1	0	0	0	0
2025-02-21 22:42:20	39.04796267746479	0.10541649877464788	0.1036216	1	0	0	0	0
2025-02-21 22:42:30	39.1700745	0.10549061016666667	0.1036216	1	0	0	0	0
2025-02-21 22:42:40	39.1332729	0.10523296754285713	0.1036216	1	0	0	0	0
2025-02-21 22:42:50	39.1538353	0.10545831527999999	0.1036216	1	0	0	0	0
2025-02-21 22:43:00	39.2434023884058	0.10527021175362318	0.1036216	1	0	0	0	0
2025-02-21 22:43:10	39.26413316455697	0.10546418644303797	0.1036216	1	0	0	0	0
2025-02-21 22:43:20	39.4415627	0.10564635616	0.1036216	1	0	0	0	0
2025-02-21 22:43:30	39.4765933	0.1053934308	0.1036216	1	0	0	0	0
2025-02-21 22:43:40	39.2906757175	0.1054249706	0.1036216	1	0	0	0	0
2025-02-21 22:43:50	39.696151199999996	0.10591279352	0.1036216	1	0	0	0	0
2025-02-21 22:44:00	39.4842293220339	0.10543567489830509	0.1036216	1	0	0	0	0
2025-02-21 22:44:10	39.58625676056338	0.10545312447887324	0.1036216	1	0	0	0	0
2025-02-21 22:44:20	39.52788	0.10540037195652174	0.1036216	1	0	0	0	0
2025-02-21 22:44:30	39.552345087142854	0.10530910085714286	0.1036216	1	0	0	0	0
2025-02-21 22:44:40	39.34214845211268	0.10489193087323943	0.1036216	1	0	0	0	0
2025-02-21 22:44:50	39.096962	0.10492922022000001	0.1036216	1	0	0	0	0
2025-02-21 22:45:00	39.096962	0.10492922022000001	0.1036216	1	1	1	1	1
2025-02-21 22:45:10	39.29898014084507	0.10496666857746478	0.1036216	1	0	0	0	0
2025-02-21 22:45:20	39.3483658	0.10490834682	0.1036216	1	0	0	0	0
2025-02-21 22:45:30	39.35403760655738	0.10509207250819673	0.1036216	1	0	0	0	0
2025-02-21 22:45:40	39.438528733333335	0.10504993033333333	0.1036216	1	0	0	0	0
2025-02-21 22:45:50	39.61323305714286	0.10533333142857143	0.1036216	1	0	0	0	0
2025-02-21 22:46:00	39.63838453333334	0.10512583966666667	0.1036216	1	0	0	0	0
2025-02-21 22:46:10	39.589401912	0.1050552543	0.1036216	1	0	0	0	0
2025-02-21 22:46:20	39.68085	0.10520613009999999	0.1036216	1	0	0	0	0
2025-02-21 22:46:30	40.06694273559322	0.10533906340677966	0.1036216	1	0	0	0	0
2025-02-21 22:46:40	39.735876797959186	0.10522491520408163	0.1036216	1	0	0	0	0
2025-02-21 22:46:50	40.0557823	0.10582282547457626	0.1036216	1	0	0	0	0
2025-02-21 22:47:00	40.10437267868852	0.10521739359016394	0.1036216	1	0	0	0	0
2025-02-21 22:47:10	40.0527229	0.1054768658	0.1036216	1	0	0	0	0
2025-02-21 22:47:20	40.156868716000005	0.10505326967999999	0.1036216	1	0	0	0	0
2025-02-21 22:47:30	39.8716469	0.10521829952542372	0.1036216	1	0	0	0	0
2025-02-21 22:47:40	39.880059005084746	0.10480661969491525	0.1036216	1	0	0	0	0
2025-02-21 22:47:50	39.880059005084746	0.10480661969491525	0.1036216	1	1	1	1	1
2025-02-21 22:48:00	39.78078433333333	0.10486248876666666	0.1036216	1	0	0	0	0
2025-02-21 22:48:10	39.48697	0.10465476222535211	0.1036216	1	0	0	0	0
2025-02-21 22:48:20	39.57069600961538	0.10457328263461538	0.1036216	1	0	0	0	0
2025-02-21 22:48:30	39.642257879746836	0.10471299581012658	0.1036216	1	0	0	0	0
2025-02-21 22:48:40	39.7624435	0.104784305	0.1036216	1	0	0	0	0
2025-02-21 22:48:50	39.7400666125	0.104671050125	0.1036216	1	0	0	0	0
2025-02-21 22:49:00	39.8070516	0.10481609888	0.1036216	1	0	0	0	0
2025-02-21 22:49:10	39.8769455	0.104841418	0.1036216	1	0	0	0	0
2025-02-21 22:49:20	40.10386577049181	0.10522261806557377	0.1036216	1	0	0	0	0
2025-02-21 22:49:30	40.1996269	0.10502418204	0.1036216	1	0	0	0	0
2025-02-21 22:49:40	40.173817391304354	0.10521559286956522	0.1036216	1	0	0	0	0
2025-02-21 22:49:50	40.11113530864198	0.10496352096296296	0.1036216	1	0	0	0	0
2025-02-21 22:50:00	40.11113530864198	0.10496352096296296	0.1036216	1	1	1	1	1
2025-02-21 22:50:10	40.083256487999996	0.10457057604	0.1036216	1	0	0	0	0
2025-02-21 22:50:20	39.830830999999996	0.10440883890000001	0.1036216	1	0	0	0	0
2025-02-21 22:50:30	39.7058923125	0.10446044374999999	0.1036216	1	0	0	0	0
2025-02-21 22:50:40	39.76381325	0.104522629275	0.1036216	1	0	0	0	0
2025-02-21 22:50:50	40.04681333333333	0.1048004407	0.1036216	1	0	0	0	0
2025-02-21 22:51:00	40.12907957	0.1050982256	0.1036216	1	0	0	0	0
2025-02-21 22:51:10	40.211248286885244	0.10476499914754099	0.1036216	1	0	0	0	0
2025-02-21 22:51:20	40.0426369	0.10479969680882353	0.1036216	1	0	0	0	0
2025-02-21 22:51:30	40.2065773	0.10466412146341464	0.1036216	1	0	0	0	0
2025-02-21 22:51:40	40.03722272571429	0.10475973634285714	0.1036216	1	0	0	0	0
2025-02-21 22:51:50	40.178302	0.1045929955	0.1036216	1	0	0	0	0
2025-02-21 22:52:00	39.97651407605634	0.10451824298591549	0.1036216	1	0	0	0	0
2025-02-21 22:52:10	40.2353134	0.104415968	0.1036216	1	0	0	0	0
2025-02-21 22:52:20	39.962953156862746	0.10448155423529412	0.1036216	1	0	0	0	0
2025-02-21 22:52:30	40.22578704788732	0.10468108145070422	0.1036216	1	0	0	0	0
2025-02-21 22:52:40	40.22578704788732	0.10468108145070422	0.1036216	1	1	1	1	1
2025-02-21 22:52:50	40.26881	0.104729113	0.1036216	1	0	0	0	0
2025-02-21 22:53:00	40.377267565573774	0.10490084081967213	0.1036216	1	0	0	0	0
2025-02-21 22:53:10	40.3790422173913	0.10465101210144928	0.1036216	1	0	0	0	0
2025-02-21 22:53:20	40.2666626	0.10460071384	0.1036216	1	0	0	0	0
2025-02-21 22:53:30	40.0905533	0.10446535850000001	0.1036216	1	0	0	0	0
2025-02-21 22:53:40	40.41022226857143	0.10490489302857142	0.1036216	1	0	0	0	0
2025-02-21 22:53:50	40.47780024810127	0.1048279257721519	0.1036216	1	0	0	0	0
2025-02-21 22:54:00	40.5809761	0.10480285983098592	0.1036216	1	0	0	0	0
2025-02-21 22:54:10	40.3142433	0.10451022880000001	0.1036216	1	0	0	0	0
2025-02-21 22:54:20	40.500244734615386	0.10490196426923076	0.1036216	1	0	0	0	0
2025-02-21 22:54:30	40.49023	0.1047287814	0.1036216	1	0	0	0	0
2025-02-21 22:54:40	40.61019333428571	0.1049028214	0.1036216	1	0	0	0	0
2025-02-21 22:54:50	40.66412495714285	0.10467907291428571	0.1036216	1	0	0	0	0
2025-02-21 22:55:00	40.66412495714285	0.10467907291428571	0.1036216	1	1	1	1	1
2025-02-21 22:55:10	40.51593372898551	0.10463074082608696	0.1036216	1	0	0	0	0
2025-02-21 22:55:20	40.546648741935485	0.10456189777419354	0.1036216	1	0	0	0	0
2025-02-21 22:55:30	40.393792727272725	0.10431421231818182	0.1036216	1	0	0	0	0
2025-02-21 22:55:40	40.2472763	0.10421166991666667	0.1036216	1	0	0	0	0
2025-02-21 22:55:50	40.2257126440678	0.10410330993220339	0.1036216	1	0	0	0	0
2025-02-21 22:56:00	40.18990685714286	0.10402240584285714	0.1036216	1	0	0	0	0
2025-02-21 22:56:10	40.00406241333333	0.1039175502	0.1036216	1	0	0	0	0
2025-02-21 22:56:20	40.02710539074074	0.10389550596296296	0.1036216	1	0	0	0	0
2025-02-21 22:56:30	39.91795928656716	0.10373849682089552	0.1036216	1	0	0	0	0
2025-02-21 22:56:40	39.805484	0.10362388339999999	0.1036216	1	0	0	0	0
2025-02-21 22:56:50	39.74942211	0.1037601071	0.1036216	1	0	0	0	0
2025-02-21 22:57:00	40.0314804	0.10393441340000001	0.1036216	1	0	0	0	0
2025-02-21 22:57:10	40.177493662857145	0.10421773825714285	0.1036216	1	0	0	0	0
2025-02-21 22:57:20	40.46534230285714	0.10451801534285714	0.1036216	1	0	0	0	0
2025-02-21 22:57:30	40.3493652	0.104260764875	0.1036216	1	0	0	0	0
2025-02-21 22:57:40	40.381029521126756	0.10426497526760564	0.1036216	1	0	0	0	0
2025-02-21 22:57:50	40.776104	0.10463842263934427	0.1036216	1	0	0	0	0
2025-02-21 22:58:00	40.613180478651685	0.10429663908988765	0.1036216	1	0	0	0	0
2025-02-21 22:58:10	40.433622747457626	0.10441563076271186	0.1036216	1	0	0	0	0
2025-02-21 22:58:20	40.54748244098361	0.10438610009836065	0.1036216	1	0	0	0	0
2025-02-21 22:58:30	40.69856897058824	0.10460007688235294	0.1036216	1	0	0	0	0
2025-02-21 22:58:40	40.47209930227273	0.10421407740909092	0.1036216	1	0	0	0	0
2025-02-21 22:58:50	40.577696872222226	0.10435839656944446	0.1036216	1	0	0	0	0
2025-02-21 22:59:00	40.2688522	0.103973713	0.1036216	1	0	0	0	0
2025-02-21 22:59:10	40.34027318	0.10400420513333333	0.1036216	1	0	0	0	0
2025-02-21 22:59:20	40.3862076	0.10419699417073171	0.1036216	1	0	0	0	0
2025-02-21 22:59:30	40.52773	0.10417818789795918	0.1036216	1	0	0	0	0
2025-02-21 22:59:40	40.382994069999995	0.104096361	0.1036216	1	0	0	0	0
2025-02-21 22:59:50	40.66258	0.10435804733333334	0.1036216	1	0	0	0	0
2025-02-21 23:00:00	40.66258	0.10435804733333334	0.1036216	1	1	1	1	1
2025-02-21 23:00:10	40.47691080571428	0.10421039634285714	0.1036216	1	0	0	0	0
2025-02-21 23:00:20	40.55108642857143	0.10412455611428571	0.1036216	1	0	0	0	0
2025-02-21 23:00:30	40.43884	0.10394606283333334	0.1036216	1	0	0	0	0
2025-02-21 23:00:40	40.253514050632916	0.10407605275949366	0.1036216	1	0	0	0	0
2025-02-21 23:00:50	40.297796541428575	0.10385340191428571	0.1036216	1	0	0	0	0
2025-02-21 23:01:00	40.38961845925926	0.10396221754320988	0.1036216	1	0	0	0	0
2025-02-21 23:01:10	40.39275396	0.1040545342	0.1036216	1	0	0	0	0
2025-02-21 23:01:20	40.5089264	0.10399465673170732	0.1036216	1	0	0	0	0
2025-02-21 23:01:30	40.64633933414634	0.10434552987804878	0.1036216	1	0	0	0	0
2025-02-21 23:01:40	40.796435424	0.10435453322	0.1036216	1	0	0	0	0
2025-02-21 23:01:50	40.69968455774648	0.10432224749295775	0.1036216	1	0	0	0	0
2025-02-21 23:02:00	40.8709221	0.10416039265217392	0.1036216	1	0	0	0	0
2025-02-21 23:02:10	40.531912	0.10418165	0.1036216	1	0	0	0	0
2025-02-21 23:02:20	40.70529768	0.10415333262857143	0.1036216	1	0	0	0	0
2025-02-21 23:02:30	40.5006447	0.10407326256818182	0.1036216	1	0	0	0	0
2025-02-21 23:02:40	40.87124872987013	0.1046148891038961	0.1036216	1	0	0	0	0
2025-02-21 23:02:50	40.9033432	0.10431342072	0.1036216	1	0	0	0	0
2025-02-21 23:03:00	40.93896917377049	0.10465398459016394	0.1036216	1	0	0	0	0
2025-02-21 23:03:10	41.03672267594936	0.10461087987341773	0.1036216	1	0	0	0	0
2025-02-21 23:03:20	41.3395157	0.10509022976923077	0.1036216	1	0	0	0	0
2025-02-21 23:03:30	41.514284807692306	0.10506076609615385	0.1036216	1	0	0	0	0
2025-02-21 23:03:40	41.4791946	0.1050016462	0.1036216	1	0	0	0	0
2025-02-21 23:03:50	41.396190000000004	0.10493105556521738	0.1036216	1	0	0	0	0
2025-02-21 23:04:00	41.401946918032785	0.1048348573114754	0.1036216	1	0	0	0	0
2025-02-21 23:04:10	41.315506	0.10482442909999999	0.1036216	1	0	0	0	0
2025-02-21 23:04:20	41.47095110144927	0.10498252033333333	0.1036216	1	0	0	0	0
2025-02-21 23:04:30	41.41884476078431	0.10481605721568626	0.1036216	1	0	0	0	0
2025-02-21 23:04:40	41.450046137735846	0.10474915833962264	0.1036216	1	0	0	0	0
2025-02-21 23:04:50	41.36181070212766	0.10462825319148936	0.1036216	1	0	0	0	0
2025-02-21 23:05:00	41.36181070212766	0.10462825319148936	0.1036216	1	1	1	1	1
2025-02-21 23:05:10	41.25499357142857	0.10445854647142858	0.1036216	1	0	0	0	0
2025-02-21 23:05:20	41.2994	0.10455334924528302	0.1036216	1	0	0	0	0
2025-02-21 23:05:30	41.43540232745098	0.10466847709803923	0.1036216	1	0	0	0	0
2025-02-21 23:05:40	41.4283867	0.10458647182352941	0.1036216	1	0	0	0	0
2025-02-21 23:05:50	41.22968340571428	0.10432424522857144	0.1036216	1	0	0	0	0
2025-02-21 23:06:00	41.2791672	0.10443282662711864	0.1036216	1	0	0	0	0
2025-02-21 23:06:10	41.2787228	0.1044376211	0.1036216	1	0	0	0	0
2025-02-21 23:06:20	41.26441116375	0.1042439595375	0.1036216	1	0	0	0	0
2025-02-21 23:06:30	41.18654093770492	0.10420944729508197	0.1036216	1	0	0	0	0
2025-02-21 23:06:40	41.230617892	0.10423188952	0.1036216	1	0	0	0	0
2025-02-21 23:06:50	41.34781005909091	0.1045384050909091	0.1036216	1	0	0	0	0
2025-02-21 23:07:00	41.20634302631579	0.10420456014473684	0.1036216	1	0	0	0	0
2025-02-21 23:07:10	41.4422073	0.10435184503333333	0.1036216	1	0	0	0	0
2025-02-21 23:07:20	41.4422073	0.10435184503333333	0.1036216	1	1	1	1	1
2025-02-21 23:07:30	41.14298018	0.10417805672	0.1036216	1	0	0	0	0
2025-02-21 23:07:40	41.0888832220339	0.10394123025423728	0.1036216	1	0	0	0	0
2025-02-21 23:07:50	41.190157229508195	0.10419558547540984	0.1036216	1	0	0	0	0
2025-02-21 23:08:00	41.2216835	0.1042174069661017	0.1036216	1	0	0	0	0
2025-02-21 23:08:10	41.35887976	0.10438630239999999	0.1036216	1	0	0	0	0
2025-02-21 23:08:20	41.47958685142857	0.10447415371428571	0.1036216	1	0	0	0	0
2025-02-21 23:08:30	41.41769576067416	0.10420571564044943	0.1036216	1	0	0	0	0
2025-02-21 23:08:40	41.67281236666667	0.104647721	0.1036216	1	0	0	0	0
2025-02-21 23:08:50	41.80829992033898	0.10467195213559322	0.1036216	1	0	0	0	0
2025-02-21 23:09:00	41.529005737704914	0.10440655995081967	0.1036216	1	0	0	0	0
2025-02-21 23:09:10	41.614529999999995	0.10447535196153847	0.1036216	1	0	0	0	0
2025-02-21 23:09:20	41.70386885	0.1045678719	0.1036216	1	0	0	0	0
2025-02-21 23:09:30	41.90700975	0.10475574433333333	0.1036216	1	0	0	0	0
2025-02-21 23:09:40	41.7973442	0.10475574433333333	0.1036216	1	0	1	0	1
2025-02-21 23:09:50	41.84573	0.10464429857692308	0.1036216	1	0	0	0	0
2025-02-21 23:10:00	41.84573	0.10464429857692308	0.1036216	1	1	1	1	1
2025-02-21 23:10:10	41.663654202898556	0.10442140471014492	0.1036216	1	0	0	0	0
2025-02-21 23:10:20	41.6634275	0.104315294	0.1036216	1	0	0	0	0
2025-02-21 23:10:30	41.63274398	0.10440340545	0.1036216	1	0	0	0	0
2025-02-21 23:10:40	41.6004944	0.10434716226086957	0.1036216	1	0	0	0	0
2025-02-21 23:10:50	41.677861936	0.10434502272	0.1036216	1	0	0	0	0
2025-02-21 23:11:00	41.663196802040815	0.10431974997959184	0.1036216	1	0	0	0	0
2025-02-21 23:11:10	41.81424923	0.1044977995	0.1036216	1	0	0	0	0
2025-02-21 23:11:20	41.81159	0.1044977995	0.1036216	1	0	1	0	1
2025-02-21 23:11:30	41.89494412345679	0.10463127416049382	0.1036216	1	0	0	0	0
2025-02-21 23:11:40	41.89494412345679	0.10463127416049382	0.1036216	1	1	1	1	1
2025-02-21 23:11:50	42.540985028	0.1053044628	0.1036216	1	0	0	0	0
2025-02-21 23:12:00	42.540985028	0.1053044628	0.1036216	1	1	1	1	1
2025-02-21 23:12:10	42.264759808	0.10468575824	0.1036216	1	0	0	0	0
2025-02-21 23:12:20	42.085669785	0.1047681129	0.1036216	1	0	0	0	0
2025-02-21 23:12:30	42.110089637142856	0.1045791078	0.1036216	1	0	0	0	0
2025-02-21 23:12:40	42.24222758	0.10477006393333334	0.1036216	1	0	0	0	0
2025-02-21 23:12:50	42.134690184313726	0.10462297676470589	0.1036216	1	0	0	0	0
2025-02-21 23:13:00	42.285670913461544	0.10488748703846154	0.1036216	1	0	0	0	0
2025-02-21 23:13:10	42.128641875	0.1045211335882353	0.1036216	1	0	0	0	0
2025-02-21 23:13:20	42.0753937	0.10446493123529411	0.1036216	1	0	0	0	0
2025-02-21 23:13:30	42.108539039215685	0.10456159913725491	0.1036216	1	0	0	0	0
2025-02-21 23:13:40	42.28088	0.10440450928571429	0.1036216	1	0	0	0	0
2025-02-21 23:13:50	42.14686	0.10452902426229509	0.1036216	1	0	0	0	0
2025-02-21 23:14:00	42.3719028877551	0.10465159959183674	0.1036216	1	0	0	0	0
2025-02-21 23:14:10	42.2804	0.10461357823999999	0.1036216	1	0	0	0	0
2025-02-21 23:14:20	42.44245411428571	0.10486788030612244	0.1036216	1	0	0	0	0
2025-02-21 23:14:30	42.471709243750006	0.10473257281250001	0.1036216	1	0	0	0	0
2025-02-21 23:14:40	42.348756	0.1045977352	0.1036216	1	0	0	0	0
2025-02-21 23:14:50	42.317534452173916	0.10449296243478261	0.1036216	1	0	0	0	0
2025-02-21 23:15:00	42.317534452173916	0.10449296243478261	0.1036216	1	1	1	1	1
2025-02-21 23:15:10	42.278148629577466	0.10445734597183098	0.1036216	1	0	0	0	0
2025-02-21 23:15:20	42.39435985774648	0.10467600391549295	0.1036216	1	0	0	0	0
2025-02-21 23:15:30	42.3878	0.10450287865853658	0.1036216	1	0	0	0	0
2025-02-21 23:15:40	42.41632142857143	0.1045549308	0.1036216	1	0	0	0	0
2025-02-21 23:15:50	42.42753211235955	0.10447788615730337	0.1036216	1	0	0	0	0
2025-02-21 23:16:00	42.38369	0.10451784190196078	0.1036216	1	0	0	0	0
2025-02-21 23:16:10	42.42170105	0.1044988841	0.1036216	1	0	0	0	0
2025-02-21 23:16:20	42.2827721	0.10465592996	0.1036216	1	0	0	0	0
2025-02-21 23:16:30	42.61225990253165	0.10469189987341772	0.1036216	1	0	0	0	0
2025-02-21 23:16:40	42.56973941971831	0.10454846029577465	0.1036216	1	0	0	0	0
2025-02-21 23:16:50	42.51214457627118	0.10470439881355932	0.1036216	1	0	0	0	0
2025-02-21 23:17:00	42.63989373333333	0.10456541330555556	0.1036216	1	0	0	0	0
2025-02-21 23:17:10	42.58733	0.10453133496721312	0.1036216	1	0	0	0	0
2025-02-21 23:17:20	42.46769672413793	0.10455789524137932	0.1036216	1	0	0	0	0
2025-02-21 23:17:30	42.6922531	0.10469225256097561	0.1036216	1	0	0	0	0
2025-02-21 23:17:40	42.63236787666666	0.10450615903333332	0.1036216	1	0	0	0	0
2025-02-21 23:17:50	42.660155915555556	0.10451884537777778	0.1036216	1	0	0	0	0
2025-02-21 23:18:00	42.5897026	0.10454711752941176	0.1036216	1	0	0	0	0
2025-02-21 23:18:10	42.69501955189873	0.10456546210126583	0.1036216	1	0	0	0	0
2025-02-21 23:18:20	42.644	0.10447201081632652	0.1036216	1	0	0	0	0
2025-02-21 23:18:30	42.86403836721311	0.10483864696721312	0.1036216	1	0	0	0	0
2025-02-21 23:18:40	42.89328765925926	0.10472679771604938	0.1036216	1	0	0	0	0
2025-02-21 23:18:50	42.79804790163934	0.10462071077049181	0.1036216	1	0	0	0	0
2025-02-21 23:19:00	42.58423401265823	0.10430475060759493	0.1036216	1	0	0	0	0
2025-02-21 23:19:10	42.6388931	0.1043174528	0.1036216	1	0	0	0	0
2025-02-21 23:19:20	42.560532673333334	0.10441794586666667	0.1036216	1	0	0	0	0
2025-02-21 23:19:30	42.85372	0.10472660614285714	0.1036216	1	0	0	0	0
2025-02-21 23:19:40	42.8398438	0.10446276304	0.1036216	1	0	0	0	0
2025-02-21 23:19:50	42.868594	0.1047837385	0.1036216	1	0	0	0	0
2025-02-21 23:20:00	42.868594	0.1047837385	0.1036216	1	1	1	1	1
2025-02-21 23:20:10	43.155314104	0.10491798128	0.1036216	1	0	0	0	0
2025-02-21 23:20:20	43.37186894237288	0.10535007308474575	0.1036216	1	0	0	0	0
2025-02-21 23:20:30	43.502772207042256	0.10505097891549296	0.1036216	1	0	0	0	0
2025-02-21 23:20:40	43.271964465714284	0.10485734662857144	0.1036216	1	0	0	0	0
2025-02-21 23:20:50	43.1046753	0.10460992725925926	0.1036216	1	0	0	0	0
2025-02-21 23:21:00	43.05821868518518	0.10456677322222221	0.1036216	1	0	0	0	0
2025-02-21 23:21:10	42.994830588235295	0.10442797511764705	0.1036216	1	0	0	0	0
2025-02-21 23:21:20	43.01096	0.10449074198039215	0.1036216	1	0	0	0	0
2025-02-21 23:21:30	42.9038162	0.10427291635714286	0.1036216	1	0	0	0	0
2025-02-21 23:21:40	43.0401077	0.10474418575609756	0.1036216	1	0	0	0	0
2025-02-21 23:21:50	43.23404	0.10466073561290323	0.1036216	1	0	0	0	0
2025-02-21 23:22:00	43.30648054237288	0.10473590722033899	0.1036216	1	0	0	0	0
2025-02-21 23:22:10	43.212956734831465	0.10496866683146067	0.1036216	1	0	0	0	0
2025-02-21 23:22:20	43.811778276666665	0.10531081763333333	0.1036216	1	0	0	0	0
2025-02-21 23:22:30	43.845343684615386	0.1053571756923077	0.1036216	1	0	0	0	0
2025-02-21 23:22:40	44.044445	0.10550063333333334	0.1036216	1	0	0	0	0
2025-02-21 23:22:50	44.13109297468354	0.10574751179746834	0.1036216	1	0	0	0	0
2025-02-21 23:23:00	44.2337367	0.10550322205714285	0.1036216	1	0	0	0	0
2025-02-21 23:23:10	44.154613196629214	0.10536025964044943	0.1036216	1	0	0	0	0
2025-02-21 23:23:20	44.07230142857143	0.10538447835714286	0.1036216	1	0	0	0	0
2025-02-21 23:23:30	44.16049	0.105304984375	0.1036216	1	0	0	0	0
2025-02-21 23:23:40	44.03374611707317	0.10519786341463415	0.1036216	1	0	0	0	0
2025-02-21 23:23:50	44.11868818260869	0.10521225434782609	0.1036216	1	0	0	0	0
2025-02-21 23:24:00	43.9403229	0.10500816263934426	0.1036216	1	0	0	0	0
2025-02-21 23:24:10	43.98597594857143	0.1050161884	0.1036216	1	0	0	0	0
2025-02-21 23:24:20	44.1284225	0.10512885665	0.1036216	1	0	0	0	0
2025-02-21 23:24:30	44.022968091549295	0.10503256832394366	0.1036216	1	0	0	0	0
2025-02-21 23:24:40	44.33799540204081	0.10536343463265306	0.1036216	1	0	0	0	0
2025-02-21 23:24:50	44.1586075	0.10525013674576271	0.1036216	1	0	0	0	0
2025-02-21 23:25:00	44.1586075	0.10525013674576271	0.1036216	1	1	1	1	1
2025-02-21 23:25:10	44.5836839295082	0.1052700258852459	0.1036216	1	0	0	0	0
2025-02-21 23:25:20	44.495585993670886	0.10536169302531645	0.1036216	1	0	0	0	0
2025-02-21 23:25:30	44.3477364	0.10509082807142858	0.1036216	1	0	0	0	0
2025-02-21 23:25:40	44.2320023	0.10502031848888889	0.1036216	1	0	0	0	0
2025-02-21 23:25:50	44.18208224489796	0.10486421053061225	0.1036216	1	0	0	0	0
2025-02-21 23:26:00	44.20753085714286	0.10510779394285714	0.1036216	1	0	0	0	0
2025-02-21 23:26:10	44.48174146666667	0.10514971053333333	0.1036216	1	0	0	0	0
2025-02-21 23:26:20	44.43174597594937	0.1051232480886076	0.1036216	1	0	0	0	0
2025-02-21 23:26:30	44.562070216393444	0.10526190849180328	0.1036216	1	0	0	0	0
2025-02-21 23:26:40	44.61461	0.10521773532692308	0.1036216	1	0	0	0	0
2025-02-21 23:26:50	44.4920337559322	0.10490872155932204	0.1036216	1	0	0	0	0
2025-02-21 23:27:00	44.37458323230769	0.10486828432307692	0.1036216	1	0	0	0	0
2025-02-21 23:27:10	44.470686960759494	0.10496599669620253	0.1036216	1	0	0	0	0
2025-02-21 23:27:20	44.41143342	0.104758048	0.1036216	1	0	0	0	0
2025-02-21 23:27:30	44.312910685714286	0.10481017524489797	0.1036216	1	0	0	0	0
2025-02-21 23:27:40	44.48164905102041	0.10494355593877551	0.1036216	1	0	0	0	0
2025-02-21 23:27:50	44.46799645696203	0.10484387375949368	0.1036216	1	0	0	0	0
2025-02-21 23:28:00	44.748956044067796	0.10522219228813559	0.1036216	1	0	0	0	0
2025-02-21 23:28:10	45.13566	0.10550135677142858	0.1036216	1	0	0	0	0
2025-02-21 23:28:20	45.03083662571428	0.10546733931428572	0.1036216	1	0	0	0	0
2025-02-21 23:28:30	45.59921766666667	0.10599157580392157	0.1036216	1	0	0	0	0
2025-02-21 23:28:40	45.29913888	0.1055479625	0.1036216	1	0	0	0	0
2025-02-21 23:28:50	45.22069881666667	0.10553058991666667	0.1036216	1	0	0	0	0
2025-02-21 23:29:00	45.13385734177215	0.10529315715189874	0.1036216	1	0	0	0	0
2025-02-21 23:29:10	45.33199	0.10540090412698412	0.1036216	1	0	0	0	0
2025-02-21 23:29:20	45.17568642727273	0.10522166649999999	0.1036216	1	0	0	0	0
2025-02-21 23:29:30	45.141816	0.1051845012	0.1036216	1	0	0	0	0
2025-02-21 23:29:40	45.2765112	0.1055213546	0.1036216	1	0	0	0	0
2025-02-21 23:29:50	45.40087556521739	0.10539947869565217	0.1036216	1	0	0	0	0
2025-02-21 23:30:00	45.40087556521739	0.10539947869565217	0.1036216	1	1	1	1	1
2025-02-21 23:30:10	45.569007122857144	0.10551175068571429	0.1036216	1	0	0	0	0
2025-02-21 23:30:20	45.4502907	0.1053133444	0.1036216	1	0	0	0	0
2025-02-21 23:30:30	45.791761455999996	0.10576802608000001	0.1036216	1	0	0	0	0
2025-02-21 23:30:40	45.54242277666666	0.10530476923333333	0.1036216	1	0	0	0	0
2025-02-21 23:30:50	45.63451336666667	0.10564122354166666	0.1036216	1	0	0	0	0
2025-02-21 23:31:00	45.496514208571426	0.105207101	0.1036216	1	0	0	0	0
2025-02-21 23:31:10	45.4504051	0.10532828756666666	0.1036216	1	0	0	0	0
2025-02-21 23:31:20	45.782094980000004	0.10542085720000001	0.1036216	1	0	0	0	0
2025-02-21 23:31:30	45.5629044	0.10542085720000001	0.1036216	1	0	1	1	1
2025-02-21 23:31:40	45.550918599999996	0.10509102969565218	0.1036216	1	0	0	0	0
2025-02-21 23:31:50	45.7187729	0.105255698	0.1036216	1	0	0	1	0
2025-02-21 23:32:00	45.62369815362319	0.10522048199999999	0.1036216	1	0	0	0	0
2025-02-21 23:32:10	45.853495183098595	0.10537943101449275	0.1036216	1	0	0	0	0
2025-02-21 23:32:20	45.735799375	0.10531135446478873	0.1036216	1	0	0	0	0
2025-02-21 23:32:30	45.735799375	0.1053655416875	0.1036216	1	1	0	0	0
2025-02-21 23:32:40	45.9351377925	0.105182643275	0.1036216	1	0	0	0	0
2025-02-21 23:32:50	45.9333839	0.10542520064705882	0.1036216	1	0	0	0	0
2025-02-21 23:33:00	45.88960925882353	0.10516874464705882	0.1036216	1	0	0	0	0
2025-02-21 23:33:10	45.8023453	0.1051163615862069	0.1036216	1	0	0	0	0
2025-02-21 23:33:20	45.83804170759494	0.10518827843037974	0.1036216	1	0	0	0	0
2025-02-21 23:33:30	45.85004557692308	0.10511283392307692	0.1036216	1	0	0	0	0
2025-02-21 23:33:40	46.00136	0.10523204047826087	0.1036216	1	0	0	0	0
2025-02-21 23:33:50	45.922339792	0.10511262504	0.1036216	1	0	0	0	0
2025-02-21 23:34:00	46.18413	0.10530039470000001	0.1036216	1	0	0	0	0
2025-02-21 23:34:10	45.986291392405064	0.10528034335443039	0.1036216	1	0	0	0	0
2025-02-21 23:34:20	46.291580728169016	0.10540618095774648	0.1036216	1	0	0	0	0
2025-02-21 23:34:30	46.16645082857143	0.10531126907142857	0.1036216	1	0	0	0	0
2025-02-21 23:34:40	46.434691288732395	0.1055164051830986	0.1036216	1	0	0	0	0
2025-02-21 23:34:50	46.2213135	0.10585918125	0.1036216	1	0	0	0	0
2025-02-21 23:35:00	46.2213135	0.10585918125	0.1036216	1	1	1	1	1
2025-02-21 23:35:10	46.67919	0.105671008	0.1036216	1	0	0	0	0
2025-02-21 23:35:20	46.798102	0.1057626512	0.1036216	1	0	0	0	0
2025-02-21 23:35:30	46.614467142857144	0.10551815902040816	0.1036216	1	0	0	0	0
2025-02-21 23:35:40	47.09644298	0.106067369125	0.1036216	1	0	0	0	0
2025-02-21 23:35:50	47.05058942247191	0.10586774801123595	0.1036216	1	0	0	0	0
2025-02-21 23:36:00	46.944285217391304	0.10567072607246376	0.1036216	1	0	0	0	0
2025-02-21 23:36:10	46.76976	0.10532619566666666	0.1036216	1	0	0	0	0
2025-02-21 23:36:20	46.66717427536232	0.10536858830434782	0.1036216	1	0	0	0	0
2025-02-21 23:36:30	46.60518462394366	0.10509482066197183	0.1036216	1	0	0	0	0
2025-02-21 23:36:40	46.598784200000004	0.10513151854285714	0.1036216	1	0	0	0	0
2025-02-21 23:36:50	46.77047	0.10545138700000001	0.1036216	1	0	0	0	0
2025-02-21 23:37:00	47.0171242	0.10582656352	0.1036216	1	0	0	0	0
2025-02-21 23:37:10	47.11340568644068	0.10551054649152543	0.1036216	1	0	0	0	0
2025-02-21 23:37:20	47.16331963	0.10571255809999999	0.1036216	1	0	0	0	0
2025-02-21 23:37:30	46.8410263	0.10511605562711863	0.1036216	1	0	0	0	0
2025-02-21 23:37:40	46.910070191208796	0.10550653704395604	0.1036216	1	0	0	0	0
2025-02-21 23:37:50	47.081084180000005	0.10531074659999999	0.1036216	1	0	0	0	0
2025-02-21 23:38:00	47.04573	0.10550537573076924	0.1036216	1	0	0	0	0
2025-02-21 23:38:10	47.48331143	0.1054082213	0.1036216	1	0	0	0	0
2025-02-21 23:38:20	46.96418	0.10535087856	0.1036216	1	0	0	0	0
2025-02-21 23:38:30	46.9903	0.10507969917142856	0.1036216	1	0	0	0	0
2025-02-21 23:38:40	46.901228952542375	0.10489846120338983	0.1036216	1	0	0	0	0
2025-02-21 23:38:50	46.86846189	0.1046590971	0.1036216	1	0	0	0	0
2025-02-21 23:39:00	46.7336349	0.10485128280392157	0.1036216	1	0	0	0	0
2025-02-21 23:39:10	46.903658924000005	0.10499882751999999	0.1036216	1	0	0	0	0
2025-02-21 23:39:20	46.94735851	0.10501559020000001	0.1036216	1	0	0	0	0
2025-02-21 23:39:30	47.14612	0.1051665514	0.1036216	1	0	0	0	0
2025-02-21 23:39:40	47.02509166142857	0.1049246945857143	0.1036216	1	0	0	0	0
2025-02-21 23:39:50	47.087041476543206	0.1050252275925926	0.1036216	1	0	0	0	0
2025-02-21 23:40:00	47.087041476543206	0.1050252275925926	0.1036216	1	1	1	1	1
2025-02-21 23:40:10	47.298356473333335	0.10527949053333334	0.1036216	1	0	0	0	0
2025-02-21 23:40:20	47.27732074423077	0.10498243573076924	0.1036216	1	0	0	0	0
2025-02-21 23:40:30	47.13384261265823	0.10487243684810127	0.1036216	1	0	0	0	0
2025-02-21 23:40:40	46.98548048	0.10467429780000001	0.1036216	1	0	0	0	0
2025-02-21 23:40:50	47.08323354936709	0.10476127593670886	0.1036216	1	0	0	0	0
2025-02-21 23:41:00	47.121899	0.10477855929999999	0.1036216	1	0	0	0	0
2025-02-21 23:41:10	47.02542140655738	0.10458108403278689	0.1036216	1	0	0	0	0
2025-02-21 23:41:20	46.9260674	0.10446393939130434	0.1036216	1	0	0	0	0
2025-02-21 23:41:30	46.839622765957444	0.104360711	0.1036216	1	0	0	0	0
2025-02-21 23:41:40	47.054366393220334	0.10493159201694915	0.1036216	1	0	0	0	0
2025-02-21 23:41:50	47.27920603521127	0.1049627457746479	0.1036216	1	0	0	0	0
2025-02-21 23:42:00	47.693155872881356	0.10545525127118643	0.1036216	1	0	0	0	0
2025-02-21 23:42:10	47.6231232	0.10493470565277778	0.1036216	1	0	0	0	0
2025-02-21 23:42:20	47.45613317647059	0.10507064635294118	0.1036216	1	0	0	0	0
2025-02-21 23:42:30	47.2891	0.1047536637	0.1036216	1	0	0	0	0
2025-02-21 23:42:40	47.42690942857143	0.1050283048	0.1036216	1	0	0	0	0
2025-02-21 23:42:50	47.4769168852459	0.10487297536065573	0.1036216	1	0	0	0	0
2025-02-21 23:43:00	47.51616580784314	0.10502838919607843	0.1036216	1	0	0	0	0
2025-02-21 23:43:10	47.51616580784314	0.10502838919607843	0.1036216	1	1	1	1	1
2025-02-21 23:43:20	47.70350573333334	0.10524075966666667	0.1036216	1	0	0	0	0
2025-02-21 23:43:30	48.18571	0.105633621	0.1036216	1	0	0	0	0
2025-02-21 23:43:40	47.922305137288134	0.10526574237288136	0.1036216	1	0	0	0	0
2025-02-21 23:43:50	48.00515796	0.10550772766666666	0.1036216	1	0	0	0	0
2025-02-21 23:44:00	48.05411228	0.1054556668	0.1036216	1	0	0	0	0
2025-02-21 23:44:10	48.46147576	0.1059395442	0.1036216	1	0	0	0	0
2025-02-21 23:44:20	48.3782578	0.10559197548979593	0.1036216	1	0	0	0	0
2025-02-21 23:44:30	48.449640625423726	0.1056473079322034	0.1036216	1	0	0	0	0
2025-02-21 23:44:40	48.27696023714286	0.10542240214285714	0.1036216	1	0	0	0	0
2025-02-21 23:44:50	48.4739571	0.1056017234050633	0.1036216	1	0	0	0	0
2025-02-21 23:45:00	48.4739571	0.1056017234050633	0.1036216	1	1	1	1	1
2025-02-21 23:45:10	48.42889136	0.10554829003999999	0.1036216	1	0	0	0	0
2025-02-21 23:45:20	48.3130951	0.10530134566666667	0.1036216	1	0	0	0	0
2025-02-21 23:45:30	48.33642	0.10551093331707317	0.1036216	1	0	0	0	0
2025-02-21 23:45:40	48.66389626595745	0.10560531593617022	0.1036216	1	0	0	0	0
2025-02-21 23:45:50	48.8035049	0.10573754178688524	0.1036216	1	0	0	0	0
2025-02-21 23:46:00	48.68865447666667	0.10563278653333333	0.1036216	1	0	0	0	0
2025-02-21 23:46:10	49.0725730494382	0.1064769238764045	0.1036216	1	0	0	0	0
2025-02-21 23:46:20	49.197902894	0.10604113156	0.1036216	1	0	0	0	0
2025-02-21 23:46:30	49.114866479999996	0.1061272806	0.1036216	1	0	0	0	0
2025-02-21 23:46:40	49.54014	0.10623174986046512	0.1036216	1	0	0	0	0
2025-02-21 23:46:50	49.32956626410257	0.1062240502051282	0.1036216	1	0	0	0	0
2025-02-21 23:47:00	49.65633914285714	0.10654507105714285	0.1036216	1	0	0	0	0
2025-02-21 23:47:10	49.764979213483144	0.10657745225842696	0.1036216	1	0	0	0	0
2025-02-21 23:47:20	49.933815	0.10663780580487806	0.1036216	1	0	0	0	0
2025-02-21 23:47:30	49.933815	0.10663780580487806	0.1036216	1	0	0	0	0
2025-02-21 23:47:40	49.7806854	0.10615337862857144	0.1036216	1	0	0	0	0
2025-02-21 23:47:50	49.7806854	0.10615337862857144	0.1036216	1	1	1	1	1
2025-02-21 23:48:00	49.694876314285715	0.10594165394285715	0.1036216	1	0	0	0	0
2025-02-21 23:48:10	49.71489510857143	0.10623704319999999	0.1036216	1	0	0	0	0
2025-02-21 23:48:20	49.990161391525426	0.10641956698305086	0.1036216	1	0	0	0	0
2025-02-21 23:48:30	50.163289543661975	0.10646661697183099	0.1036216	1	0	0	0	0
2025-02-21 23:48:40	50.339013662	0.10669206124	0.1036216	1	0	0	0	0
2025-02-21 23:48:50	50.42419816393443	0.10652340422950819	0.1036216	1	0	0	0	0
2025-02-21 23:49:00	50.41762	0.10634931880882352	0.1036216	1	0	0	0	0
2025-02-21 23:49:10	50.428618	0.10668450953333333	0.1036216	1	0	0	0	0
2025-02-21 23:49:20	50.589949620253165	0.10643256913924051	0.1036216	1	0	0	0	0
2025-02-21 23:49:30	50.70276	0.10695417990243902	0.1036216	1	0	0	0	0
2025-02-21 23:49:40	51.3209	0.10702075033333333	0.1036216	1	0	0	0	0
2025-02-21 23:49:50	51.1722206557377	0.10711426980327869	0.1036216	1	0	0	0	0
2025-02-21 23:50:00	51.1722206557377	0.10711426980327869	0.1036216	1	1	1	1	1
2025-02-21 23:50:10	51.20422988902439	0.10695302285365854	0.1036216	1	0	0	0	0
2025-02-21 23:50:20	50.921958536666665	0.10620150636666667	0.1036216	1	0	0	0	0
2025-02-21 23:50:30	50.29495288571428	0.10562509771428572	0.1036216	1	0	0	0	0
2025-02-21 23:50:40	50.152408	0.10522279236	0.1036216	1	0	0	0	0
2025-02-21 23:50:50	50.33310487241379	0.10569276524137931	0.1036216	1	0	0	0	0
2025-02-21 23:51:00	50.54332	0.10575653133333333	0.1036216	1	0	0	0	0
2025-02-21 23:51:10	50.48046981265823	0.10589810288607594	0.1036216	1	0	0	0	0
2025-02-21 23:51:20	50.66291881714286	0.10576884371428572	0.1036216	1	0	0	0	0
2025-02-21 23:51:30	50.4180336	0.1057082974	0.1036216	1	0	0	0	0
2025-02-21 23:51:40	50.62768	0.10561588992	0.1036216	1	0	0	0	0
2025-02-21 23:51:50	50.552954642857145	0.10559109197142857	0.1036216	1	0	0	0	0
2025-02-21 23:52:00	50.593616921951224	0.105568398	0.1036216	1	0	0	0	0
2025-02-21 23:52:10	50.593616921951224	0.105568398	0.1036216	1	1	1	1	1
2025-02-21 23:52:20	50.695013425	0.10553542515	0.1036216	1	0	0	0	0
2025-02-21 23:52:30	50.65470298666667	0.10553893424444445	0.1036216	1	0	0	0	0
2025-02-21 23:52:40	50.7443771	0.105533827	0.1036216	1	0	0	0	0
2025-02-21 23:52:50	50.70612246285714	0.10541239845714286	0.1036216	1	0	0	0	0
2025-02-21 23:53:00	50.6082649	0.10512927728	0.1036216	1	0	0	0	0
2025-02-21 23:53:10	50.57880399666667	0.10523054863333332	0.1036216	1	0	0	0	0
2025-02-21 23:53:20	50.42299012278481	0.10540871739240507	0.1036216	1	0	0	0	0
2025-02-21 23:53:30	50.88590408461538	0.10561168963461538	0.1036216	1	0	0	0	0
2025-02-21 23:53:40	50.78009648	0.1048475596	0.1036216	1	0	0	0	0
2025-02-21 23:53:50	50.18564336666667	0.10455985396666666	0.1036216	1	0	0	0	0
2025-02-21 23:54:00	49.9637396877551	0.10421458628571428	0.1036216	1	0	0	0	0
2025-02-21 23:54:10	49.83010627142857	0.10414907704285714	0.1036216	1	0	0	0	0
2025-02-21 23:54:20	49.85117404262295	0.10414217259016392	0.1036216	1	0	0	0	0
2025-02-21 23:54:30	50.0977669	0.1044554393	0.1036216	1	0	0	0	0
2025-02-21 23:54:40	50.31883761	0.1046785882	0.1036216	1	0	0	0	0
2025-02-21 23:54:50	50.288910666666666	0.1047693772	0.1036216	1	0	0	0	0
2025-02-21 23:55:00	50.288910666666666	0.1047693772	0.1036216	1	1	1	1	1
2025-02-21 23:55:10	50.71338118333333	0.1049465737	0.1036216	1	0	0	0	0
2025-02-21 23:55:20	50.633710799999996	0.104970428	0.1036216	1	0	0	0	0
2025-02-21 23:55:30	50.7792435	0.10493118730612244	0.1036216	1	0	0	0	0
2025-02-21 23:55:40	50.660848073770495	0.10491414567213114	0.1036216	1	0	0	0	0
2025-02-21 23:55:50	50.63928	0.10484625872	0.1036216	1	0	0	0	0
2025-02-21 23:56:00	50.778180594285715	0.10505007545714286	0.1036216	1	0	0	0	0
2025-02-21 23:56:10	51.00606	0.10503086439999999	0.1036216	1	0	0	0	0
2025-02-21 23:56:20	50.72918767638889	0.10496487511111112	0.1036216	1	0	0	0	0
2025-02-21 23:56:30	50.807088657971015	0.10472552327536232	0.1036216	1	0	0	0	0
2025-02-21 23:56:40	50.68770312666667	0.1049153408	0.1036216	1	0	0	0	0
2025-02-21 23:56:50	50.878434292	0.104910928	0.1036216	1	0	0	0	0
2025-02-21 23:57:00	50.78087	0.10491963671739131	0.1036216	1	0	0	0	0
2025-02-21 23:57:10	50.81221643333333	0.10458578933333333	0.1036216	1	0	0	0	0
2025-02-21 23:57:20	50.62086006	0.1046691706	0.1036216	1	0	0	0	0
2025-02-21 23:57:30	50.7206726	0.1045696812	0.1036216	1	0	0	0	0
2025-02-21 23:57:40	50.6575130704918	0.1044243194590164	0.1036216	1	0	0	0	0
2025-02-21 23:57:50	50.555472800000004	0.10443808482608696	0.1036216	1	0	0	0	0
2025-02-21 23:58:00	50.7459068	0.10461383337254902	0.1036216	1	0	0	0	0
2025-02-21 23:58:10	50.78827209	0.1046868694	0.1036216	1	0	0	0	0
2025-02-21 23:58:20	50.6134516559322	0.10444350230508474	0.1036216	1	0	0	0	0
2025-02-21 23:58:30	50.7668953	0.10452701386885245	0.1036216	1	0	0	0	0
2025-02-21 23:58:40	50.557881386956524	0.10434628860869566	0.1036216	1	0	0	0	0
2025-02-21 23:58:50	50.787839294117646	0.1046400595882353	0.1036216	1	0	0	0	0
2025-02-21 23:59:00	50.927895014084505	0.10471455729577465	0.1036216	1	0	0	0	0
2025-02-21 23:59:10	51.0135796	0.10459548	0.1036216	1	0	0	0	0
2025-02-21 23:59:20	50.96111	0.10486579126666667	0.1036216	1	0	0	0	0
2025-02-21 23:59:30	51.328059370000005	0.1050141017	0.1036216	1	0	0	0	0
2025-02-21 23:59:40	51.34815264	0.1051735813	0.1036216	1	0	0	0	0
2025-02-21 23:59:50	51.3840866	0.10509279832	0.1036216	1	0	0	0	0
2025-02-22 00:00:00	51.3840866	0.10509279832	0.1036216	1	1	1	1	1
