PROCESSDATA	2111LIC33102 Data	yyyy-MM-dd HH:mm:ss
8	10	2024-11-13 21:55:00	751
tagname	2111LIC33102.MV	2111LIC33102.PV	2111LIC33102.SV	2111LIC33102.MODE	bOpOFL	bPvOFL	bSpOFL	bAutOFL
desc	D301水包_OP	D301水包_PV	D301水包_SP	Aut	bOpOFL	bPvOFL	bSpOFL	bAutOFL
fsMax=1.46171798592853	fsMin=0	fsGridNum=10	fdMax=1.46171798592853tfdMin=0	fdGridNum=10	v0GridNum=10	L=24
2024-11-13 21:55:00	50.808423636363635	51.11130560606061	51.0030556	1	0	0	0	0
2024-11-13 21:55:10	50.90621151515152	51.100270252525256	51.0030556	1	0	0	0	0
2024-11-13 21:55:20	50.93927872	51.189497800000005	51.0030556	1	0	0	0	0
2024-11-13 21:55:30	50.94591072	51.3196778	51.0030556	1	0	0	0	0
2024-11-13 21:55:40	50.881937480000005	51.2531026	51.0030556	1	0	0	0	0
2024-11-13 21:55:50	50.78912548	51.1061626	51.0030556	1	0	0	0	0
2024-11-13 21:56:00	50.61347027227723	50.970072524752474	51.0030556	1	0	0	0	0
2024-11-13 21:56:10	50.4039776980198	50.8384141089109	51.0030556	1	0	0	0	0
2024-11-13 21:56:20	50.39392237164179	50.84919552238806	51.0030556	1	0	0	0	0
2024-11-13 21:56:30	50.473469287064674	50.92397164179104	51.0030556	1	0	0	0	0
2024-11-13 21:56:40	50.646111940201	50.996057975879395	51.0030556	1	0	0	0	0
2024-11-13 21:56:50	50.86256435226131	51.066878528643215	51.0030556	1	0	0	0	0
2024-11-13 21:57:00	50.9296646	51.0888329	51.0030556	1	0	0	0	0
2024-11-13 21:57:10	50.72153763529412	51.00103222941176	51.0030556	1	0	0	0	0
2024-11-13 21:57:20	50.421065405025125	50.87426154924623	51.0030556	1	0	0	0	0
2024-11-13 21:57:30	50.41656826934673	50.872345619597986	51.0030556	1	0	0	0	0
2024-11-13 21:57:40	50.43940692587065	50.863098045771146	51.0030556	1	0	0	0	0
2024-11-13 21:57:50	50.47341090597015	50.85085585671642	51.0030556	1	0	0	0	0
2024-11-13 21:58:00	50.5310651	50.880263180099504	51.0030556	1	0	0	0	0
2024-11-13 21:58:10	50.5988551	50.92752029452736	51.0030556	1	0	0	0	0
2024-11-13 21:58:20	50.650345	50.93932486515151	51.0030556	1	0	0	0	0
2024-11-13 21:58:30	50.69451166666667	50.93520148131313	51.0030556	1	0	0	0	0
2024-11-13 21:58:40	50.68953368756219	50.93634357810945	51.0030556	1	0	0	0	0
2024-11-13 21:58:50	50.66448254328358	50.93963636417911	51.0030556	1	0	0	0	0
2024-11-13 21:59:00	50.63389984321608	50.94327973266332	51.0030556	1	0	0	0	0
2024-11-13 21:59:10	50.60094647638191	50.94707335075377	51.0030556	1	0	0	0	0
2024-11-13 21:59:20	50.532978299999996	50.932916878	51.0030556	1	0	0	0	0
2024-11-13 21:59:30	50.4507083	50.911428678	51.0030556	1	0	0	0	0
2024-11-13 21:59:40	50.568488752	50.974358342	51.0030556	1	0	0	0	0
2024-11-13 21:59:50	50.767979952000005	51.071768542	51.0030556	1	0	0	0	0
2024-11-13 22:00:00	50.862648231343286	51.15946968557214	51.0030556	1	0	0	0	0
2024-11-13 22:00:10	50.91450151492537	51.24320515820895	51.0030556	1	0	0	0	0
2024-11-13 22:00:20	50.895944574999994	51.23201477	51.0030556	1	0	0	0	0
2024-11-13 22:00:30	50.847211824999995	51.18014187	51.0030556	1	0	0	0	0
2024-11-13 22:00:40	50.69056164824121	51.09363531658292	51.0030556	1	0	0	0	0
2024-11-13 22:00:50	50.487661145728644	50.992285768844226	51.0030556	1	0	0	0	0
2024-11-13 22:01:00	50.503379727	50.975516638	51.0030556	1	0	0	0	0
2024-11-13 22:01:10	50.608393427	50.993294438	51.0030556	1	0	0	0	0
2024-11-13 22:01:20	50.6903320205	51.049462470499996	51.0030556	1	0	0	0	0
2024-11-13 22:01:30	50.762845570500005	51.1213110205	51.0030556	1	0	0	0	0
2024-11-13 22:01:40	50.6366544025	51.029313687	51.0030556	1	0	0	0	0
2024-11-13 22:01:50	50.4293021525	50.870393387	51.0030556	1	0	0	0	0
2024-11-13 22:02:00	50.484448156	50.8483376925	51.0030556	1	0	0	0	0
2024-11-13 22:02:10	50.646811756	50.882184442500005	51.0030556	1	0	0	0	0
2024-11-13 22:02:20	50.693462502500005	50.95885715	51.0030556	1	0	0	0	0
2024-11-13 22:02:30	50.6928502525	51.05302215	51.0030556	1	0	0	0	0
2024-11-13 22:02:40	50.7926708395	51.0758299135	51.0030556	1	0	0	0	0
2024-11-13 22:02:50	50.9335132895	51.069491763500004	51.0030556	1	0	0	0	0
2024-11-13 22:03:00	50.966542417	51.0906847865	51.0030556	1	0	0	0	0
2024-11-13 22:03:10	50.955535117	51.1231229365	51.0030556	1	0	0	0	0
2024-11-13 22:03:20	51.049707785	51.152298956	51.0030556	1	0	0	0	0
2024-11-13 22:03:30	51.186841285	51.180142556	51.0030556	1	0	0	0	0
2024-11-13 22:03:40	51.1991401	51.174167294	51.0030556	1	0	0	0	0
2024-11-13 22:03:50	51.160450100000006	51.154378694	51.0030556	1	0	0	0	0
2024-11-13 22:04:00	51.02643124	51.092590186	51.0030556	1	0	0	0	0
2024-11-13 22:04:10	50.853475239999995	51.013646786	51.0030556	1	0	0	0	0
2024-11-13 22:04:20	50.7733844	50.9656297435	51.0030556	1	0	0	0	0
2024-11-13 22:04:30	50.7312244	50.9302445935	51.0030556	1	0	0	0	0
2024-11-13 22:04:40	50.59202306896552	50.91540123152709	51.0030556	1	0	0	0	0
2024-11-13 22:04:50	50.41318513793103	50.9089481773399	51.0030556	1	0	0	0	0
2024-11-13 22:05:00	50.43978817810945	50.94010955621891	51.0030556	1	0	0	0	0
2024-11-13 22:05:10	50.56306932238806	50.98897184477612	51.0030556	1	0	0	0	0
2024-11-13 22:05:20	50.6469766372449	50.97207278367347	51.0030556	1	0	0	0	0
2024-11-13 22:05:30	50.71149087193878	50.92278380408163	51.0030556	1	0	0	0	0
2024-11-13 22:05:40	50.65147875	50.9180193715	51.0030556	1	0	0	0	0
2024-11-13 22:05:50	50.54060375	50.9314410215	51.0030556	1	0	0	0	0
2024-11-13 22:06:00	50.562776999	50.9365114385	51.0030556	1	0	0	0	0
2024-11-13 22:06:10	50.639293899	50.938170788499995	51.0030556	1	0	0	0	0
2024-11-13 22:06:20	50.771465001	50.96474734	51.0030556	1	0	0	0	0
2024-11-13 22:06:30	50.926368101	51.001501340000004	51.0030556	1	0	0	0	0
2024-11-13 22:06:40	50.907104367	51.03920958	51.0030556	1	0	0	0	0
2024-11-13 22:06:50	50.816702067	51.077307579999996	51.0030556	1	0	0	0	0
2024-11-13 22:07:00	50.794196783	51.0429233485	51.0030556	1	0	0	0	0
2024-11-13 22:07:10	50.799424083	50.9789336985	51.0030556	1	0	0	0	0
2024-11-13 22:07:20	50.667123531	50.983777589999995	51.0030556	1	0	0	0	0
2024-11-13 22:07:30	50.478649631	51.01673659	51.0030556	1	0	0	0	0
2024-11-13 22:07:40	50.6019633079602	51.11852836268657	51.0030556	1	0	0	0	0
2024-11-13 22:07:50	50.85262684029851	51.248434929850745	51.0030556	1	0	0	0	0
2024-11-13 22:08:00	50.89258476567164	51.221894526865675	51.0030556	1	0	0	0	0
2024-11-13 22:08:10	50.8422402880597	51.12830542238806	51.0030556	1	0	0	0	0
2024-11-13 22:08:20	50.72903561363636	51.06051124545454	51.0030556	1	0	0	0	0
2024-11-13 22:08:30	50.58758940151515	51.00430609393939	51.0030556	1	0	0	0	0
2024-11-13 22:08:40	50.49022247635468	50.91567173004926	51.0030556	1	0	0	0	0
2024-11-13 22:08:50	50.410859766995074	50.813791631527096	51.0030556	1	0	0	0	0
2024-11-13 22:09:00	50.41251499746193	50.77263649746193	51.0030556	1	0	0	0	0
2024-11-13 22:09:10	50.452296317258885	50.76005781725888	51.0030556	1	0	0	0	0
2024-11-13 22:09:20	50.3834918205	50.803301950000005	51.0030556	1	0	0	0	0
2024-11-13 22:09:30	50.2703353705	50.86934695	51.0030556	1	0	0	0	0
2024-11-13 22:09:40	50.427495800500004	50.936503099999996	51.0030556	1	0	0	0	0
2024-11-13 22:09:50	50.695067350500004	51.0041131	51.0030556	1	0	0	0	0
2024-11-13 22:10:00	50.7394102855	51.011092649999995	51.0030556	1	0	0	0	0
2024-11-13 22:10:10	50.6925753355	50.99330765	51.0030556	1	0	0	0	0
2024-11-13 22:10:20	50.716726697512435	51.028200358208956	51.0030556	1	0	0	0	0
2024-11-13 22:10:30	50.769872468656715	51.084609313432836	51.0030556	1	0	0	0	0
2024-11-13 22:10:40	50.77431453830846	50.997780019900496	51.0030556	1	0	0	0	0
2024-11-13 22:10:50	50.757883593034826	50.84956290547264	51.0030556	1	0	0	0	0
2024-11-13 22:11:00	50.70111443636363	50.85672273939394	51.0030556	1	0	0	0	0
2024-11-13 22:11:10	50.626222315151516	50.933689608080805	51.0030556	1	0	0	0	0
2024-11-13 22:11:20	50.702349907	50.974720843	51.0030556	1	0	0	0	0
2024-11-13 22:11:30	50.840161607	51.001074143	51.0030556	1	0	0	0	0
2024-11-13 22:11:40	50.810800115	50.9899891075	51.0030556	1	0	0	0	0
2024-11-13 22:11:50	50.713156615	50.9636123575	51.0030556	1	0	0	0	0
2024-11-13 22:12:00	50.66776237	50.973668157	51.0030556	1	0	0	0	0
2024-11-13 22:12:10	50.643709369999996	50.998604857000004	51.0030556	1	0	0	0	0
2024-11-13 22:12:20	50.729609064676616	51.01261028855721	51.0030556	1	0	0	0	0
2024-11-13 22:12:30	50.86041901492537	51.022150835820895	51.0030556	1	0	0	0	0
2024-11-13 22:12:40	50.76981823762376	51.02016047524752	51.0030556	1	0	0	0	0
2024-11-13 22:12:50	50.58432714851485	51.013228297029706	51.0030556	1	0	0	0	0
2024-11-13 22:13:00	50.62179085076142	51.03006832893401	51.0030556	1	0	0	0	0
2024-11-13 22:13:10	50.76417445482233	51.05809528324873	51.0030556	1	0	0	0	0
2024-11-13 22:13:20	50.7849601545	51.0909264495	51.0030556	1	0	0	0	0
2024-11-13 22:13:30	50.7560791045	51.1257198995	51.0030556	1	0	0	0	0
2024-11-13 22:13:40	50.752878222	51.14309815	51.0030556	1	0	0	0	0
2024-11-13 22:13:50	50.760166422	51.15336315	51.0030556	1	0	0	0	0
2024-11-13 22:14:00	50.831023975	51.1560702	51.0030556	1	0	0	0	0
2024-11-13 22:14:10	50.927846475	51.1556902	51.0030556	1	0	0	0	0
2024-11-13 22:14:20	50.8809527985	51.126127993000004	51.0030556	1	0	0	0	0
2024-11-13 22:14:30	50.7753581485	51.084646293000006	51.0030556	1	0	0	0	0
2024-11-13 22:14:40	50.72475939138756	51.07716651100479	51.0030556	1	0	0	0	0
2024-11-13 22:14:50	50.696623745454545	51.08357483636364	51.0030556	1	0	0	0	0
2024-11-13 22:15:00	50.75921350575916	51.0721499486911	51.0030556	1	0	0	0	0
2024-11-13 22:15:10	50.877409160209424	51.04979502722513	51.0030556	1	0	0	0	0
2024-11-13 22:15:20	50.8213682555	51.0600957545	51.0030556	1	0	0	0	0
2024-11-13 22:15:30	50.6941603055	51.083734704499996	51.0030556	1	0	0	0	0
2024-11-13 22:15:40	50.7902601	51.1753293165	51.0030556	1	0	0	0	0
2024-11-13 22:15:50	50.977570099999994	51.2946804665	51.0030556	1	0	0	0	0
2024-11-13 22:16:00	50.931423615499995	51.2356156455	51.0030556	1	0	0	0	0
2024-11-13 22:16:10	50.789921665499996	51.1036766955	51.0030556	1	0	0	0	0
2024-11-13 22:16:20	50.6489443345	51.0404331565	51.0030556	1	0	0	0	0
2024-11-13 22:16:30	50.5081812845	51.0052483065	51.0030556	1	0	0	0	0
2024-11-13 22:16:40	50.5776209055	51.0083342315	51.0030556	1	0	0	0	0
2024-11-13 22:16:50	50.7329179555	51.0270518815	51.0030556	1	0	0	0	0
2024-11-13 22:17:00	50.795790507	51.016027028	51.0030556	1	0	0	0	0
2024-11-13 22:17:10	50.820912207	50.992853828	51.0030556	1	0	0	0	0
2024-11-13 22:17:20	50.830117766	51.045070487000004	51.0030556	1	0	0	0	0
2024-11-13 22:17:30	50.832822365999995	51.128080187	51.0030556	1	0	0	0	0
2024-11-13 22:17:40	50.9931849865	51.188803555	51.0030556	1	0	0	0	0
2024-11-13 22:17:50	51.217943136500004	51.240424055000005	51.0030556	1	0	0	0	0
2024-11-13 22:18:00	51.153356477500004	51.2519569965	51.0030556	1	0	0	0	0
2024-11-13 22:18:10	50.9705867275	51.2471161465	51.0030556	1	0	0	0	0
2024-11-13 22:18:20	50.838071948999996	51.2039306105	51.0030556	1	0	0	0	0
2024-11-13 22:18:30	50.726083849	51.1450831605	51.0030556	1	0	0	0	0
2024-11-13 22:18:40	50.846651402985074	51.225062919900495	51.0030556	1	0	0	0	0
2024-11-13 22:18:50	51.062206477611944	51.36174675074626	51.0030556	1	0	0	0	0
2024-11-13 22:19:00	51.08377797487437	51.37045351306533	51.0030556	1	0	0	0	0
2024-11-13 22:19:10	51.022213653266334	51.32431296030151	51.0030556	1	0	0	0	0
2024-11-13 22:19:20	50.99867646766169	51.18569872636816	51.0030556	1	0	0	0	0
2024-11-13 22:19:30	50.99067149253732	51.00931355223881	51.0030556	1	0	0	0	0
2024-11-13 22:19:40	50.95402448743719	50.964277361809046	51.0030556	1	0	0	0	0
2024-11-13 22:19:50	50.90510232663316	50.97553359296483	51.0030556	1	0	0	0	0
2024-11-13 22:20:00	50.792270979	50.9044892645	51.0030556	1	0	0	0	0
2024-11-13 22:20:10	50.653335879000004	50.7998292145	51.0030556	1	0	0	0	0
2024-11-13 22:20:20	50.6182273095	50.794448216	51.0030556	1	0	0	0	0
2024-11-13 22:20:30	50.6255267595	50.829617815999995	51.0030556	1	0	0	0	0
2024-11-13 22:20:40	50.572786941	50.817192104499995	51.0030556	1	0	0	0	0
2024-11-13 22:20:50	50.495524040999996	50.7853260545	51.0030556	1	0	0	0	0
2024-11-13 22:21:00	50.436559367499996	50.798635316500004	51.0030556	1	0	0	0	0
2024-11-13 22:21:10	50.385068617499996	50.830396466500005	51.0030556	1	0	0	0	0
2024-11-13 22:21:20	50.507892700999996	50.8927778575	51.0030556	1	0	0	0	0
2024-11-13 22:21:30	50.701915801	50.9676661075	51.0030556	1	0	0	0	0
2024-11-13 22:21:40	50.70823897	50.9493880865	51.0030556	1	0	0	0	0
2024-11-13 22:21:50	50.63789597	50.8930562365	51.0030556	1	0	0	0	0
2024-11-13 22:22:00	50.6866496125	50.87856955	51.0030556	1	0	0	0	0
2024-11-13 22:22:10	50.7840483625	50.88117455	51.0030556	1	0	0	0	0
2024-11-13 22:22:20	50.740404015	50.8902385975	51.0030556	1	0	0	0	0
2024-11-13 22:22:30	50.639150515	50.9019408475	51.0030556	1	0	0	0	0
2024-11-13 22:22:40	50.683390214999996	50.9604005025	51.0030556	1	0	0	0	0
2024-11-13 22:22:50	50.787056715	51.037958252500005	51.0030556	1	0	0	0	0
2024-11-13 22:23:00	50.721235849	50.9999359545	51.0030556	1	0	0	0	0
2024-11-13 22:23:10	50.586187749	50.9147049045	51.0030556	1	0	0	0	0
2024-11-13 22:23:20	50.509521458	50.8702257955	51.0030556	1	0	0	0	0
2024-11-13 22:23:30	50.456701258	50.842391845499996	51.0030556	1	0	0	0	0
2024-11-13 22:23:40	50.415030543	50.8067535755	51.0030556	1	0	0	0	0
2024-11-13 22:23:50	50.377913843	50.7679276255	51.0030556	1	0	0	0	0
2024-11-13 22:24:00	50.3699616	50.7915419155	51.0030556	1	0	0	0	0
2024-11-13 22:24:10	50.3739216	50.8406599655	51.0030556	1	0	0	0	0
2024-11-13 22:24:20	50.36220835	50.835980357	51.0030556	1	0	0	0	0
2024-11-13 22:24:30	50.34409335	50.809327057	51.0030556	1	0	0	0	0
2024-11-13 22:24:40	50.5109395625	50.827545402	51.0030556	1	0	0	0	0
2024-11-13 22:24:50	50.7533333125	50.864091602	51.0030556	1	0	0	0	0
2024-11-13 22:25:00	50.669275133	50.868909215500004	51.0030556	1	0	0	0	0
2024-11-13 22:25:10	50.451877433	50.8607672655	51.0030556	1	0	0	0	0
2024-11-13 22:25:20	50.4316266045	50.819575241500004	51.0030556	1	0	0	0	0
2024-11-13 22:25:30	50.4919005545	50.7648838915	51.0030556	1	0	0	0	0
2024-11-13 22:25:40	50.5173916755	50.767404093	51.0030556	1	0	0	0	0
2024-11-13 22:25:50	50.5286757255	50.793292393	51.0030556	1	0	0	0	0
2024-11-13 22:26:00	50.5698379245	50.853645300000004	51.0030556	1	0	0	0	0
2024-11-13 22:26:10	50.6232038745	50.9280753	51.0030556	1	0	0	0	0
2024-11-13 22:26:20	50.720807688	50.97102745	51.0030556	1	0	0	0	0
2024-11-13 22:26:30	50.836480488	51.00112245	51.0030556	1	0	0	0	0
2024-11-13 22:26:40	50.838788319900495	51.03161432587065	51.0030556	1	0	0	0	0
2024-11-13 22:26:50	50.79479215074627	51.06226830597015	51.0030556	1	0	0	0	0
2024-11-13 22:27:00	50.7815933	51.0714645	51.0030556	1	0	0	0	0
2024-11-13 22:27:10	50.795521004	51.123604014	51.0030556	1	0	0	0	0
2024-11-13 22:27:20	50.888988620999996	51.249982118	51.0030556	1	0	0	0	0
2024-11-13 22:27:30	50.993543720999995	51.326567918	51.0030556	1	0	0	0	0
2024-11-13 22:27:40	51.01285899	51.3066453705	51.0030556	1	0	0	0	0
2024-11-13 22:27:50	50.997357990000005	51.247303920499995	51.0030556	1	0	0	0	0
2024-11-13 22:28:00	50.9608407415	51.222795674	51.0030556	1	0	0	0	0
2024-11-13 22:28:10	50.9157393915	51.212515074	51.0030556	1	0	0	0	0
2024-11-13 22:28:20	50.976164347499996	51.1792303675	51.0030556	1	0	0	0	0
2024-11-13 22:28:30	51.0796915975	51.136549617499995	51.0030556	1	0	0	0	0
2024-11-13 22:28:40	51.0452733025	51.080985669	51.0030556	1	0	0	0	0
2024-11-13 22:28:50	50.9545110525	51.02015956899999	51.0030556	1	0	0	0	0
2024-11-13 22:29:00	50.9918227205	51.0567427	51.0030556	1	0	0	0	0
2024-11-13 22:29:10	51.081446270499995	51.1331127	51.0030556	1	0	0	0	0
2024-11-13 22:29:20	51.2629565295	51.22432525	51.0030556	1	0	0	0	0
2024-11-13 22:29:30	51.4819979795	51.321600249999996	51.0030556	1	0	0	0	0
2024-11-13 22:29:40	51.45291754	51.34982065	51.0030556	1	0	0	0	0
2024-11-13 22:29:50	51.32249154	51.34983565	51.0030556	1	0	0	0	0
2024-11-13 22:30:00	51.32249154	51.34983565	51.0030556	1	0	0	0	0
2024-11-13 22:30:10	51.18424141	51.3355072075	51.0030556	1	0	0	0	0
2024-11-13 22:30:20	51.0896851	51.24105198	51.0030556	1	0	0	0	0
2024-11-13 22:30:30	50.9804951	51.11143998	51.0030556	1	0	0	0	0
2024-11-13 22:30:40	50.9377767555	51.0644813165	51.0030556	1	0	0	0	0
2024-11-13 22:30:50	50.9222088055	51.0512824665	51.0030556	1	0	0	0	0
2024-11-13 22:31:00	50.905796594499996	51.0393295245	51.0030556	1	0	0	0	0
2024-11-13 22:31:10	50.905796594499996	51.0393295245	51.0030556	1	0	0	0	0
2024-11-13 22:31:20	50.8890395445	51.0278854745	51.0030556	1	0	0	0	0
2024-11-13 22:31:30	50.931180189500004	51.0498309495	51.0030556	1	0	0	0	0
2024-11-13 22:31:40	50.9973776395	51.0854143995	51.0030556	1	0	0	0	0
2024-11-13 22:31:50	51.0107138145	51.105397303500006	51.0030556	1	0	0	0	0
2024-11-13 22:32:00	51.0024587645	51.119008153500005	51.0030556	1	0	0	0	0
2024-11-13 22:32:10	51.0253304695	51.1286890825	51.0030556	1	0	0	0	0
2024-11-13 22:32:20	51.060915919500005	51.1367648325	51.0030556	1	0	0	0	0
2024-11-13 22:32:30	51.073723398	51.1154770415	51.0030556	1	0	0	0	0
2024-11-13 22:32:40	51.077227197999996	51.082195691500004	51.0030556	1	0	0	0	0
2024-11-13 22:32:50	50.9760526805	51.0193653485	51.0030556	1	0	0	0	0
2024-11-13 22:33:00	50.8321222305	50.9444656985	51.0030556	1	0	0	0	0
2024-11-13 22:33:10	50.95453637810945	51.00508544278607	51.0030556	1	0	0	0	0
2024-11-13 22:33:20	51.185739164179104	51.12105817910448	51.0030556	1	0	0	0	0
2024-11-13 22:33:30	51.08876733668342	51.10452659798995	51.0030556	1	0	0	0	0
2024-11-13 22:33:40	50.85114924623116	51.031207452261306	51.0030556	1	0	0	0	0
2024-11-13 22:33:50	50.717203006	50.9788132105	51.0030556	1	0	0	0	0
2024-11-13 22:34:00	50.625601606	50.9349657605	51.0030556	1	0	0	0	0
2024-11-13 22:34:10	50.7365999485	50.9468205085	51.0030556	1	0	0	0	0
2024-11-13 22:34:20	50.9303502985	50.9814268585	51.0030556	1	0	0	0	0
2024-11-13 22:34:30	51.054586004	51.056443462	51.0030556	1	0	0	0	0
2024-11-13 22:34:40	51.150428404	51.147965662	51.0030556	1	0	0	0	0
2024-11-13 22:34:50	51.1712484765	51.1706066795	51.0030556	1	0	0	0	0
2024-11-13 22:35:00	51.1614256265	51.1651131295	51.0030556	1	0	0	0	0
2024-11-13 22:35:10	51.1128518285	51.114922843	51.0030556	1	0	0	0	0
2024-11-13 22:35:20	51.0484501785	51.046476143	51.0030556	1	0	0	0	0
2024-11-13 22:35:30	50.9445351825	51.0247062985	51.0030556	1	0	0	0	0
2024-11-13 22:35:40	50.8244809325	51.0220016485	51.0030556	1	0	0	0	0
2024-11-13 22:35:50	50.8311327145	51.058490809000006	51.0030556	1	0	0	0	0
2024-11-13 22:36:00	50.889537664500004	51.110988709000004	51.0030556	1	0	0	0	0
2024-11-13 22:36:10	50.8599824895	51.0906933265	51.0030556	1	0	0	0	0
2024-11-13 22:36:20	50.7944999395	51.0406654765	51.0030556	1	0	0	0	0
2024-11-13 22:36:30	50.7599049455	51.017262023	51.0030556	1	0	0	0	0
2024-11-13 22:36:40	50.7379259955	51.004733323	51.0030556	1	0	0	0	0
2024-11-13 22:36:50	50.8493048545	51.062005433	51.0030556	1	0	0	0	0
2024-11-13 22:37:00	51.015153804499995	51.147787733	51.0030556	1	0	0	0	0
2024-11-13 22:37:10	50.98856155	51.089379967	51.0030556	1	0	0	0	0
2024-11-13 22:37:20	50.88336655	50.972077667	51.0030556	1	0	0	0	0
2024-11-13 22:37:30	50.817907481	50.922913357	51.0030556	1	0	0	0	0
2024-11-13 22:37:40	50.768678581	50.901580057000004	51.0030556	1	0	0	0	0
2024-11-13 22:37:50	50.785771278	50.9167656425	51.0030556	1	0	0	0	0
2024-11-13 22:38:00	50.829953078	50.9468673925	51.0030556	1	0	0	0	0
2024-11-13 22:38:10	50.827250241	50.979431138500004	51.0030556	1	0	0	0	0
2024-11-13 22:38:20	50.805397340999995	51.0130004885	51.0030556	1	0	0	0	0
2024-11-13 22:38:30	50.73605531	50.9917091325	51.0030556	1	0	0	0	0
2024-11-13 22:38:40	50.647316309999994	50.948009882499996	51.0030556	1	0	0	0	0
2024-11-13 22:38:50	50.68864474975124	50.9152583	51.0030556	1	0	0	0	0
2024-11-13 22:39:00	50.78309932686567	50.8869783	51.0030556	1	0	0	0	0
2024-11-13 22:39:10	50.75750794623115	50.86890384271357	51.0030556	1	0	0	0	0
2024-11-13 22:39:20	50.68046829798995	50.85520318944724	51.0030556	1	0	0	0	0
2024-11-13 22:39:30	50.800720786	50.9306239395	51.0030556	1	0	0	0	0
2024-11-13 22:39:40	51.001557386	51.0424463895	51.0030556	1	0	0	0	0
2024-11-13 22:39:50	51.0100877525	51.009737015	51.0030556	1	0	0	0	0
2024-11-13 22:40:00	50.9400705025	50.917993515	51.0030556	1	0	0	0	0
2024-11-13 22:40:10	50.78418017425742	50.89497378663366	51.0030556	1	0	0	0	0
2024-11-13 22:40:20	50.59321492673267	50.90002433118812	51.0030556	1	0	0	0	0
2024-11-13 22:40:30	50.58917632121212	50.90712226666667	51.0030556	1	0	0	0	0
2024-11-13 22:40:40	50.66911925050505	50.91514004444445	51.0030556	1	0	0	0	0
2024-11-13 22:40:50	50.6196474415	50.957935981	51.0030556	1	0	0	0	0
2024-11-13 22:41:00	50.5173160915	51.014937081	51.0030556	1	0	0	0	0
2024-11-13 22:41:10	50.5899851155	51.021252559	51.0030556	1	0	0	0	0
2024-11-13 22:41:20	50.734133165500005	51.006865459000004	51.0030556	1	0	0	0	0
2024-11-13 22:41:30	50.767273177	50.9796687875	51.0030556	1	0	0	0	0
2024-11-13 22:41:40	50.755071877	50.9472400375	51.0030556	1	0	0	0	0
2024-11-13 22:41:50	50.890920416	50.990758532	51.0030556	1	0	0	0	0
2024-11-13 22:42:00	51.087240015999996	51.065297732000005	51.0030556	1	0	0	0	0
2024-11-13 22:42:10	50.962249826	51.049304761	51.0030556	1	0	0	0	0
2024-11-13 22:42:20	50.706020426	50.996333861	51.0030556	1	0	0	0	0
2024-11-13 22:42:30	50.6812227325	50.9851214335	51.0030556	1	0	0	0	0
2024-11-13 22:42:40	50.750953482499995	50.9909652835	51.0030556	1	0	0	0	0
2024-11-13 22:42:50	50.819093016	50.9905611335	51.0030556	1	0	0	0	0
2024-11-13 22:43:00	50.886582616	50.9876049835	51.0030556	1	0	0	0	0
2024-11-13 22:43:10	50.7896011775	50.938756954	51.0030556	1	0	0	0	0
2024-11-13 22:43:20	50.6254414275	50.871164354	51.0030556	1	0	0	0	0
2024-11-13 22:43:30	50.609202829000004	50.844382447499996	51.0030556	1	0	0	0	0
2024-11-13 22:43:40	50.653382729	50.8342696975	51.0030556	1	0	0	0	0
2024-11-13 22:43:50	50.5506246145	50.777097615	51.0030556	1	0	0	0	0
2024-11-13 22:44:00	50.3878495645	50.700704115	51.0030556	1	0	0	0	0
2024-11-13 22:44:10	50.387655746	50.700981527	51.0030556	1	0	0	0	0
2024-11-13 22:44:20	50.453868346	50.732575227	51.0030556	1	0	0	0	0
2024-11-13 22:44:30	50.400147462	50.727138912499996	51.0030556	1	0	0	0	0
2024-11-13 22:44:40	50.297439661999995	50.706577662499996	51.0030556	1	0	0	0	0
2024-11-13 22:44:50	50.2588899115	50.693724634	51.0030556	1	0	0	0	0
2024-11-13 22:45:00	50.2465455615	50.684020034	51.0030556	1	0	0	0	0
2024-11-13 22:45:10	50.199790529	50.658736543	51.0030556	1	0	0	0	0
2024-11-13 22:45:20	50.138980429	50.627089843	51.0030556	1	0	0	0	0
2024-11-13 22:45:30	50.195870792	50.6583113	51.0030556	1	0	0	0	0
2024-11-13 22:45:40	50.300835992	50.7152113	51.0030556	1	0	0	0	0
2024-11-13 22:45:50	50.402169187	50.748147096	51.0030556	1	0	0	0	0
2024-11-13 22:46:00	50.502018887	50.771294696	51.0030556	1	0	0	0	0
2024-11-13 22:46:10	50.581583780500004	50.8290980705	51.0030556	1	0	0	0	0
2024-11-13 22:46:20	50.652863330500004	50.9010566205	51.0030556	1	0	0	0	0
2024-11-13 22:46:30	50.688435738	50.953123917	51.0030556	1	0	0	0	0
2024-11-13 22:46:40	50.709423538	50.997066617	51.0030556	1	0	0	0	0
2024-11-13 22:46:50	50.662133975	50.961252319	51.0030556	1	0	0	0	0
2024-11-13 22:47:00	50.586956475	50.892861219000004	51.0030556	1	0	0	0	0
2024-11-13 22:47:10	50.537246675	50.8553660885	51.0030556	1	0	0	0	0
2024-11-13 22:47:20	50.497939175	50.8304904385	51.0030556	1	0	0	0	0
2024-11-13 22:47:30	50.566734499999995	50.844445647	51.0030556	1	0	0	0	0
2024-11-13 22:47:40	50.6796845	50.874261347	51.0030556	1	0	0	0	0
2024-11-13 22:47:50	50.7522071	50.919942245499996	51.0030556	1	0	0	0	0
2024-11-13 22:48:00	50.8082171	50.9721032955	51.0030556	1	0	0	0	0
2024-11-13 22:48:10	50.81805935	51.0020350975	51.0030556	1	0	0	0	0
2024-11-13 22:48:20	50.80904435	51.022887347499996	51.0030556	1	0	0	0	0
2024-11-13 22:48:30	50.785106782999996	51.026262628	51.0030556	1	0	0	0	0
2024-11-13 22:48:40	50.755074083	51.022499428	51.0030556	1	0	0	0	0
2024-11-13 22:48:50	50.77479239950249	51.061488906965174	51.0030556	1	0	0	0	0
2024-11-13 22:49:00	50.814831553731345	51.117940747761196	51.0030556	1	0	0	0	0
2024-11-13 22:49:10	50.77575891809045	51.09773187286432	51.0030556	1	0	0	0	0
2024-11-13 22:49:20	50.70278122964824	51.04466840552764	51.0030556	1	0	0	0	0
2024-11-13 22:49:30	50.749120027	51.0366285	51.0030556	1	0	0	0	0
2024-11-13 22:49:40	50.844193727	51.0469785	51.0030556	1	0	0	0	0
2024-11-13 22:49:50	50.839324845	51.0377325	51.0030556	1	0	0	0	0
2024-11-13 22:50:00	50.793634345	51.0204825	51.0030556	1	0	0	0	0
2024-11-13 22:50:10	50.8294613945	51.090385852	51.0030556	1	0	0	0	0
2024-11-13 22:50:20	50.8985843445	51.195887052	51.0030556	1	0	0	0	0
2024-11-13 22:50:30	50.9992576	51.228625748	51.0030556	1	0	0	0	0
2024-11-13 22:50:40	51.1128176	51.231644548	51.0030556	1	0	0	0	0
2024-11-13 22:50:50	51.068986859	51.144702088	51.0030556	1	0	0	0	0
2024-11-13 22:51:00	50.960869759	51.021014888	51.0030556	1	0	0	0	0
2024-11-13 22:51:10	50.761034291	50.9631557995	51.0030556	1	0	0	0	0
2024-11-13 22:51:20	50.523736391	50.932184249500004	51.0030556	1	0	0	0	0
2024-11-13 22:51:30	50.5928314295	50.9601062765	51.0030556	1	0	0	0	0
2024-11-13 22:51:40	50.7870728795	51.0120834265	51.0030556	1	0	0	0	0
2024-11-13 22:51:50	50.913359058	51.092023536	51.0030556	1	0	0	0	0
2024-11-13 22:52:00	51.011888858	51.183385136	51.0030556	1	0	0	0	0
2024-11-13 22:52:10	51.072076705499995	51.203424751	51.0030556	1	0	0	0	0
2024-11-13 22:52:20	51.1166037555	51.194332851	51.0030556	1	0	0	0	0
2024-11-13 22:52:30	51.095850743	51.170961999	51.0030556	1	0	0	0	0
2024-11-13 22:52:40	51.048434043	51.141758899	51.0030556	1	0	0	0	0
2024-11-13 22:52:50	50.972035214	51.1202391705	51.0030556	1	0	0	0	0
2024-11-13 22:53:00	50.883798614	51.1018577205	51.0030556	1	0	0	0	0
2024-11-13 22:53:10	50.86724475	51.1199616795	51.0030556	1	0	0	0	0
2024-11-13 22:53:20	50.87996975	51.1529681295	51.0030556	1	0	0	0	0
2024-11-13 22:53:30	50.9875675415	51.212368581	51.0030556	1	0	0	0	0
2024-11-13 22:53:40	51.1339161915	51.282549681	51.0030556	1	0	0	0	0
2024-11-13 22:53:50	51.1143930085	51.2422048325	51.0030556	1	0	0	0	0
2024-11-13 22:54:00	51.0271193585	51.1567155825	51.0030556	1	0	0	0	0
2024-11-13 22:54:10	50.8210085	51.0387845865	51.0030556	1	0	0	0	0
2024-11-13 22:54:20	50.5663585	50.9076027365	51.0030556	1	0	0	0	0
2024-11-13 22:54:30	50.570194650000005	50.9318703455	51.0030556	1	0	0	0	0
2024-11-13 22:54:40	50.67960965	51.0196313955	51.0030556	1	0	0	0	0
2024-11-13 22:54:50	50.7368574	51.059642638	51.0030556	1	0	0	0	0
2024-11-13 22:55:00	50.7727974	51.080150438000004	51.0030556	1	0	0	0	0
2024-11-13 22:55:10	50.7991524	51.086763964	51.0030556	1	0	0	0	0
2024-11-13 22:55:20	50.8215924	51.087702364	51.0030556	1	0	0	0	0
2024-11-13 22:55:30	50.977472285	51.0869505025	51.0030556	1	0	0	0	0
2024-11-13 22:55:40	51.187855784999996	51.0855082525	51.0030556	1	0	0	0	0
2024-11-13 22:55:50	51.203680825	51.073200198	51.0030556	1	0	0	0	0
2024-11-13 22:56:00	51.140038325	51.056453998	51.0030556	1	0	0	0	0
2024-11-13 22:56:10	51.0278281685	51.014671352	51.0030556	1	0	0	0	0
2024-11-13 22:56:20	50.895780518500004	50.962662552000005	51.0030556	1	0	0	0	0
2024-11-13 22:56:30	50.8376114215	50.9523395205	51.0030556	1	0	0	0	0
2024-11-13 22:56:40	50.8096180715	50.959043070499995	51.0030556	1	0	0	0	0
2024-11-13 22:56:50	50.80464885	51.03293242949999	51.0030556	1	0	0	0	0
2024-11-13 22:57:00	50.80908385	51.1342638795	51.0030556	1	0	0	0	0
2024-11-13 22:57:10	50.81037	51.16365	51.0030556	1	0	0	0	0
2024-11-13 22:57:20	50.783132034	51.135339816	51.0030556	1	0	0	0	0
2024-11-13 22:57:30	50.7526598385	51.0598786355	51.0030556	1	0	0	0	0
2024-11-13 22:57:40	50.7627191885	51.0086586855	51.0030556	1	0	0	0	0
2024-11-13 22:57:50	50.814837838	50.9972242955	51.0030556	1	0	0	0	0
2024-11-13 22:58:00	50.884135638000004	51.0020403455	51.0030556	1	0	0	0	0
2024-11-13 22:58:10	50.892325726	51.004708965	51.0030556	1	0	0	0	0
2024-11-13 22:58:20	50.875556326	51.006500464999995	51.0030556	1	0	0	0	0
2024-11-13 22:58:30	50.9119264145	51.006890993	51.0030556	1	0	0	0	0
2024-11-13 22:58:40	50.9700013645	51.006709293	51.0030556	1	0	0	0	0
2024-11-13 22:58:50	50.82622477	50.986149456999996	51.0030556	1	0	0	0	0
2024-11-13 22:59:00	50.60000177	50.957266157	51.0030556	1	0	0	0	0
2024-11-13 22:59:10	50.4505588445	50.91104345	51.0030556	1	0	0	0	0
2024-11-13 22:59:20	50.3324767945	50.85773845	51.0030556	1	0	0	0	0
2024-11-13 22:59:30	50.2396522845	50.7393531815	51.0030556	1	0	0	0	0
2024-11-13 22:59:40	50.1571442345	50.5943858315	51.0030556	1	0	0	0	0
2024-11-13 22:59:50	50.065474877	50.5600386115	51.0030556	1	0	0	0	0
2024-11-13 23:00:00	49.970063577	50.5708742615	51.0030556	1	0	0	0	0
2024-11-13 23:00:10	50.0945474065	50.6208941725	51.0030556	1	0	0	0	0
2024-11-13 23:00:20	50.308847556500005	50.6869189225	51.0030556	1	0	0	0	0
2024-11-13 23:00:30	50.441814757	50.749349084500004	51.0030556	1	0	0	0	0
2024-11-13 23:00:40	50.541561457	50.8103110345	51.0030556	1	0	0	0	0
2024-11-13 23:00:50	50.533999963999996	50.84247116	51.0030556	1	0	0	0	0
2024-11-13 23:01:00	50.482608364	50.86286716	51.0030556	1	0	0	0	0
2024-11-13 23:01:10	50.4618410165	50.8756993525	51.0030556	1	0	0	0	0
2024-11-13 23:01:20	50.4535821665	50.8854421025	51.0030556	1	0	0	0	0
2024-11-13 23:01:30	50.5259156295	50.8778291865	51.0030556	1	0	0	0	0
2024-11-13 23:01:40	50.6311670795	50.8631273365	51.0030556	1	0	0	0	0
2024-11-13 23:01:50	50.59848225	50.845374439	51.0030556	1	0	0	0	0
2024-11-13 23:02:00	50.509457250000004	50.826375338999995	51.0030556	1	0	0	0	0
2024-11-13 23:02:10	50.574128364	50.891887538999995	51.0030556	1	0	0	0	0
2024-11-13 23:02:20	50.701576764	50.991918438999996	51.0030556	1	0	0	0	0
2024-11-13 23:02:30	50.677176186	50.962988773	51.0030556	1	0	0	0	0
2024-11-13 23:02:40	50.590752785999996	50.881385073	51.0030556	1	0	0	0	0
2024-11-13 23:02:50	50.632875098999996	50.9065396	51.0030556	1	0	0	0	0
2024-11-13 23:03:00	50.727501999	50.9752996	51.0030556	1	0	0	0	0
2024-11-13 23:03:10	50.916053734	51.12864545	51.0030556	1	0	0	0	0
2024-11-13 23:03:20	51.142969134	51.31654045	51.0030556	1	0	0	0	0
2024-11-13 23:03:30	51.1885181935	51.340814316999996	51.0030556	1	0	0	0	0
2024-11-13 23:03:40	51.1599880435	51.298257017	51.0030556	1	0	0	0	0
2024-11-13 23:03:50	51.0857892735	51.247865932	51.0030556	1	0	0	0	0
2024-11-13 23:04:00	50.9929371235	51.194275132	51.0030556	1	0	0	0	0
2024-11-13 23:04:10	50.9781251915	51.148756251	51.0030556	1	0	0	0	0
2024-11-13 23:04:20	50.995188841499996	51.106534351	51.0030556	1	0	0	0	0
2024-11-13 23:04:30	50.9209616145	51.0521243425	51.0030556	1	0	0	0	0
2024-11-13 23:04:40	50.8094465645	50.992736092499996	51.0030556	1	0	0	0	0
2024-11-13 23:04:50	50.71442048350001	50.9759950575	51.0030556	1	0	0	0	0
2024-11-13 23:05:00	50.6261293335	50.9766733075	51.0030556	1	0	0	0	0
2024-11-13 23:05:10	50.658444960500006	50.97093795	51.0030556	1	0	0	0	0
2024-11-13 23:05:20	50.740022510500005	50.96258295	51.0030556	1	0	0	0	0
2024-11-13 23:05:30	50.77501515	51.005157705500004	51.0030556	1	0	0	0	0
2024-11-13 23:05:40	50.79098015	51.0685347555	51.0030556	1	0	0	0	0
2024-11-13 23:05:50	50.8508125	51.0909604965	51.0030556	1	0	0	0	0
2024-11-13 23:06:00	50.9285625	51.0966596465	51.0030556	1	0	0	0	0
2024-11-13 23:06:10	50.950098249999996	51.096763748	51.0030556	1	0	0	0	0
2024-11-13 23:06:20	50.94867325	51.094582548	51.0030556	1	0	0	0	0
2024-11-13 23:06:30	50.8224267	51.0669084075	51.0030556	1	0	0	0	0
2024-11-13 23:06:40	50.6451967	51.028821657499996	51.0030556	1	0	0	0	0
2024-11-13 23:06:50	50.685902904	50.9913089425	51.0030556	1	0	0	0	0
2024-11-13 23:07:00	50.815625304	50.9540306925	51.0030556	1	0	0	0	0
2024-11-13 23:07:10	50.7921452175	50.9030269	51.0030556	1	0	0	0	0
2024-11-13 23:07:20	50.7060894675	50.8464169	51.0030556	1	0	0	0	0
2024-11-13 23:07:30	50.7270087785	50.83556995	51.0030556	1	0	0	0	0
2024-11-13 23:07:40	50.7916221285	50.843414949999996	51.0030556	1	0	0	0	0
2024-11-13 23:07:50	50.7849819375	50.868020281	51.0030556	1	0	0	0	0
2024-11-13 23:08:00	50.7492381875	50.899471381	51.0030556	1	0	0	0	0
2024-11-13 23:08:10	50.6229989025	50.8889154375	51.0030556	1	0	0	0	0
2024-11-13 23:08:20	50.459796652499996	50.8612016875	51.0030556	1	0	0	0	0
2024-11-13 23:08:30	50.42118395999999	50.863378192	51.0030556	1	0	0	0	0
2024-11-13 23:08:40	50.43345996	50.877763392	51.0030556	1	0	0	0	0
2024-11-13 23:08:50	50.4221171	50.8816883395	51.0030556	1	0	0	0	0
2024-11-13 23:09:00	50.401127100000004	50.8813407895	51.0030556	1	0	0	0	0
2024-11-13 23:09:10	50.4239228	50.88753415	51.0030556	1	0	0	0	0
2024-11-13 23:09:20	50.4646028	50.89639915	51.0030556	1	0	0	0	0
2024-11-13 23:09:30	50.4828170865	50.88221755	51.0030556	1	0	0	0	0
2024-11-13 23:09:40	50.4918552365	50.85862255	51.0030556	1	0	0	0	0
2024-11-13 23:09:50	50.480762153	50.8610644925	51.0030556	1	0	0	0	0
2024-11-13 23:10:00	50.461446453	50.874141242499995	51.0030556	1	0	0	0	0
2024-11-13 23:10:10	50.4996632955	50.9130321015	51.0030556	1	0	0	0	0
2024-11-13 23:10:20	50.5613793455	50.9624667515	51.0030556	1	0	0	0	0
2024-11-13 23:10:30	50.574315165	50.9850675905	51.0030556	1	0	0	0	0
2024-11-13 23:10:40	50.567326665	50.9967081405	51.0030556	1	0	0	0	0
2024-11-13 23:10:50	50.63759575	51.0191353655	51.0030556	1	0	0	0	0
2024-11-13 23:11:00	50.73942075	51.0459684155	51.0030556	1	0	0	0	0
2024-11-13 23:11:10	50.808313536	51.0913161	51.0030556	1	0	0	0	0
2024-11-13 23:11:20	50.863755136	51.144226100000004	51.0030556	1	0	0	0	0
2024-11-13 23:11:30	50.8264161015	51.09960482	51.0030556	1	0	0	0	0
2024-11-13 23:11:40	50.7511807515	51.01514682	51.0030556	1	0	0	0	0
2024-11-13 23:11:50	50.7121449645	50.96446068	51.0030556	1	0	0	0	0
2024-11-13 23:12:00	50.6878949145	50.92756868	51.0030556	1	0	0	0	0
2024-11-13 23:12:10	50.736099548000006	50.939855185	51.0030556	1	0	0	0	0
2024-11-13 23:12:20	50.813898348	50.972228685	51.0030556	1	0	0	0	0
2024-11-13 23:12:30	50.7915298155	51.004157938	51.0030556	1	0	0	0	0
2024-11-13 23:12:40	50.7282478655	51.035905738000004	51.0030556	1	0	0	0	0
2024-11-13 23:12:50	50.7135565405	51.0246693215	51.0030556	1	0	0	0	0
2024-11-13 23:13:00	50.7187120905	50.9958759715	51.0030556	1	0	0	0	0
2024-11-13 23:13:10	50.763148994	51.0381681055	51.0030556	1	0	0	0	0
2024-11-13 23:13:20	50.823630394	51.1094951555	51.0030556	1	0	0	0	0
2024-11-13 23:13:30	50.9922154	51.1563056925	51.0030556	1	0	0	0	0
2024-11-13 23:13:40	51.204955399999996	51.1931024425	51.0030556	1	0	0	0	0
2024-11-13 23:13:50	51.177127165	51.154880841	51.0030556	1	0	0	0	0
2024-11-13 23:14:00	51.051038665	51.086017941	51.0030556	1	0	0	0	0
2024-11-13 23:14:10	50.914234135	51.0888856665	51.0030556	1	0	0	0	0
2024-11-13 23:14:20	50.773052635	51.1210518165	51.0030556	1	0	0	0	0
2024-11-13 23:14:30	50.7366070335	51.101193462	51.0030556	1	0	0	0	0
2024-11-13 23:14:40	50.7429408835	51.060085662	51.0030556	1	0	0	0	0
2024-11-13 23:14:50	50.74982474182692	51.05322055576923	51.0030556	1	0	0	0	0
2024-11-13 23:15:00	50.756933251442305	51.060341901923074	51.0030556	1	0	0	0	0
2024-11-13 23:15:10	50.788043534375	51.0829125921875	51.0030556	1	0	0	0	0
2024-11-13 23:15:20	50.833250096875	51.114556706770834	51.0030556	1	0	0	0	0
2024-11-13 23:15:30	50.8963953685	51.0809618575	51.0030556	1	0	0	0	0
2024-11-13 23:15:40	50.966867718500005	51.020720107500004	51.0030556	1	0	0	0	0
2024-11-13 23:15:50	50.863162229500006	50.97412935	51.0030556	1	0	0	0	0
2024-11-13 23:16:00	50.688313679500006	50.93311435	51.0030556	1	0	0	0	0
2024-11-13 23:16:10	50.512117656	50.889438838	51.0030556	1	0	0	0	0
2024-11-13 23:16:20	50.335371255999995	50.844676638	51.0030556	1	0	0	0	0
2024-11-13 23:16:30	50.460841539	50.880955258	51.0030556	1	0	0	0	0
2024-11-13 23:16:40	50.709752439	50.950335058	51.0030556	1	0	0	0	0
2024-11-13 23:16:50	50.798077527000004	50.997681854	51.0030556	1	0	0	0	0
2024-11-13 23:17:00	50.820811227	51.036029254	51.0030556	1	0	0	0	0
2024-11-13 23:17:10	50.910825166	51.105921563500004	51.0030556	1	0	0	0	0
2024-11-13 23:17:20	51.028319766	51.1886984135	51.0030556	1	0	0	0	0
2024-11-13 23:17:30	51.090513531	51.2191172365	51.0030556	1	0	0	0	0
2024-11-13 23:17:40	51.130119631	51.2281503865	51.0030556	1	0	0	0	0
2024-11-13 23:17:50	51.106923533	51.19661261	51.0030556	1	0	0	0	0
2024-11-13 23:18:00	51.058075833	51.14850361	51.0030556	1	0	0	0	0
2024-11-13 23:18:10	50.938903799038464	51.14850042788461	51.0030556	1	0	0	0	0
2024-11-13 23:18:20	50.79100774134616	51.168146100961536	51.0030556	1	0	0	0	0
2024-11-13 23:18:30	50.846576821875004	51.188498984375	51.0030556	1	0	0	0	0
2024-11-13 23:18:40	51.02164130104167	51.20926721354167	51.0030556	1	0	0	0	0
2024-11-13 23:18:50	50.999101009	51.189038531	51.0030556	1	0	0	0	0
2024-11-13 23:19:00	50.895848909	51.152064630999995	51.0030556	1	0	0	0	0
2024-11-13 23:19:10	50.7912464245	51.090480569	51.0030556	1	0	0	0	0
2024-11-13 23:19:20	50.6860923745	51.018844469	51.0030556	1	0	0	0	0
2024-11-13 23:19:30	50.7342046045	51.0130245525	51.0030556	1	0	0	0	0
2024-11-13 23:19:40	50.844918554500005	51.034087302500005	51.0030556	1	0	0	0	0
2024-11-13 23:19:50	50.838069462	50.9944588975	51.0030556	1	0	0	0	0
2024-11-13 23:20:00	50.783201662	50.9300411475	51.0030556	1	0	0	0	0
2024-11-13 23:20:10	50.804641396	50.931373231500004	51.0030556	1	0	0	0	0
2024-11-13 23:20:20	50.857248996	50.9595608815	51.0030556	1	0	0	0	0
2024-11-13 23:20:30	50.932689343999996	51.0102553185	51.0030556	1	0	0	0	0
2024-11-13 23:20:40	51.017455743999996	51.070142668500004	51.0030556	1	0	0	0	0
2024-11-13 23:20:50	51.098067366	51.1503779085	51.0030556	1	0	0	0	0
2024-11-13 23:21:00	51.176981966	51.2389242585	51.0030556	1	0	0	0	0
2024-11-13 23:21:10	51.024920644	51.171416265	51.0030556	1	0	0	0	0
2024-11-13 23:21:20	50.778517044	51.040167765	51.0030556	1	0	0	0	0
2024-11-13 23:21:30	50.750088165499996	50.942103032	51.0030556	1	0	0	0	0
2024-11-13 23:21:40	50.8106912155	50.857592232	51.0030556	1	0	0	0	0
2024-11-13 23:21:50	50.6701256345	50.800043895	51.0030556	1	0	0	0	0
2024-11-13 23:22:00	50.4473925845	50.753508395	51.0030556	1	0	0	0	0
2024-11-13 23:22:10	50.348575231000005	50.735278749	51.0030556	1	0	0	0	0
2024-11-13 23:22:20	50.300371331	50.728610649000004	51.0030556	1	0	0	0	0
2024-11-13 23:22:30	50.3772547695	50.7675846505	51.0030556	1	0	0	0	0
2024-11-13 23:22:40	50.5052302195	50.8252012005	51.0030556	1	0	0	0	0
2024-11-13 23:22:50	50.494624812437806	50.8771713199005	51.0030556	1	0	0	0	0
2024-11-13 23:23:00	50.427415956716416	50.92683515074627	51.0030556	1	0	0	0	0
2024-11-13 23:23:10	50.45439133517588	50.97861916432161	51.0030556	1	0	0	0	0
2024-11-13 23:23:20	50.52173138542714	51.03131182763819	51.0030556	1	0	0	0	0
2024-11-13 23:23:30	50.6619965295	50.997752864999995	51.0030556	1	0	0	0	0
2024-11-13 23:23:40	50.8320479795	50.928964365	51.0030556	1	0	0	0	0
2024-11-13 23:23:50	50.7658981205	50.916253972499995	51.0030556	1	0	0	0	0
2024-11-13 23:24:00	50.6032716705	50.9264487225	51.0030556	1	0	0	0	0
2024-11-13 23:24:10	50.65528635	50.9041138285	51.0030556	1	0	0	0	0
2024-11-13 23:24:20	50.79497135	50.8684921785	51.0030556	1	0	0	0	0
2024-11-13 23:24:30	50.841736378	50.8644332945	51.0030556	1	0	0	0	0
2024-11-13 23:24:40	50.850548178	50.8732662445	51.0030556	1	0	0	0	0
2024-11-13 23:24:50	50.8575522115	50.996805481	51.0030556	1	0	0	0	0
2024-11-13 23:25:00	50.8638178615	51.167196581000006	51.0030556	1	0	0	0	0
2024-11-13 23:25:10	51.0099974605	51.255824045500006	51.0030556	1	0	0	0	0
2024-11-13 23:25:20	51.2133250105	51.3110550955	51.0030556	1	0	0	0	0
2024-11-13 23:25:30	51.2575291	51.2854448355	51.0030556	1	0	0	0	0
2024-11-13 23:25:40	51.2367391	51.226814885500005	51.0030556	1	0	0	0	0
2024-11-13 23:25:50	51.0803414075	51.127525969000004	51.0030556	1	0	0	0	0
2024-11-13 23:26:00	50.8685546575	51.011629869000004	51.0030556	1	0	0	0	0
2024-11-13 23:26:10	50.7587760925	50.9887778135	51.0030556	1	0	0	0	0
2024-11-13 23:26:20	50.6906628425	51.003929663499996	51.0030556	1	0	0	0	0
2024-11-13 23:26:30	50.75892515	50.9961587375	51.0030556	1	0	0	0	0
2024-11-13 23:26:40	50.88289015	50.9790249875	51.0030556	1	0	0	0	0
2024-11-13 23:26:50	50.689764109	50.927776199	51.0030556	1	0	0	0	0
2024-11-13 23:27:00	50.367122009	50.862593099	51.0030556	1	0	0	0	0
2024-11-13 23:27:10	50.2735558	50.84369	51.0030556	1	0	0	0	0
2024-11-13 23:27:20	50.390842563999996	50.867924	51.0030556	1	0	0	0	0
2024-11-13 23:27:30	50.584646400000004	50.947029865	51.0030556	1	0	0	0	0
2024-11-13 23:27:40	50.629486400000005	51.011311365	51.0030556	1	0	0	0	0
2024-11-13 23:27:50	50.67676809	51.060547468	51.0030556	1	0	0	0	0
2024-11-13 23:28:00	50.72504709	51.103638268000005	51.0030556	1	0	0	0	0
2024-11-13 23:28:10	50.855032677	51.141063055000004	51.0030556	1	0	0	0	0
2024-11-13 23:28:20	51.01839137699999	51.176173555	51.0030556	1	0	0	0	0
2024-11-13 23:28:30	50.900657846499996	51.0927845935	51.0030556	1	0	0	0	0
2024-11-13 23:28:40	50.6681119965	50.9609944435	51.0030556	1	0	0	0	0
2024-11-13 23:28:50	50.55035668269231	50.92267371538461	51.0030556	1	0	0	0	0
2024-11-13 23:29:00	50.47948764423077	50.92253063846154	51.0030556	1	0	0	0	0
2024-11-13 23:29:10	50.5440431609375	50.9377493921875	51.0030556	1	0	0	0	0
2024-11-13 23:29:20	50.688133733854166	50.9619901734375	51.0030556	1	0	0	0	0
2024-11-13 23:29:30	50.5537713075	50.958223136499996	51.0030556	1	0	0	0	0
2024-11-13 23:29:40	50.305674557500005	50.9430162865	51.0030556	1	0	0	0	0
2024-11-13 23:29:50	50.3084075305	50.9316567135	51.0030556	1	0	0	0	0
2024-11-13 23:30:00	50.413592080499996	50.9218685635	51.0030556	1	0	0	0	0
2024-11-13 23:30:10	50.519891152999996	50.908592999999996	51.0030556	1	0	0	0	0
2024-11-13 23:30:20	50.626645453	50.893893	51.0030556	1	0	0	0	0
2024-11-13 23:30:30	50.6403121855	50.92700795	51.0030556	1	0	0	0	0
2024-11-13 23:30:40	50.615957235500005	50.97965295	51.0030556	1	0	0	0	0
2024-11-13 23:30:50	50.72745370298507	51.048161204477616	51.0030556	1	0	0	0	0
2024-11-13 23:31:00	50.89443877761194	51.12314881641791	51.0030556	1	0	0	0	0
2024-11-13 23:31:10	51.06871067688442	51.19219267286432	51.0030556	1	0	0	0	0
2024-11-13 23:31:20	51.246105501005026	51.25868920552764	51.0030556	1	0	0	0	0
2024-11-13 23:31:30	51.202901107	51.2343443745	51.0030556	1	0	0	0	0
2024-11-13 23:31:40	51.069592807	51.1728953245	51.0030556	1	0	0	0	0
2024-11-13 23:31:50	50.930999693	51.1092023195	51.0030556	1	0	0	0	0
2024-11-13 23:32:00	50.790247992999994	51.0445927695	51.0030556	1	0	0	0	0
2024-11-13 23:32:10	50.791136394	51.0444751465	51.0030556	1	0	0	0	0
2024-11-13 23:32:20	50.849877794	51.070699296499996	51.0030556	1	0	0	0	0
2024-11-13 23:32:30	50.8110797845	51.0272715235	51.0030556	1	0	0	0	0
2024-11-13 23:32:40	50.7324417345	50.9553943735	51.0030556	1	0	0	0	0
2024-11-13 23:32:50	50.73351968	50.93802545	51.0030556	1	0	0	0	0
2024-11-13 23:33:00	50.76715768	50.942920449999995	51.0030556	1	0	0	0	0
2024-11-13 23:33:10	50.70428467	50.9277544	51.0030556	1	0	0	0	0
2024-11-13 23:33:20	50.60199167	50.9043944	51.0030556	1	0	0	0	0
2024-11-13 23:33:30	50.5863361715	50.8999956955	51.0030556	1	0	0	0	0
2024-11-13 23:33:40	50.6060678215	50.9033417455	51.0030556	1	0	0	0	0
2024-11-13 23:33:50	50.7144152105	50.977762168	51.0030556	1	0	0	0	0
2024-11-13 23:34:00	50.8589577605	51.081212968	51.0030556	1	0	0	0	0
2024-11-13 23:34:10	50.9760267895	51.1481749865	51.0030556	1	0	0	0	0
2024-11-13 23:34:20	51.081874239499996	51.2002331365	51.0030556	1	0	0	0	0
2024-11-13 23:34:30	50.958338759	51.148928031000004	51.0030556	1	0	0	0	0
2024-11-13 23:34:40	50.741111659	51.055404131	51.0030556	1	0	0	0	0
2024-11-13 23:34:50	50.659128341	51.006704519	51.0030556	1	0	0	0	0
2024-11-13 23:35:00	50.632385441000004	50.976313419	51.0030556	1	0	0	0	0
2024-11-13 23:35:10	50.61070379154229	50.93211656716418	51.0030556	1	0	0	0	0
2024-11-13 23:35:20	50.59108941343284	50.88228074626866	51.0030556	1	0	0	0	0
2024-11-13 23:35:30	50.57623078341709	50.882627989949754	51.0030556	1	0	0	0	0
2024-11-13 23:35:40	50.56341033115578	50.90448226130653	51.0030556	1	0	0	0	0
2024-11-13 23:35:50	50.672509554	50.9409608135	51.0030556	1	0	0	0	0
2024-11-13 23:36:00	50.831406953999995	50.9834126635	51.0030556	1	0	0	0	0
2024-11-13 23:36:10	50.867168344	51.012704237499996	51.0030556	1	0	0	0	0
2024-11-13 23:36:20	50.852634744	51.036620487499995	51.0030556	1	0	0	0	0
2024-11-13 23:36:30	50.900500204	51.070866705	51.0030556	1	0	0	0	0
2024-11-13 23:36:40	50.973852604	51.109332205	51.0030556	1	0	0	0	0
2024-11-13 23:36:50	50.963812096	51.068149408000004	51.0030556	1	0	0	0	0
2024-11-13 23:37:00	50.919709696	50.994434208	51.0030556	1	0	0	0	0
2024-11-13 23:37:10	50.808934746	50.960474748	51.0030556	1	0	0	0	0
2024-11-13 23:37:20	50.670927346	50.942753548	51.0030556	1	0	0	0	0
2024-11-13 23:37:30	50.741262204	50.993096711	51.0030556	1	0	0	0	0
2024-11-13 23:37:40	50.896694604	51.071240811	51.0030556	1	0	0	0	0
2024-11-13 23:37:50	50.938302715	51.0495573845	51.0030556	1	0	0	0	0
2024-11-13 23:38:00	50.933419215	50.9870993345	51.0030556	1	0	0	0	0
2024-11-13 23:38:10	50.817468285000004	51.025121514	51.0030556	1	0	0	0	0
2024-11-13 23:38:20	50.656151785	51.104184914	51.0030556	1	0	0	0	0
2024-11-13 23:38:30	50.66333	51.093825305	51.0030556	1	0	0	0	0
2024-11-13 23:38:40	50.73933	51.046940805000006	51.0030556	1	0	0	0	0
2024-11-13 23:38:50	50.7524192075	50.9994935235	51.0030556	1	0	0	0	0
2024-11-13 23:39:00	50.7398124575	50.9518163735	51.0030556	1	0	0	0	0
2024-11-13 23:39:10	50.7321781925	50.947654449	51.0030556	1	0	0	0	0
2024-11-13 23:39:20	50.7265749425	50.961266349	51.0030556	1	0	0	0	0
2024-11-13 23:39:30	50.84690751243781	50.95271504477612	51.0030556	1	0	0	0	0
2024-11-13 23:39:40	51.01867865671642	50.935111164179105	51.0030556	1	0	0	0	0
2024-11-13 23:39:50	50.92437987939699	50.92489552763819	51.0030556	1	0	0	0	0
2024-11-13 23:40:00	50.71605113567839	50.91784628140704	51.0030556	1	0	0	0	0
2024-11-13 23:40:10	50.646562568	50.84751704	51.0030556	1	0	0	0	0
2024-11-13 23:40:20	50.633783367999996	50.75134104	51.0030556	1	0	0	0	0
2024-11-13 23:40:30	50.630043533	50.7693321525	51.0030556	1	0	0	0	0
2024-11-13 23:40:40	50.629995832999995	50.833954902500004	51.0030556	1	0	0	0	0
2024-11-13 23:40:50	50.669141339999996	50.9076022495	51.0030556	1	0	0	0	0
2024-11-13 23:41:00	50.724295340000005	50.9849356995	51.0030556	1	0	0	0	0
2024-11-13 23:41:10	50.740018354	50.987886248	51.0030556	1	0	0	0	0
2024-11-13 23:41:20	50.739635754	50.960455048	51.0030556	1	0	0	0	0
2024-11-13 23:41:30	50.684073658	50.97880195	51.0030556	1	0	0	0	0
2024-11-13 23:41:40	50.605973458	51.01584695	51.0030556	1	0	0	0	0
2024-11-13 23:41:50	50.620914782	51.0178804655	51.0030556	1	0	0	0	0
2024-11-13 23:42:00	50.673858982	51.005613515499995	51.0030556	1	0	0	0	0
2024-11-13 23:42:10	50.6859572725	50.9946521845	51.0030556	1	0	0	0	0
2024-11-13 23:42:20	50.6813720225	50.9842241345	51.0030556	1	0	0	0	0
2024-11-13 23:42:30	50.7594194835	50.9881556925	51.0030556	1	0	0	0	0
2024-11-13 23:42:40	50.8712183335	50.9979524425	51.0030556	1	0	0	0	0
2024-11-13 23:42:50	50.92032206815921	51.04001054427861	51.0030556	1	0	0	0	0
2024-11-13 23:43:00	50.94381793880597	51.09524581791045	51.0030556	1	0	0	0	0
2024-11-13 23:43:10	51.00548685577889	51.146170430150754	51.0030556	1	0	0	0	0
2024-11-13 23:43:20	51.08351564974875	51.1952476160804	51.0030556	1	0	0	0	0
2024-11-13 23:43:30	51.14050303	51.2151884	51.0030556	1	0	0	0	0
2024-11-13 23:43:40	51.18889603	51.2232284	51.0030556	1	0	0	0	0
2024-11-13 23:43:50	51.08860935	51.157312599	51.0030556	1	0	0	0	0
2024-11-13 23:44:00	50.92759435	51.061189499	51.0030556	1	0	0	0	0
2024-11-13 23:44:10	50.79550475	50.985706276500004	51.0030556	1	0	0	0	0
2024-11-13 23:44:20	50.67522975	50.9186534265	51.0030556	1	0	0	0	0
2024-11-13 23:44:30	50.6408328	50.8782069745	51.0030556	1	0	0	0	0
2024-11-13 23:44:40	50.6415128	50.8486279245	51.0030556	1	0	0	0	0
2024-11-13 23:44:50	50.6134946	50.8591277	51.0030556	1	0	0	0	0
2024-11-13 23:45:00	50.5737546	50.885997700000004	51.0030556	1	0	0	0	0
2024-11-13 23:45:10	50.644239757	50.900147127000004	51.0030556	1	0	0	0	0
2024-11-13 23:45:20	50.759746457	50.909100827	51.0030556	1	0	0	0	0
2024-11-13 23:45:30	50.7528728355	50.87751019	51.0030556	1	0	0	0	0
2024-11-13 23:45:40	50.696012885500004	50.82935919	51.0030556	1	0	0	0	0
2024-11-13 23:45:50	50.56386291044776	50.8152795039801	51.0030556	1	0	0	0	0
2024-11-13 23:46:00	50.40096067164179	50.815116270149254	51.0030556	1	0	0	0	0
2024-11-13 23:46:10	50.41990206030151	50.82714933517588	51.0030556	1	0	0	0	0
2024-11-13 23:46:20	50.5167764321608	50.844409385427134	51.0030556	1	0	0	0	0
2024-11-13 23:46:30	50.5817068945	50.901921891499995	51.0030556	1	0	0	0	0
2024-11-13 23:46:40	50.6335898445	50.975875541499995	51.0030556	1	0	0	0	0
2024-11-13 23:46:50	50.685455719000004	51.0403658855	51.0030556	1	0	0	0	0
2024-11-13 23:47:00	50.737314619	51.1009909355	51.0030556	1	0	0	0	0
2024-11-13 23:47:10	50.8766094865	51.121577204000005	51.0030556	1	0	0	0	0
2024-11-13 23:47:20	51.0516176365	51.125809604000004	51.0030556	1	0	0	0	0
2024-11-13 23:47:30	50.913629067	51.082865415	51.0030556	1	0	0	0	0
2024-11-13 23:47:40	50.647796767	51.020651914999995	51.0030556	1	0	0	0	0
2024-11-13 23:47:50	50.627684533	51.02180982	51.0030556	1	0	0	0	0
2024-11-13 23:48:00	50.707936833	51.04885182	51.0030556	1	0	0	0	0
2024-11-13 23:48:10	50.7776724	51.070840182	51.0030556	1	0	0	0	0
2024-11-13 23:48:20	50.8431124	51.090764381999996	51.0030556	1	0	0	0	0
2024-11-13 23:48:30	50.7420728425	51.049461447999995	51.0030556	1	0	0	0	0
2024-11-13 23:48:40	50.5730345925	50.983150248	51.0030556	1	0	0	0	0
2024-11-13 23:48:50	50.5970667845	50.91109245	51.0030556	1	0	0	0	0
2024-11-13 23:49:00	50.6999587345	50.83668745	51.0030556	1	0	0	0	0
2024-11-13 23:49:10	50.613670723	50.7876164215	51.0030556	1	0	0	0	0
2024-11-13 23:49:20	50.450112022999996	50.7488930715	51.0030556	1	0	0	0	0
2024-11-13 23:49:30	50.4614880575	50.8091165285	51.0030556	1	0	0	0	0
2024-11-13 23:49:40	50.5443163075	50.9097548785	51.0030556	1	0	0	0	0
2024-11-13 23:49:50	50.5969329925	50.9594652125	51.0030556	1	0	0	0	0
2024-11-13 23:50:00	50.637209742500005	50.9883739625	51.0030556	1	0	0	0	0
2024-11-13 23:50:10	50.7702974795	51.024933353	51.0030556	1	0	0	0	0
2024-11-13 23:50:20	50.941293929500006	51.064617653000006	51.0030556	1	0	0	0	0
2024-11-13 23:50:30	51.0175190115	51.1491474345	51.0030556	1	0	0	0	0
2024-11-13 23:50:40	51.0550346615	51.2519943845	51.0030556	1	0	0	0	0
2024-11-13 23:50:50	51.118207759	51.301275455500004	51.0030556	1	0	0	0	0
2024-11-13 23:51:00	51.191860659	51.3286775055	51.0030556	1	0	0	0	0
2024-11-13 23:51:10	51.0628445205	51.2217765945	51.0030556	1	0	0	0	0
2024-11-13 23:51:20	50.8510480705	51.0600195445	51.0030556	1	0	0	0	0
2024-11-13 23:51:30	50.664524461	50.9753806	51.0030556	1	0	0	0	0
2024-11-13 23:51:40	50.488323561	50.9222406	51.0030556	1	0	0	0	0
2024-11-13 23:51:50	50.7083423855	51.012457552	51.0030556	1	0	0	0	0
2024-11-13 23:52:00	51.0901974355	51.161228752	51.0030556	1	0	0	0	0
2024-11-13 23:52:10	51.147886614	51.234442817	51.0030556	1	0	0	0	0
2024-11-13 23:52:20	51.073170014	51.276795517000004	51.0030556	1	0	0	0	0
2024-11-13 23:52:30	50.974141168	51.237071755500004	51.0030556	1	0	0	0	0
2024-11-13 23:52:40	50.865181968	51.1638238055	51.0030556	1	0	0	0	0
2024-11-13 23:52:50	50.8251064	51.1112087395	51.0030556	1	0	0	0	0
2024-11-13 23:53:00	50.8131664	51.067021189500004	51.0030556	1	0	0	0	0
2024-11-13 23:53:10	50.7617198345	51.045556586000004	51.0030556	1	0	0	0	0
2024-11-13 23:53:20	50.6941367845	51.033373186	51.0030556	1	0	0	0	0
2024-11-13 23:53:30	50.661405824	50.9897167285	51.0030556	1	0	0	0	0
2024-11-13 23:53:40	50.642910224	50.933205078499995	51.0030556	1	0	0	0	0
2024-11-13 23:53:50	50.6734684885	50.9143953515	51.0030556	1	0	0	0	0
2024-11-13 23:54:00	50.724062838500004	50.9109850015	51.0030556	1	0	0	0	0
2024-11-13 23:54:10	50.631777747	50.8815669255	51.0030556	1	0	0	0	0
2024-11-13 23:54:20	50.481133447	50.841525975500005	51.0030556	1	0	0	0	0
2024-11-13 23:54:30	50.521526007	50.8680502945	51.0030556	1	0	0	0	0
2024-11-13 23:54:40	50.639947707	50.9217632445	51.0030556	1	0	0	0	0
2024-11-13 23:54:50	50.6670881505	51.0032209	51.0030556	1	0	0	0	0
2024-11-13 23:55:00	50.6569447005	51.0960109	51.0030556	1	0	0	0	0
2024-11-13 23:55:10	50.7428300995	51.11825175	51.0030556	1	0	0	0	0
2024-11-13 23:55:20	50.8679385495	51.11167675	51.0030556	1	0	0	0	0
2024-11-13 23:55:30	50.8446226	51.07287485	51.0030556	1	0	0	0	0
2024-11-13 23:55:40	50.760682599999996	51.02090985	51.0030556	1	0	0	0	0
2024-11-13 23:55:50	50.807623148	51.0525917605	51.0030556	1	0	0	0	0
2024-11-13 23:56:00	50.908021948	51.1184393105	51.0030556	1	0	0	0	0
2024-11-13 23:56:10	50.896558402000004	51.083574958	51.0030556	1	0	0	0	0
2024-11-13 23:56:20	50.839404602	51.007574758000004	51.0030556	1	0	0	0	0
2024-11-13 23:56:30	50.7980492605	50.9612971815	51.0030556	1	0	0	0	0
2024-11-13 23:56:40	50.763146810500004	50.9271598315	51.0030556	1	0	0	0	0
2024-11-13 23:56:50	50.65743349054726	50.955864925373135	51.0030556	1	0	0	0	0
2024-11-13 23:57:00	50.52279742089552	51.01023805970149	51.0030556	1	0	0	0	0
2024-11-13 23:57:10	50.4824066	51.02655	51.0030556	1	0	0	0	0
2024-11-13 23:57:20	50.669004388235294	51.05410331764706	51.0030556	1	0	0	0	0
2024-11-13 23:57:30	50.885491521	51.088610295500004	51.0030556	1	0	0	0	0
2024-11-13 23:57:40	50.843966621	51.086056345500005	51.0030556	1	0	0	0	0
2024-11-13 23:57:50	50.817198645	51.0950300265	51.0030556	1	0	0	0	0
2024-11-13 23:58:00	50.796458145	51.1087121765	51.0030556	1	0	0	0	0
2024-11-13 23:58:10	50.829574872500004	51.113955159999996	51.0030556	1	0	0	0	0
2024-11-13 23:58:20	50.884689622500005	51.11575116	51.0030556	1	0	0	0	0
2024-11-13 23:58:30	50.7251933825	51.0025976275	51.0030556	1	0	0	0	0
2024-11-13 23:58:40	50.4780391325	50.8424928775	51.0030556	1	0	0	0	0
2024-11-13 23:58:50	50.312990738	50.7739643535	51.0030556	1	0	0	0	0
2024-11-13 23:59:00	50.181478538	50.742840203499995	51.0030556	1	0	0	0	0
2024-11-13 23:59:10	50.289874841	50.812205797	51.0030556	1	0	0	0	0
2024-11-13 23:59:20	50.496261941	50.922616497	51.0030556	1	0	0	0	0
2024-11-13 23:59:30	50.515330309	50.961260432500005	51.0030556	1	0	0	0	0
2024-11-13 23:59:40	50.457888209	50.9705911825	51.0030556	1	0	0	0	0
2024-11-13 23:59:50	50.4662277865	50.9583194725	51.0030556	1	0	0	0	0
2024-11-14 00:00:00	50.5014359365	50.9372242225	51.0030556	1	0	0	0	0
