PROCESSDATA	2111LIC31102B Data	yyyy-MM-dd HH:mm:ss
8	10	2024-08-23 21:55:00	751
tagname	2111LIC31102B.MV	2111LIC31102B.PV	2111LIC31102B.SV	2111LIC31102B.MODE	bOpOFL	bPvOFL	bSpOFL	bAutOFL
desc	C301中段_OP	C301中段_PV	C301中段_SP	Aut	bOpOFL	bPvOFL	bSpOFL	bAutOFL
fsMax=2.2148384140000026	fsMin=0	fsGridNum=10	fdMax=2.2148384140000026tfdMin=0	fdGridNum=10	v0GridNum=10	L=24
2024-08-23 21:55:00	60.494202526	48.59847639	47.98181	1	0	0	0	0
2024-08-23 21:55:10	60.428455126	48.58811539	47.98181	1	0	0	0	0
2024-08-23 21:55:20	60.366399224	48.57573736	47.98181	1	0	0	0	0
2024-08-23 21:55:30	60.669801624	48.36367336	47.98181	1	0	0	0	0
2024-08-23 21:55:40	60.976322930500004	48.151239700000005	47.98181	1	0	0	0	0
2024-08-23 21:55:50	61.5916159805	47.9022097	47.98181	1	0	0	0	0
2024-08-23 21:56:00	62.2040001695	47.65402235	47.98181	1	0	0	0	0
2024-08-23 21:56:10	62.5284071195	47.48925735	47.98181	1	0	0	0	0
2024-08-23 21:56:20	62.84759600447761	47.327289767661696	47.98181	1	0	0	0	0
2024-08-23 21:56:30	62.65019645223881	47.442266533830846	47.98181	1	0	0	0	0
2024-08-23 21:56:40	62.4527969	47.5572433	47.98181	1	0	0	0	0
2024-08-23 21:56:50	62.11589589497488	47.76806576231156	47.98181	1	0	0	0	0
2024-08-23 21:57:00	61.7770859305	47.978976249999995	47.98181	1	0	0	0	0
2024-08-23 21:57:10	61.2492889805	48.198601249999996	47.98181	1	0	0	0	0
2024-08-23 21:57:20	60.724900390500004	48.416952284	47.98181	1	0	0	0	0
2024-08-23 21:57:30	60.537939440500004	48.509180684	47.98181	1	0	0	0	0
2024-08-23 21:57:40	60.354933976000005	48.599325115999996	47.98181	1	0	0	0	0
2024-08-23 21:57:50	60.563521576	48.483156715999996	47.98181	1	0	0	0	0
2024-08-23 21:58:00	60.7738284835	48.365706261	47.98181	1	0	0	0	0
2024-08-23 21:58:10	61.1543468335	48.121332361	47.98181	1	0	0	0	0
2024-08-23 21:58:20	61.53726279999999	47.876892358	47.98181	1	0	0	0	0
2024-08-23 21:58:30	62.157542799999995	47.625908158	47.98181	1	0	0	0	0
2024-08-23 21:58:40	62.772417776	47.3773085635	47.98181	1	0	0	0	0
2024-08-23 21:58:50	62.852195376	47.3647849135	47.98181	1	0	0	0	0
2024-08-23 21:59:00	62.927386462	47.354137408	47.98181	1	0	0	0	0
2024-08-23 21:59:10	62.548512662	47.529228208	47.98181	1	0	0	0	0
2024-08-23 21:59:20	62.169465540999994	47.7050324705	47.98181	1	0	0	0	0
2024-08-23 21:59:30	61.773259640999996	47.9514695205	47.98181	1	0	0	0	0
2024-08-23 21:59:40	61.375911221	48.197440839	47.98181	1	0	0	0	0
2024-08-23 21:59:50	60.865453321000004	48.397304739000006	47.98181	1	0	0	0	0
2024-08-23 22:00:00	60.359429623000004	48.595313714	47.98181	1	0	0	0	0
2024-08-23 22:00:10	60.292391923000004	48.609685114	47.98181	1	0	0	0	0
2024-08-23 22:00:20	60.23001361	48.621980217	47.98181	1	0	0	0	0
2024-08-23 22:00:30	60.62891461	48.428721917	47.98181	1	0	0	0	0
2024-08-23 22:00:40	61.028317817	48.234736319	47.98181	1	0	0	0	0
2024-08-23 22:00:50	61.477439517	47.968748219	47.98181	1	0	0	0	0
2024-08-23 22:01:00	61.92759195	47.70316571199999	47.98181	1	0	0	0	0
2024-08-23 22:01:10	62.47978695	47.477736912	47.98181	1	0	0	0	0
2024-08-23 22:01:20	63.0255259	47.255326487999994	47.98181	1	0	0	0	0
2024-08-23 22:01:30	62.9321159	47.331735288	47.98181	1	0	0	0	0
2024-08-23 22:01:40	62.834592019000006	47.409716078	47.98181	1	0	0	0	0
2024-08-23 22:01:50	62.329793919000004	47.643323878000004	47.98181	1	0	0	0	0
2024-08-23 22:02:00	61.826547210499996	47.876697872	47.98181	1	0	0	0	0
2024-08-23 22:02:10	61.4768882605	48.086925072	47.98181	1	0	0	0	0
2024-08-23 22:02:20	61.1271297085	48.296408850000006	47.98181	1	0	0	0	0
2024-08-23 22:02:30	60.7675105585	48.43229385	47.98181	1	0	0	0	0
2024-08-23 22:02:40	60.4114228265	48.5665745725	47.98181	1	0	0	0	0
2024-08-23 22:02:50	60.404945476500004	48.5420318225	47.98181	1	0	0	0	0
2024-08-23 22:03:00	60.4034954205	48.515431739	47.98181	1	0	0	0	0
2024-08-23 22:03:10	60.899747470499996	48.285155639	47.98181	1	0	0	0	0
2024-08-23 22:03:20	61.394344780999994	48.055139568	47.98181	1	0	0	0	0
2024-08-23 22:03:30	61.725122881	47.850866368	47.98181	1	0	0	0	0
2024-08-23 22:03:40	62.057169533999996	47.6468398705	47.98181	1	0	0	0	0
2024-08-23 22:03:50	62.514802934	47.4672369205	47.98181	1	0	0	0	0
2024-08-23 22:04:00	62.9666762	47.290432973	47.98181	1	0	0	0	0
2024-08-23 22:04:10	62.8482962	47.390730273	47.98181	1	0	0	0	0
2024-08-23 22:04:20	62.725650099999996	47.49242969	47.98181	1	0	0	0	0
2024-08-23 22:04:30	62.1806601	47.73293869	47.98181	1	0	0	0	0
2024-08-23 22:04:40	61.63740485	47.973282536999996	47.98181	1	0	0	0	0
2024-08-23 22:04:50	61.26588985	48.197276237	47.98181	1	0	0	0	0
2024-08-23 22:05:00	60.895008450000006	48.42007575	47.98181	1	0	0	0	0
2024-08-23 22:05:10	60.58685345	48.52465075	47.98181	1	0	0	0	0
2024-08-23 22:05:20	60.2831438	48.627177371500004	47.98181	1	0	0	0	0
2024-08-23 22:05:30	60.4195238	48.526914521500004	47.98181	1	0	0	0	0
2024-08-23 22:05:40	60.560229271500006	48.425055213	47.98181	1	0	0	0	0
2024-08-23 22:05:50	61.1291564215	48.165146513	47.98181	1	0	0	0	0
2024-08-23 22:06:00	61.696936678499995	47.9051543475	47.98181	1	0	0	0	0
2024-08-23 22:06:10	62.1511745285	47.6368990975	47.98181	1	0	0	0	0
2024-08-23 22:06:20	62.60219565	47.371213142	47.98181	1	0	0	0	0
2024-08-23 22:06:30	62.73476065	47.359887342	47.98181	1	0	0	0	0
2024-08-23 22:06:40	62.86251383	47.350866706	47.98181	1	0	0	0	0
2024-08-23 22:06:50	62.51389683	47.570057305999995	47.98181	1	0	0	0	0
2024-08-23 22:07:00	62.163311746	47.78935899	47.98181	1	0	0	0	0
2024-08-23 22:07:10	61.617886346	48.01965799	47.98181	1	0	0	0	0
2024-08-23 22:07:20	61.075076124	48.249182567999995	47.98181	1	0	0	0	0
2024-08-23 22:07:30	60.791168524	48.402039368	47.98181	1	0	0	0	0
2024-08-23 22:07:40	60.510006375	48.5531728215	47.98181	1	0	0	0	0
2024-08-23 22:07:50	60.500643875	48.5336949715	47.98181	1	0	0	0	0
2024-08-23 22:08:00	60.494660198	48.5122245905	47.98181	1	0	0	0	0
2024-08-23 22:08:10	60.823179998	48.293493640499996	47.98181	1	0	0	0	0
2024-08-23 22:08:20	61.154931127000005	48.0742415	47.98181	1	0	0	0	0
2024-08-23 22:08:30	61.806583827000004	47.8033915	47.98181	1	0	0	0	0
2024-08-23 22:08:40	62.454314439	47.53404258	47.98181	1	0	0	0	0
2024-08-23 22:08:50	62.713758339	47.41330058	47.98181	1	0	0	0	0
2024-08-23 22:09:00	62.967672028	47.29528637	47.98181	1	0	0	0	0
2024-08-23 22:09:10	62.674094828	47.44732337	47.98181	1	0	0	0	0
2024-08-23 22:09:20	62.379855833	47.600172379	47.98181	1	0	0	0	0
2024-08-23 22:09:30	62.020099132999995	47.833410279	47.98181	1	0	0	0	0
2024-08-23 22:09:40	61.658444930499996	48.066487984000005	47.98181	1	0	0	0	0
2024-08-23 22:09:50	61.1089379805	48.283706384000006	47.98181	1	0	0	0	0
2024-08-23 22:10:00	60.5635716695	48.499417587	47.98181	1	0	0	0	0
2024-08-23 22:10:10	60.4281286195	48.565916287	47.98181	1	0	0	0	0
2024-08-23 22:10:20	60.2973851	48.6299591815	47.98181	1	0	0	0	0
2024-08-23 22:10:30	60.6318951	48.450877331499996	47.98181	1	0	0	0	0
2024-08-23 22:10:40	60.96703315	48.2711100465	47.98181	1	0	0	0	0
2024-08-23 22:10:50	61.36434815	48.0234846965	47.98181	1	0	0	0	0
2024-08-23 22:11:00	61.76359995	47.775943041	47.98181	1	0	0	0	0
2024-08-23 22:11:10	62.35459495	47.536687141	47.98181	1	0	0	0	0
2024-08-23 22:11:20	62.939302700000006	47.300293380999996	47.98181	1	0	0	0	0
2024-08-23 22:11:30	62.9015727	47.347251481	47.98181	1	0	0	0	0
2024-08-23 22:11:40	62.859813184000004	47.3957768845	47.98181	1	0	0	0	0
2024-08-23 22:11:50	62.419131584	47.599465334499996	47.98181	1	0	0	0	0
2024-08-23 22:12:00	61.97878731343284	47.803598427363184	47.98181	1	0	0	0	0
2024-08-23 22:12:10	61.571838656716416	48.05175116368159	47.98181	1	0	0	0	0
2024-08-23 22:12:20	61.16489	48.2999039	47.98181	1	0	0	0	0
2024-08-23 22:12:30	60.71441261306533	48.470748623618086	47.98181	1	0	0	0	0
2024-08-23 22:12:40	60.268998015	48.6392315255	47.98181	1	0	0	0	0
2024-08-23 22:12:50	60.324799515	48.5738940755	47.98181	1	0	0	0	0
2024-08-23 22:13:00	60.3855695235	48.506722800000006	47.98181	1	0	0	0	0
2024-08-23 22:13:10	60.9382218735	48.2580028	47.98181	1	0	0	0	0
2024-08-23 22:13:20	61.4894281115	48.009302989	47.98181	1	0	0	0	0
2024-08-23 22:13:30	61.8974692615	47.762601889	47.98181	1	0	0	0	0
2024-08-23 22:13:40	62.30519065	47.517042097	47.98181	1	0	0	0	0
2024-08-23 22:13:50	62.68125565	47.384471796999996	47.98181	1	0	0	0	0
2024-08-23 22:14:00	63.0512083835	47.254916714	47.98181	1	0	0	0	0
2024-08-23 22:14:10	62.8160467335	47.423868114	47.98181	1	0	0	0	0
2024-08-23 22:14:20	62.5779732665	47.5933208345	47.98181	1	0	0	0	0
2024-08-23 22:14:30	62.0516299165	47.8124042845	47.98181	1	0	0	0	0
2024-08-23 22:14:40	61.52699145	48.0313088475	47.98181	1	0	0	0	0
2024-08-23 22:14:50	61.17113645	48.2325035975	47.98181	1	0	0	0	0
2024-08-23 22:15:00	60.8163454	48.432583177999994	47.98181	1	0	0	0	0
2024-08-23 22:15:10	60.566885400000004	48.522260978	47.98181	1	0	0	0	0
2024-08-23 22:15:20	60.3218118205	48.609594150999996	47.98181	1	0	0	0	0
2024-08-23 22:15:30	60.5109938705	48.464809251	47.98181	1	0	0	0	0
2024-08-23 22:15:40	60.704203929500004	48.318960660500004	47.98181	1	0	0	0	0
2024-08-23 22:15:50	61.2961868795	48.0678067105	47.98181	1	0	0	0	0
2024-08-23 22:16:00	61.88633455	47.8167385285	47.98181	1	0	0	0	0
2024-08-23 22:16:10	62.29478955	47.5741613785	47.98181	1	0	0	0	0
2024-08-23 22:16:20	62.7004673235	47.3338880115	47.98181	1	0	0	0	0
2024-08-23 22:16:30	62.831199673499995	47.3216891615	47.98181	1	0	0	0	0
2024-08-23 22:16:40	62.95739482524752	47.31177785841584	47.98181	1	0	0	0	0
2024-08-23 22:16:50	62.634407350000004	47.5283337	47.98181	1	0	0	0	0
2024-08-23 22:17:00	62.31141987475248	47.74488954158416	47.98181	1	0	0	0	0
2024-08-23 22:17:10	61.665375	48.01581255	47.98181	1	0	0	0	0
2024-08-23 22:17:20	61.0193412355	48.28631085	47.98181	1	0	0	0	0
2024-08-23 22:17:30	60.6974647855	48.46039585	47.98181	1	0	0	0	0
2024-08-23 22:17:40	60.377180514500004	48.6329953	47.98181	1	0	0	0	0
2024-08-23 22:17:50	60.2145219645	48.6585253	47.98181	1	0	0	0	0
2024-08-23 22:18:00	60.057701863	48.681400783	47.98181	1	0	0	0	0
2024-08-23 22:18:10	60.478888163	48.441479083	47.98181	1	0	0	0	0
2024-08-23 22:18:20	60.902594837	48.201128467	47.98181	1	0	0	0	0
2024-08-23 22:18:30	61.575818537	47.918315167	47.98181	1	0	0	0	0
2024-08-23 22:18:40	62.2464809539604	47.6362246039604	47.98181	1	0	0	0	0
2024-08-23 22:18:50	62.66357635	47.425685	47.98181	1	0	0	0	0
2024-08-23 22:19:00	63.080671746039606	47.2151453960396	47.98181	1	0	0	0	0
2024-08-23 22:19:10	62.84799415477387	47.34920425175879	47.98181	1	0	0	0	0
2024-08-23 22:19:20	62.6087532	47.4867439	47.98181	1	0	0	0	0
2024-08-23 22:19:30	62.18790390351759	47.743758673869344	47.98181	1	0	0	0	0
2024-08-23 22:19:40	61.765695684499995	48.00049702	47.98181	1	0	0	0	0
2024-08-23 22:19:50	61.2089541345	48.22986902	47.98181	1	0	0	0	0
2024-08-23 22:20:00	60.655268421	48.4582619135	47.98181	1	0	0	0	0
2024-08-23 22:20:10	60.404110521	48.589723263500005	47.98181	1	0	0	0	0
2024-08-23 22:20:20	60.157614144	48.71858	47.98181	1	0	0	0	0
2024-08-23 22:20:30	60.372608544	48.58958	47.98181	1	0	0	0	0
2024-08-23 22:20:40	60.590308671	48.458885333999994	47.98181	1	0	0	0	0
2024-08-23 22:20:50	61.075875771	48.160418734	47.98181	1	0	0	0	0
2024-08-23 22:21:00	61.563315735	47.862186466000004	47.98181	1	0	0	0	0
2024-08-23 22:21:10	62.236169235	47.587153066	47.98181	1	0	0	0	0
2024-08-23 22:21:20	62.9031135395	47.314787883499996	47.98181	1	0	0	0	0
2024-08-23 22:21:30	62.9850474895	47.306576233499996	47.98181	1	0	0	0	0
2024-08-23 22:21:40	63.0616588895	47.3005111165	47.98181	1	0	0	0	0
2024-08-23 22:21:50	62.6113378395	47.5069527665	47.98181	1	0	0	0	0
2024-08-23 22:22:00	62.1618792895	47.7136613	47.98181	1	0	0	0	0
2024-08-23 22:22:10	61.7978082395	47.9467913	47.98181	1	0	0	0	0
2024-08-23 22:22:20	61.432321860500004	48.179540471	47.98181	1	0	0	0	0
2024-08-23 22:22:30	60.9267179105	48.374587571	47.98181	1	0	0	0	0
2024-08-23 22:22:40	60.42552407783251	48.56778144630542	47.98181	1	0	0	0	0
2024-08-23 22:22:50	60.36093186108374	48.57750607684729	47.98181	1	0	0	0	0
2024-08-23 22:23:00	60.29633964433497	48.58723070738916	47.98181	1	0	0	0	0
2024-08-23 22:23:10	60.2950478	48.5874252	47.98181	1	0	0	0	0
2024-08-23 22:23:20	60.71761749411765	48.37186900588235	47.98181	1	0	0	0	0
2024-08-23 22:23:30	61.49285939790576	47.956528410994764	47.98181	1	0	0	0	0
2024-08-23 22:23:40	61.9278725	47.713764827	47.98181	1	0	0	0	0
2024-08-23 22:23:50	62.4261225	47.513247527000004	47.98181	1	0	0	0	0
2024-08-23 22:24:00	62.91855865	47.315549647000005	47.98181	1	0	0	0	0
2024-08-23 22:24:10	62.83542365	47.396974347000004	47.98181	1	0	0	0	0
2024-08-23 22:24:20	62.747958600000004	47.479863176	47.98181	1	0	0	0	0
2024-08-23 22:24:30	62.231818600000004	47.707700776	47.98181	1	0	0	0	0
2024-08-23 22:24:40	61.71735505	47.935326869499995	47.98181	1	0	0	0	0
2024-08-23 22:24:50	61.36886005	48.1420138195	47.98181	1	0	0	0	0
2024-08-23 22:25:00	61.020405516500006	48.3479309545	47.98181	1	0	0	0	0
2024-08-23 22:25:10	60.675957166500005	48.4776364045	47.98181	1	0	0	0	0
2024-08-23 22:25:20	60.3357361715	48.605261051	47.98181	1	0	0	0	0
2024-08-23 22:25:30	60.4140233215	48.526886151	47.98181	1	0	0	0	0
2024-08-23 22:25:40	60.4972132725	48.4467634525	47.98181	1	0	0	0	0
2024-08-23 22:25:50	61.0657805225	48.1936087025	47.98181	1	0	0	0	0
2024-08-23 22:26:00	61.632767878	47.9404910225	47.98181	1	0	0	0	0
2024-08-23 22:26:10	62.043345678	47.6910432725	47.98181	1	0	0	0	0
2024-08-23 22:26:20	62.452142032999994	47.4434999325	47.98181	1	0	0	0	0
2024-08-23 22:26:30	62.684575333	47.3844931825	47.98181	1	0	0	0	0
2024-08-23 22:26:40	62.91269404019138	47.32755884736842	47.98181	1	0	0	0	0
2024-08-23 22:26:50	62.71366805933014	47.47579358421053	47.98181	1	0	0	0	0
2024-08-23 22:27:00	62.514642078468896	47.62402832105263	47.98181	1	0	0	0	0
2024-08-23 22:27:10	61.941614240837694	47.871048926178005	47.98181	1	0	0	0	0
2024-08-23 22:27:20	61.3385192365	48.126191817999995	47.98181	1	0	0	0	0
2024-08-23 22:27:30	60.9784428865	48.335023618	47.98181	1	0	0	0	0
2024-08-23 22:27:40	60.619783443	48.5424316395	47.98181	1	0	0	0	0
2024-08-23 22:27:50	60.401397743	48.6088855895	47.98181	1	0	0	0	0
2024-08-23 22:28:00	60.187938343	48.672742025	47.98181	1	0	0	0	0
2024-08-23 22:28:10	60.462182643	48.479444525	47.98181	1	0	0	0	0
2024-08-23 22:28:20	60.7405889495	48.2851465655	47.98181	1	0	0	0	0
2024-08-23 22:28:30	61.4310338995	47.9918031155	47.98181	1	0	0	0	0
2024-08-23 22:28:40	62.119013411000005	47.698963653	47.98181	1	0	0	0	0
2024-08-23 22:28:50	62.562914511	47.456018953	47.98181	1	0	0	0	0
2024-08-23 22:29:00	63.001315417	47.216405418	47.98181	1	0	0	0	0
2024-08-23 22:29:10	62.895197117	47.306577218	47.98181	1	0	0	0	0
2024-08-23 22:29:20	62.785902435000004	47.3983113135	47.98181	1	0	0	0	0
2024-08-23 22:29:30	62.362145935	47.6447126635	47.98181	1	0	0	0	0
2024-08-23 22:29:40	61.936637944000005	47.891289689	47.98181	1	0	0	0	0
2024-08-23 22:29:50	61.337732344	48.155258589	47.98181	1	0	0	0	0
2024-08-23 22:30:00	60.7423286365	48.417990611	47.98181	1	0	0	0	0
2024-08-23 22:30:10	60.493612286499996	48.558271711	47.98181	1	0	0	0	0
2024-08-23 22:30:20	60.2483222845	48.69636535	47.98181	1	0	0	0	0
2024-08-23 22:30:30	60.3422407345	48.61790035	47.98181	1	0	0	0	0
2024-08-23 22:30:40	60.439165100000004	48.537643249999995	47.98181	1	0	0	0	0
2024-08-23 22:30:50	60.8336751	48.279968249999996	47.98181	1	0	0	0	0
2024-08-23 22:31:00	61.231149081000005	48.022035613	47.98181	1	0	0	0	0
2024-08-23 22:31:10	61.922057181	47.738596913	47.98181	1	0	0	0	0
2024-08-23 22:31:20	62.6086113035	47.456815237	47.98181	1	0	0	0	0
2024-08-23 22:31:30	62.8641216535	47.339078937000004	47.98181	1	0	0	0	0
2024-08-23 22:31:40	63.1135478655	47.2243386135	47.98181	1	0	0	0	0
2024-08-23 22:31:50	62.7606444155	47.4061999635	47.98181	1	0	0	0	0
2024-08-23 22:32:00	62.407548077	47.588789754	47.98181	1	0	0	0	0
2024-08-23 22:32:10	62.035355777	47.843495153999996	47.98181	1	0	0	0	0
2024-08-23 22:32:20	61.660915373	48.0979064605	47.98181	1	0	0	0	0
2024-08-23 22:32:30	61.063912673000004	48.323202510499996	47.98181	1	0	0	0	0
2024-08-23 22:32:40	60.4711432705	48.5469683895	47.98181	1	0	0	0	0
2024-08-23 22:32:50	60.297470320500004	48.6192473395	47.98181	1	0	0	0	0
2024-08-23 22:33:00	60.128916019500004	48.689110251500004	47.98181	1	0	0	0	0
2024-08-23 22:33:10	60.4671079695	48.5197854015	47.98181	1	0	0	0	0
2024-08-23 22:33:20	60.806502999	48.349329681	47.98181	1	0	0	0	0
2024-08-23 22:33:30	61.265002899	48.066917781	47.98181	1	0	0	0	0
2024-08-23 22:33:40	61.725712561	47.7845424895	47.98181	1	0	0	0	0
2024-08-23 22:33:50	62.405188661	47.505791439499994	47.98181	1	0	0	0	0
2024-08-23 22:34:00	63.078198449999995	47.230053233999996	47.98181	1	0	0	0	0
2024-08-23 22:34:10	63.11104345	47.252586634	47.98181	1	0	0	0	0
2024-08-23 22:34:20	63.138774817	47.2770418765	47.98181	1	0	0	0	0
2024-08-23 22:34:30	62.660256517	47.4917595265	47.98181	1	0	0	0	0
2024-08-23 22:34:40	62.18211757661692	47.707084213432836	47.98181	1	0	0	0	0
2024-08-23 22:34:50	61.74153523830846	47.98250555671642	47.98181	1	0	0	0	0
2024-08-23 22:35:00	61.3009529	48.2579269	47.98181	1	0	0	0	0
2024-08-23 22:35:10	60.825532347236184	48.43216463869347	47.98181	1	0	0	0	0
2024-08-23 22:35:20	60.353758937	48.6049176	47.98181	1	0	0	0	0
2024-08-23 22:35:30	60.243052637	48.6306776	47.98181	1	0	0	0	0
2024-08-23 22:35:40	60.13814296	48.6539989	47.98181	1	0	0	0	0
2024-08-23 22:35:50	60.60709896	48.4358889	47.98181	1	0	0	0	0
2024-08-23 22:36:00	61.075949159	48.2171177	47.98181	1	0	0	0	0
2024-08-23 22:36:10	61.534325059	47.9328877	47.98181	1	0	0	0	0
2024-08-23 22:36:20	61.994060964	47.6491803	47.98181	1	0	0	0	0
2024-08-23 22:36:30	62.588437364	47.4172103	47.98181	1	0	0	0	0
2024-08-23 22:36:40	63.1763463295	47.188217811499996	47.98181	1	0	0	0	0
2024-08-23 22:36:50	63.1239792795	47.253998961499995	47.98181	1	0	0	0	0
2024-08-23 22:37:00	63.06669200447761	47.321578927363184	47.98181	1	0	0	0	0
2024-08-23 22:37:10	62.522302452238804	47.56724166368159	47.98181	1	0	0	0	0
2024-08-23 22:37:20	61.9779129	47.8129044	47.98181	1	0	0	0	0
2024-08-23 22:37:30	61.55766041243781	48.04864126567164	47.98181	1	0	0	0	0
2024-08-23 22:37:40	61.137407924875625	48.28437813134328	47.98181	1	0	0	0	0
2024-08-23 22:37:50	60.72440041492537	48.456498040298506	47.98181	1	0	0	0	0
2024-08-23 22:38:00	60.311466086567165	48.627975353731344	47.98181	1	0	0	0	0
2024-08-23 22:38:10	60.301492448756214	48.60660309900498	47.98181	1	0	0	0	0
2024-08-23 22:38:20	60.29974249850746	48.58129513880597	47.98181	1	0	0	0	0
2024-08-23 22:38:30	60.80777947462686	48.341322607462686	47.98181	1	0	0	0	0
2024-08-23 22:38:40	61.33158305671642	48.09471096567164	47.98181	1	0	0	0	0
2024-08-23 22:38:50	61.798572704	47.806771556	47.98181	1	0	0	0	0
2024-08-23 22:39:00	62.263195104	47.517110156	47.98181	1	0	0	0	0
2024-08-23 22:39:10	62.7161512	47.355615236	47.98181	1	0	0	0	0
2024-08-23 22:39:20	63.168621200000004	47.199460586	47.98181	1	0	0	0	0
2024-08-23 22:39:30	63.0081912	47.330821808	47.98181	1	0	0	0	0
2024-08-23 22:39:40	62.8222237	47.474162858	47.98181	1	0	0	0	0
2024-08-23 22:39:50	62.2835234	47.70635738	47.98181	1	0	0	0	0
2024-08-23 22:40:00	61.730125900000004	47.94225413	47.98181	1	0	0	0	0
2024-08-23 22:40:10	61.327007328	48.1760084	47.98181	1	0	0	0	0
2024-08-23 22:40:20	60.930150378	48.4096734	47.98181	1	0	0	0	0
2024-08-23 22:40:30	60.589868148	48.536221600000005	47.98181	1	0	0	0	0
2024-08-23 22:40:40	60.251943198	48.6583066	47.98181	1	0	0	0	0
2024-08-23 22:40:50	60.36228701584158	48.55696742574258	47.98181	1	0	0	0	0
2024-08-23 22:41:00	60.4913086990099	48.446318910891094	47.98181	1	0	0	0	0
2024-08-23 22:41:10	61.075076920202015	48.188251885858584	47.98181	1	0	0	0	0
2024-08-23 22:41:20	61.687871516161614	47.920775168686866	47.98181	1	0	0	0	0
2024-08-23 22:41:30	62.131239316	47.657383268	47.98181	1	0	0	0	0
2024-08-23 22:41:40	62.567547666	47.394161568	47.98181	1	0	0	0	0
2024-08-23 22:41:50	62.785524800000005	47.340133804000004	47.98181	1	0	0	0	0
2024-08-23 22:42:00	62.994404800000005	47.294822454000006	47.98181	1	0	0	0	0
2024-08-23 22:42:10	62.736895392	47.475311984	47.98181	1	0	0	0	0
2024-08-23 22:42:20	62.459953092	47.665209884	47.98181	1	0	0	0	0
2024-08-23 22:42:30	61.925607340298505	47.89023304776119	47.98181	1	0	0	0	0
2024-08-23 22:42:40	61.380536444776126	48.1167197641791	47.98181	1	0	0	0	0
2024-08-23 22:42:50	61.043428751758796	48.30330998190954	47.98181	1	0	0	0	0
2024-08-23 22:43:00	60.71726649045226	48.4878003839196	47.98181	1	0	0	0	0
2024-08-23 22:43:10	60.553104816	48.538282175999996	47.98181	1	0	0	0	0
2024-08-23 22:43:20	60.395693166	48.583180276	47.98181	1	0	0	0	0
2024-08-23 22:43:30	60.589308684	48.437206423999996	47.98181	1	0	0	0	0
2024-08-23 22:43:40	60.797550334	48.283279574	47.98181	1	0	0	0	0
2024-08-23 22:43:50	61.264695440000004	48.0903965	47.98181	1	0	0	0	0
2024-08-23 22:44:00	61.742628190000005	47.89589025	47.98181	1	0	0	0	0
2024-08-23 22:44:10	62.12750598	47.669843344	47.98181	1	0	0	0	0
2024-08-23 22:44:20	62.50850648	47.442482244	47.98181	1	0	0	0	0
2024-08-23 22:44:30	62.66638978	47.409888056	47.98181	1	0	0	0	0
2024-08-23 22:44:40	62.81497653	47.385409156	47.98181	1	0	0	0	0
2024-08-23 22:44:50	62.539114736	47.569979904	47.98181	1	0	0	0	0
2024-08-23 22:45:00	62.245567586	47.763261054000004	47.98181	1	0	0	0	0
2024-08-23 22:45:10	61.683130484	48.004079196000006	47.98181	1	0	0	0	0
2024-08-23 22:45:20	61.683130484	48.004079196000006	47.98181	1	0	0	0	0
2024-08-23 22:45:30	61.109489634000006	48.246878046000006	47.98181	1	0	0	0	0
2024-08-23 22:45:40	60.83197408	48.394201200000005	47.98181	1	0	0	0	0
2024-08-23 22:45:50	60.56679708	48.5375462	47.98181	1	0	0	0	0
2024-08-23 22:46:00	60.536901920000005	48.530225344	47.98181	1	0	0	0	0
2024-08-23 22:46:10	60.51681017000001	48.516626744	47.98181	1	0	0	0	0
2024-08-23 22:46:20	60.73919738	48.353038368	47.98181	1	0	0	0	0
2024-08-23 22:46:30	60.97168788	48.183200418000006	47.98181	1	0	0	0	0
2024-08-23 22:46:40	61.5514879	47.940526788	47.98181	1	0	0	0	0
2024-08-23 22:46:50	62.14575915	47.694818338	47.98181	1	0	0	0	0
2024-08-23 22:47:00	62.510540553846155	47.50517161538461	47.98181	1	0	0	0	0
2024-08-23 22:47:10	62.86575988076923	47.31786079807692	47.98181	1	0	0	0	0
2024-08-23 22:47:20	62.77934710362695	47.38220284093264	47.98181	1	0	0	0	0
2024-08-23 22:47:30	62.63271176683938	47.480861182901556	47.98181	1	0	0	0	0
2024-08-23 22:47:40	62.30052434924623	47.68655067788945	47.98181	1	0	0	0	0
2024-08-23 22:47:50	61.958571032663315	47.89787339145729	47.98181	1	0	0	0	0
2024-08-23 22:48:00	61.498640308	48.090867292	47.98181	1	0	0	0	0
2024-08-23 22:48:10	61.033793858	48.283097491999996	47.98181	1	0	0	0	0
2024-08-23 22:48:20	60.789345600000004	48.424371324	47.98181	1	0	0	0	0
2024-08-23 22:48:30	60.554080600000006	48.563521974000004	47.98181	1	0	0	0	0
2024-08-23 22:48:40	60.614621840000005	48.501536736	47.98181	1	0	0	0	0
2024-08-23 22:48:50	60.68748834	48.431170836	47.98181	1	0	0	0	0
2024-08-23 22:49:00	60.97311052	48.236919624	47.98181	1	0	0	0	0
2024-08-23 22:49:10	61.267597519999995	48.037506524	47.98181	1	0	0	0	0
2024-08-23 22:49:20	61.880528712	47.780544400000004	47.98181	1	0	0	0	0
2024-08-23 22:49:30	62.506728412	47.5211844	47.98181	1	0	0	0	0
2024-08-23 22:49:40	62.803413391999996	47.37976184	47.98181	1	0	0	0	0
2024-08-23 22:49:50	63.086368592	47.24325334	47.98181	1	0	0	0	0
2024-08-23 22:50:00	62.794086944	47.399244360000004	47.98181	1	0	0	0	0
2024-08-23 22:50:10	62.477837094	47.56742286	47.98181	1	0	0	0	0
2024-08-23 22:50:20	62.100874972	47.804737200000005	47.98181	1	0	0	0	0
2024-08-23 22:50:30	61.721383172	48.044932200000005	47.98181	1	0	0	0	0
2024-08-23 22:50:40	61.203009516	48.253992528	47.98181	1	0	0	0	0
2024-08-23 22:50:50	60.678849116	48.461755577999995	47.98181	1	0	0	0	0
2024-08-23 22:51:00	60.508276396	48.534071172	47.98181	1	0	0	0	0
2024-08-23 22:51:10	60.352436496	48.600743122	47.98181	1	0	0	0	0
2024-08-23 22:51:20	60.597543908	48.4759124	47.98181	1	0	0	0	0
2024-08-23 22:51:30	60.859357458	48.3431024	47.98181	1	0	0	0	0
2024-08-23 22:51:40	61.263921088	48.1081484	47.98181	1	0	0	0	0
2024-08-23 22:51:50	61.674432638	47.8689384	47.98181	1	0	0	0	0
2024-08-23 22:52:00	62.248920108	47.618804752	47.98181	1	0	0	0	0
2024-08-23 22:52:10	62.830239907999996	47.368215952	47.98181	1	0	0	0	0
2024-08-23 22:52:20	62.895841804	47.373840592	47.98181	1	0	0	0	0
2024-08-23 22:52:30	62.939955454	47.390140792	47.98181	1	0	0	0	0
2024-08-23 22:52:40	62.499307456	47.586617056	47.98181	1	0	0	0	0
2024-08-23 22:52:50	62.038461056	47.790600656	47.98181	1	0	0	0	0
2024-08-23 22:53:00	61.671872256	48.015915504	47.98181	1	0	0	0	0
2024-08-23 22:53:10	61.309210856	48.242119154	47.98181	1	0	0	0	0
2024-08-23 22:53:20	61.2947044	48.2511673	47.98181	1	0	0	0	0
2024-08-23 22:53:30	61.05464650526316	48.34423987894737	47.98181	1	0	0	0	0
2024-08-23 22:53:40	60.377518778010476	48.58470928429319	47.98181	1	0	0	0	0
2024-08-23 22:53:50	60.37174479895288	48.561297870680626	47.98181	1	0	0	0	0
2024-08-23 22:54:00	60.836757459296486	48.339666528643214	47.98181	1	0	0	0	0
2024-08-23 22:54:10	61.32654836381909	48.10760255879397	47.98181	1	0	0	0	0
2024-08-23 22:54:20	61.726569952	47.85116608	47.98181	1	0	0	0	0
2024-08-23 22:54:30	62.122851152	47.59371408	47.98181	1	0	0	0	0
2024-08-23 22:54:40	62.634402048	47.403291488	47.98181	1	0	0	0	0
2024-08-23 22:54:50	63.150755848	47.215661788000006	47.98181	1	0	0	0	0
2024-08-23 22:55:00	63.02279408	47.330971032	47.98181	1	0	0	0	0
2024-08-23 22:55:10	62.867985829999995	47.458902732	47.98181	1	0	0	0	0
2024-08-23 22:55:20	62.354206219999995	47.679156	47.98181	1	0	0	0	0
2024-08-23 22:55:30	61.825469469999994	47.903256	47.98181	1	0	0	0	0
2024-08-23 22:55:40	61.397140799999995	48.169411776	47.98181	1	0	0	0	0
2024-08-23 22:55:50	60.9729958	48.437319876	47.98181	1	0	0	0	0
2024-08-23 22:56:00	60.527027552	48.597127992	47.98181	1	0	0	0	0
2024-08-23 22:56:10	60.080150001999996	48.752431942	47.98181	1	0	0	0	0
2024-08-23 22:56:20	60.175475748	48.65705354	47.98181	1	0	0	0	0
2024-08-23 22:56:30	60.293393298	48.55123004	47.98181	1	0	0	0	0
2024-08-23 22:56:40	60.926625456	48.267772891999996	47.98181	1	0	0	0	0
2024-08-23 22:56:50	61.581329055999994	47.976914342	47.98181	1	0	0	0	0
2024-08-23 22:57:00	62.00991344	47.7061664	47.98181	1	0	0	0	0
2024-08-23 22:57:10	62.42907619	47.4362564	47.98181	1	0	0	0	0
2024-08-23 22:57:20	62.758115004	47.340452	47.98181	1	0	0	0	0
2024-08-23 22:57:30	63.083398654	47.251902	47.98181	1	0	0	0	0
2024-08-23 22:57:40	62.86368056	47.396043567999996	47.98181	1	0	0	0	0
2024-08-23 22:57:50	62.62125406	47.549880617999996	47.98181	1	0	0	0	0
2024-08-23 22:58:00	62.059266984	47.807355332	47.98181	1	0	0	0	0
2024-08-23 22:58:10	61.483964884	48.069148282	47.98181	1	0	0	0	0
2024-08-23 22:58:20	61.122469856	48.275385551999996	47.98181	1	0	0	0	0
2024-08-23 22:58:30	60.769883456	48.479308001999996	47.98181	1	0	0	0	0
2024-08-23 22:58:40	60.524876	48.564273972	47.98181	1	0	0	0	0
2024-08-23 22:58:50	60.284351	48.644283422	47.98181	1	0	0	0	0
2024-08-23 22:59:00	60.435987632	48.505141288000004	47.98181	1	0	0	0	0
2024-08-23 22:59:10	60.603964332	48.356867838	47.98181	1	0	0	0	0
2024-08-23 22:59:20	61.278683368	48.072989588	47.98181	1	0	0	0	0
2024-08-23 22:59:30	61.974516668	47.783461138	47.98181	1	0	0	0	0
2024-08-23 22:59:40	62.423428416	47.538679248	47.98181	1	0	0	0	0
2024-08-23 22:59:50	62.862051766	47.295761798	47.98181	1	0	0	0	0
2024-08-23 23:00:00	62.992369484	47.267994652000006	47.98181	1	0	0	0	0
2024-08-23 23:00:10	63.109841134	47.249192102	47.98181	1	0	0	0	0
2024-08-23 23:00:20	62.797741968	47.445975888	47.98181	1	0	0	0	0
2024-08-23 23:00:30	62.467744018	47.651742438	47.98181	1	0	0	0	0
2024-08-23 23:00:40	61.842318116	47.931093708	47.98181	1	0	0	0	0
2024-08-23 23:00:50	61.204582716	48.213511008	47.98181	1	0	0	0	0
2024-08-23 23:01:00	60.85577873448276	48.41605213743842	47.98181	1	0	0	0	0
2024-08-23 23:01:10	60.51901356206897	48.615265093103446	47.98181	1	0	0	0	0
2024-08-23 23:01:20	60.350180609137055	48.65780093807107	47.98181	1	0	0	0	0
2024-08-23 23:01:30	60.193987715736036	48.6885438822335	47.98181	1	0	0	0	0
2024-08-23 23:01:40	60.486092207999995	48.484611232	47.98181	1	0	0	0	0
2024-08-23 23:01:50	60.796875758	48.270900432	47.98181	1	0	0	0	0
2024-08-23 23:02:00	61.478404491999996	47.980162688	47.98181	1	0	0	0	0
2024-08-23 23:02:10	62.175380942000004	47.686215487999995	47.98181	1	0	0	0	0
2024-08-23 23:02:20	62.6324136	47.449067551999995	47.98181	1	0	0	0	0
2024-08-23 23:02:30	63.0794486	47.214286252	47.98181	1	0	0	0	0
2024-08-23 23:02:40	63.03851811881188	47.261228465346534	47.98181	1	0	0	0	0
2024-08-23 23:02:50	62.97725574257426	47.31990915841585	47.98181	1	0	0	0	0
2024-08-23 23:03:00	62.61745392626263	47.55335494949495	47.98181	1	0	0	0	0
2024-08-23 23:03:10	62.2385964010101	47.79795595959596	47.98181	1	0	0	0	0
2024-08-23 23:03:20	61.614297092	48.0613192	47.98181	1	0	0	0	0
2024-08-23 23:03:30	60.979771041999996	48.3254642	47.98181	1	0	0	0	0
2024-08-23 23:03:40	60.659008608	48.50740344	47.98181	1	0	0	0	0
2024-08-23 23:03:50	60.351319658	48.68591744	47.98181	1	0	0	0	0
2024-08-23 23:04:00	60.359627092	48.644082784	47.98181	1	0	0	0	0
2024-08-23 23:04:10	60.381101042	48.593066934	47.98181	1	0	0	0	0
2024-08-23 23:04:20	60.7447056	48.361722476000004	47.98181	1	0	0	0	0
2024-08-23 23:04:30	61.1225656	48.122864326	47.98181	1	0	0	0	0
2024-08-23 23:04:40	61.788008000000005	47.836006751999996	47.98181	1	0	0	0	0
2024-08-23 23:04:50	62.465433000000004	47.547149202	47.98181	1	0	0	0	0
2024-08-23 23:05:00	62.813597200000004	47.376102947999996	47.98181	1	0	0	0	0
2024-08-23 23:05:10	63.1480422	47.209965497999995	47.98181	1	0	0	0	0
2024-08-23 23:05:20	62.883458048	47.356414272	47.98181	1	0	0	0	0
2024-08-23 23:05:30	62.593914348	47.515887472	47.98181	1	0	0	0	0
2024-08-23 23:05:40	62.182760152	47.76615008	47.98181	1	0	0	0	0
2024-08-23 23:05:50	61.766538852000004	48.02019558	47.98181	1	0	0	0	0
2024-08-23 23:06:00	61.258136144	48.228995704	47.98181	1	0	0	0	0
2024-08-23 23:06:10	60.745892544	48.435910604	47.98181	1	0	0	0	0
2024-08-23 23:06:20	60.543593728	48.531097344	47.98181	1	0	0	0	0
2024-08-23 23:06:30	60.354209278	48.621628744	47.98181	1	0	0	0	0
2024-08-23 23:06:40	60.5775427	48.5008052	47.98181	1	0	0	0	0
2024-08-23 23:06:50	60.8180727	48.371175199999996	47.98181	1	0	0	0	0
2024-08-23 23:07:00	61.188592987999996	48.1361612	47.98181	1	0	0	0	0
2024-08-23 23:07:10	61.564529537999995	47.8967562	47.98181	1	0	0	0	0
2024-08-23 23:07:20	62.176739848	47.6427112	47.98181	1	0	0	0	0
2024-08-23 23:07:30	62.798794898	47.3880562	47.98181	1	0	0	0	0
2024-08-23 23:07:40	62.983292892	47.3260204	47.98181	1	0	0	0	0
2024-08-23 23:07:50	63.149559342	47.2720104	47.98181	1	0	0	0	0
2024-08-23 23:08:00	62.696680272	47.485018063999995	47.98181	1	0	0	0	0
2024-08-23 23:08:10	62.218003472	47.709151463999994	47.98181	1	0	0	0	0
2024-08-23 23:08:20	61.781544352	47.98032016	47.98181	1	0	0	0	0
2024-08-23 23:08:30	61.346844301999994	48.253448660000004	47.98181	1	0	0	0	0
2024-08-23 23:08:40	60.841174476	48.447039816	47.98181	1	0	0	0	0
2024-08-23 23:08:50	60.332547575999996	48.637316916	47.98181	1	0	0	0	0
2024-08-23 23:09:00	60.256437684	48.66148896	47.98181	1	0	0	0	0
2024-08-23 23:09:10	60.198349334	48.67873996	47.98181	1	0	0	0	0
2024-08-23 23:09:20	60.638393992	48.45684608	47.98181	1	0	0	0	0
2024-08-23 23:09:30	61.099194192	48.224987829999996	47.98181	1	0	0	0	0
2024-08-23 23:09:40	61.565423431999996	47.935748892	47.98181	1	0	0	0	0
2024-08-23 23:09:50	62.031878882	47.644119092000004	47.98181	1	0	0	0	0
2024-08-23 23:10:00	62.593504892	47.426983228	47.98181	1	0	0	0	0
2024-08-23 23:10:10	63.159096342	47.212951278	47.98181	1	0	0	0	0
2024-08-23 23:10:20	63.087600496	47.289871663999996	47.98181	1	0	0	0	0
2024-08-23 23:10:30	62.989559346	47.378915064	47.98181	1	0	0	0	0
2024-08-23 23:10:40	62.448056515999994	47.623868416	47.98181	1	0	0	0	0
2024-08-23 23:10:50	61.88807611599999	47.875318016	47.98181	1	0	0	0	0
2024-08-23 23:11:00	61.423151988	48.14715072	47.98181	1	0	0	0	0
2024-08-23 23:11:10	60.962188538	48.41983272	47.98181	1	0	0	0	0
2024-08-23 23:11:20	60.529291888	48.5858232	47.98181	1	0	0	0	0
2024-08-23 23:11:30	60.097564688	48.747368200000004	47.98181	1	0	0	0	0
2024-08-23 23:11:40	60.130467312	48.688373456	47.98181	1	0	0	0	0
2024-08-23 23:11:50	60.182729512	48.620189556	47.98181	1	0	0	0	0
2024-08-23 23:12:00	60.789210032	48.344583784	47.98181	1	0	0	0	0
2024-08-23 23:12:10	61.418782982	48.060335434	47.98181	1	0	0	0	0
2024-08-23 23:12:20	61.857822716	47.789697292	47.98181	1	0	0	0	0
2024-08-23 23:12:30	62.288923566	47.519626241999994	47.98181	1	0	0	0	0
2024-08-23 23:12:40	62.708696752	47.372232968	47.98181	1	0	0	0	0
2024-08-23 23:12:50	63.127997952	47.229951268	47.98181	1	0	0	0	0
2024-08-23 23:13:00	62.8791488	47.4043944	47.98181	1	0	0	0	0
2024-08-23 23:13:10	62.60246005	47.592034399999996	47.98181	1	0	0	0	0
2024-08-23 23:13:20	62.0018265	47.853101152	47.98181	1	0	0	0	0
2024-08-23 23:13:30	61.38769525	48.117227352	47.98181	1	0	0	0	0
2024-08-23 23:13:40	61.010552432	48.327368192	47.98181	1	0	0	0	0
2024-08-23 23:13:50	60.643284132	48.535259642	47.98181	1	0	0	0	0
2024-08-23 23:14:00	60.506105368	48.569006804	47.98181	1	0	0	0	0
2024-08-23 23:14:10	60.378513668	48.595497953999995	47.98181	1	0	0	0	0
2024-08-23 23:14:20	60.6102756	48.427416352	47.98181	1	0	0	0	0
2024-08-23 23:14:30	60.8570106	48.251227552	47.98181	1	0	0	0	0
2024-08-23 23:14:40	61.48971984	47.980266400000005	47.98181	1	0	0	0	0
2024-08-23 23:14:50	62.13851134	47.70535640000001	47.98181	1	0	0	0	0
2024-08-23 23:15:00	62.514560696000004	47.5049232	47.98181	1	0	0	0	0
2024-08-23 23:15:10	62.879245796000006	47.3075932	47.98181	1	0	0	0	0
2024-08-23 23:15:20	62.759690864	47.394992576	47.98181	1	0	0	0	0
2024-08-23 23:15:30	62.619959264	47.494255675999995	47.98181	1	0	0	0	0
2024-08-23 23:15:40	62.280205424	47.692667719999996	47.98181	1	0	0	0	0
2024-08-23 23:15:50	61.932117324	47.89521097	47.98181	1	0	0	0	0
2024-08-23 23:16:00	61.412627176	48.127748748	47.98181	1	0	0	0	0
2024-08-23 23:16:10	60.885995276	48.361536298	47.98181	1	0	0	0	0
2024-08-23 23:16:20	60.68146344	48.470127272	47.98181	1	0	0	0	0
2024-08-23 23:16:30	60.49035244	48.573501721999996	47.98181	1	0	0	0	0
2024-08-23 23:16:40	60.604283360000004	48.496979083999996	47.98181	1	0	0	0	0
2024-08-23 23:16:50	60.73092436	48.412960733999995	47.98181	1	0	0	0	0
2024-08-23 23:17:00	61.0818156	48.186948928	47.98181	1	0	0	0	0
2024-08-23 23:17:10	61.4420506	47.955020728	47.98181	1	0	0	0	0
2024-08-23 23:17:20	62.03994449230769	47.69528523076923	47.98181	1	0	0	0	0
2024-08-23 23:17:30	62.64774083846154	47.434391096153846	47.98181	1	0	0	0	0
2024-08-23 23:17:40	62.925166125000004	47.33184514166666	47.98181	1	0	0	0	0
2024-08-23 23:17:50	63.1575408125	47.25089212083333	47.98181	1	0	0	0	0
2024-08-23 23:18:00	62.824263784	47.411623104	47.98181	1	0	0	0	0
2024-08-23 23:18:10	62.467417934000004	47.582424254	47.98181	1	0	0	0	0
2024-08-23 23:18:20	62.06984394	47.831936476	47.98181	1	0	0	0	0
2024-08-23 23:18:30	61.67057294	48.084728326	47.98181	1	0	0	0	0
2024-08-23 23:18:40	61.10393841044776	48.31472007164179	47.98181	1	0	0	0	0
2024-08-23 23:18:50	60.53033040049751	48.54376181293532	47.98181	1	0	0	0	0
2024-08-23 23:19:00	60.32627107286432	48.62906260351759	47.98181	1	0	0	0	0
2024-08-23 23:19:10	60.1416616758794	48.70679808090452	47.98181	1	0	0	0	0
2024-08-23 23:19:20	60.383081796	48.584300812	47.98181	1	0	0	0	0
2024-08-23 23:19:30	60.642253146	48.453460512	47.98181	1	0	0	0	0
2024-08-23 23:19:40	61.077107999999996	48.189258788000004	47.98181	1	0	0	0	0
2024-08-23 23:19:50	61.519282999999994	47.919500338	47.98181	1	0	0	0	0
2024-08-23 23:20:00	62.184953776	47.6363052	47.98181	1	0	0	0	0
2024-08-23 23:20:10	62.859936876	47.3525502	47.98181	1	0	0	0	0
2024-08-23 23:20:20	63.010101224	47.303426208	47.98181	1	0	0	0	0
2024-08-23 23:20:30	63.138398124	47.264078508	47.98181	1	0	0	0	0
2024-08-23 23:20:40	62.707546	47.470505591999995	47.98181	1	0	0	0	0
2024-08-23 23:20:50	62.253396	47.687173292	47.98181	1	0	0	0	0
2024-08-23 23:21:00	61.834838	47.9419312	47.98181	1	0	0	0	0
2024-08-23 23:21:10	61.417763	48.1982762	47.98181	1	0	0	0	0
2024-08-23 23:21:20	60.919057184	48.396786	47.98181	1	0	0	0	0
2024-08-23 23:21:30	60.416950084	48.592886	47.98181	1	0	0	0	0
2024-08-23 23:21:40	60.331533768	48.614924752	47.98181	1	0	0	0	0
2024-08-23 23:21:50	60.263479568	48.629710951999996	47.98181	1	0	0	0	0
2024-08-23 23:22:00	60.69633604	48.418973088	47.98181	1	0	0	0	0
2024-08-23 23:22:10	61.15006379	48.198838388	47.98181	1	0	0	0	0
2024-08-23 23:22:20	61.629455555999996	47.901264664	47.98181	1	0	0	0	0
2024-08-23 23:22:30	62.109916655999996	47.600464314	47.98181	1	0	0	0	0
2024-08-23 23:22:40	62.601236652	47.420989676	47.98181	1	0	0	0	0
2024-08-23 23:22:50	63.093009101999996	47.246570276	47.98181	1	0	0	0	0
2024-08-23 23:23:00	62.955054768	47.373425420000004	47.98181	1	0	0	0	0
2024-08-23 23:23:10	62.790861817999996	47.512833670000006	47.98181	1	0	0	0	0
2024-08-23 23:23:20	62.7842941	47.51841	47.98181	1	0	0	0	0
2024-08-23 23:23:30	62.54485928	47.627918	47.98181	1	0	0	0	0
2024-08-23 23:23:40	61.297290833333335	48.22778048125	47.98181	1	0	0	0	0
2024-08-23 23:23:50	60.91593666666667	48.440715325000006	47.98181	1	0	0	0	0
2024-08-23 23:24:00	60.61771977234042	48.54292833617021	47.98181	1	0	0	0	0
2024-08-23 23:24:10	60.33533854893617	48.62405147446808	47.98181	1	0	0	0	0
2024-08-23 23:24:20	60.46295626	48.507201216	47.98181	1	0	0	0	0
2024-08-23 23:24:30	60.60765726	48.382102065999995	47.98181	1	0	0	0	0
2024-08-23 23:24:40	61.187341796000005	48.134439812	47.98181	1	0	0	0	0
2024-08-23 23:24:50	61.785150646000005	47.881670762	47.98181	1	0	0	0	0
2024-08-23 23:25:00	62.21917359512195	47.629953756097564	47.98181	1	0	0	0	0
2024-08-23 23:25:10	62.64637213170732	47.37828058536585	47.98181	1	0	0	0	0
2024-08-23 23:25:20	62.82326828666667	47.33644533333333	47.98181	1	0	0	0	0
2024-08-23 23:25:30	62.97540926102564	47.31536328205129	47.98181	1	0	0	0	0
2024-08-23 23:25:40	62.663810596	47.534686400000005	47.98181	1	0	0	0	0
2024-08-23 23:25:50	62.332889445999996	47.764026400000006	47.98181	1	0	0	0	0
2024-08-23 23:26:00	61.749185752	47.9999856	47.98181	1	0	0	0	0
2024-08-23 23:26:10	61.154949452	48.236220599999996	47.98181	1	0	0	0	0
2024-08-23 23:26:20	60.8233464	48.419142	47.98181	1	0	0	0	0
2024-08-23 23:26:30	60.5026864	48.599842	47.98181	1	0	0	0	0
2024-08-23 23:26:40	60.409130864	48.613838	47.98181	1	0	0	0	0
2024-08-23 23:26:50	60.325038014	48.620888	47.98181	1	0	0	0	0
2024-08-23 23:27:00	60.627568507999996	48.423617552	47.98181	1	0	0	0	0
2024-08-23 23:27:10	60.946208307999996	48.217833752000004	47.98181	1	0	0	0	0
2024-08-23 23:27:20	61.556994636	47.952555248	47.98181	1	0	0	0	0
2024-08-23 23:27:30	62.179953736	47.684797798	47.98181	1	0	0	0	0
2024-08-23 23:27:40	62.552237492	47.49569886	47.98181	1	0	0	0	0
2024-08-23 23:27:50	62.914076442	47.30987736	47.98181	1	0	0	0	0
2024-08-23 23:28:00	62.794676464	47.388222084	47.98181	1	0	0	0	0
2024-08-23 23:28:10	62.655224864	47.477573734	47.98181	1	0	0	0	0
2024-08-23 23:28:20	62.342645136	47.685225656	47.98181	1	0	0	0	0
2024-08-23 23:28:30	62.022851736	47.897806756	47.98181	1	0	0	0	0
2024-08-23 23:28:40	61.47036	48.1252092	47.98181	1	0	0	0	0
2024-08-23 23:28:50	60.9081725	48.3532292	47.98181	1	0	0	0	0
2024-08-23 23:29:00	60.606498568	48.50817544	47.98181	1	0	0	0	0
2024-08-23 23:29:10	60.315679368	48.66007694	47.98181	1	0	0	0	0
2024-08-23 23:29:20	60.402951032	48.59594196	47.98181	1	0	0	0	0
2024-08-23 23:29:30	60.505976482	48.52280546	47.98181	1	0	0	0	0
2024-08-23 23:29:40	60.884083116	48.2809156	47.98181	1	0	0	0	0
2024-08-23 23:29:50	61.273651466000004	48.031994350000005	47.98181	1	0	0	0	0
2024-08-23 23:30:00	61.889889784	47.775330364000006	47.98181	1	0	0	0	0
2024-08-23 23:30:10	62.515572684	47.518343764	47.98181	1	0	0	0	0
2024-08-23 23:30:20	62.800664	47.39801974	47.98181	1	0	0	0	0
2024-08-23 23:30:30	63.071564	47.28338999	47.98181	1	0	0	0	0
2024-08-23 23:30:40	62.813610944	47.407639296	47.98181	1	0	0	0	0
2024-08-23 23:30:50	62.533622344	47.541841896	47.98181	1	0	0	0	0
2024-08-23 23:31:00	62.161149456000004	47.7722628	47.98181	1	0	0	0	0
2024-08-23 23:31:10	61.784823056	48.006692799999996	47.98181	1	0	0	0	0
2024-08-23 23:31:20	61.256998528000004	48.22514048	47.98181	1	0	0	0	0
2024-08-23 23:31:30	60.722861578	48.44292223	47.98181	1	0	0	0	0
2024-08-23 23:31:40	60.470286772	48.56418222	47.98181	1	0	0	0	0
2024-08-23 23:31:50	60.229443722	48.68142047	47.98181	1	0	0	0	0
2024-08-23 23:32:00	60.409071696	48.579942496	47.98181	1	0	0	0	0
2024-08-23 23:32:10	60.606219296	48.469351345999996	47.98181	1	0	0	0	0
2024-08-23 23:32:20	60.997478703999995	48.226623204	47.98181	1	0	0	0	0
2024-08-23 23:32:30	61.396826104	47.978389354	47.98181	1	0	0	0	0
2024-08-23 23:32:40	62.041904512	47.703770096	47.98181	1	0	0	0	0
2024-08-23 23:32:50	62.697221712	47.428051446	47.98181	1	0	0	0	0
2024-08-23 23:33:00	62.91314437227723	47.34751171386139	47.98181	1	0	0	0	0
2024-08-23 23:33:10	63.11075892673267	47.27510443663367	47.98181	1	0	0	0	0
2024-08-23 23:33:20	62.768016704040406	47.436889903030306	47.98181	1	0	0	0	0
2024-08-23 23:33:30	62.39078362323232	47.61362384242424	47.98181	1	0	0	0	0
2024-08-23 23:33:40	62.022538764	47.856702864	47.98181	1	0	0	0	0
2024-08-23 23:33:50	61.654668414	48.102546264000004	47.98181	1	0	0	0	0
2024-08-23 23:34:00	61.057200288	48.339154752	47.98181	1	0	0	0	0
2024-08-23 23:34:10	60.450165588	48.575378452	47.98181	1	0	0	0	0
2024-08-23 23:34:20	60.288437928	48.636113432	47.98181	1	0	0	0	0
2024-08-23 23:34:30	60.145264728	48.689536382	47.98181	1	0	0	0	0
2024-08-23 23:34:40	60.496116456	48.5167673	47.98181	1	0	0	0	0
2024-08-23 23:34:50	60.867552556	48.33457355	47.98181	1	0	0	0	0
2024-08-23 23:35:00	61.33481696	48.047991368	47.98181	1	0	0	0	0
2024-08-23 23:35:10	61.80607421	47.757059668000004	47.98181	1	0	0	0	0
2024-08-23 23:35:20	62.4384029	47.499764400000004	47.98181	1	0	0	0	0
2024-08-23 23:35:30	63.077442899999994	47.24387065	47.98181	1	0	0	0	0
2024-08-23 23:35:40	63.12243562	47.274427748	47.98181	1	0	0	0	0
2024-08-23 23:35:50	63.142676370000004	47.316920298	47.98181	1	0	0	0	0
2024-08-23 23:36:00	62.613912032	47.5458184	47.98181	1	0	0	0	0
2024-08-23 23:36:10	62.062272482000004	47.7824834	47.98181	1	0	0	0	0
2024-08-23 23:36:20	61.650699476	48.02753544	47.98181	1	0	0	0	0
2024-08-23 23:36:30	61.244962576	48.27293694	47.98181	1	0	0	0	0
2024-08-23 23:36:40	60.796915452	48.44931156	47.98181	1	0	0	0	0
2024-08-23 23:36:50	60.347105402	48.62281006	47.98181	1	0	0	0	0
2024-08-23 23:37:00	60.242608503999996	48.646945088	47.98181	1	0	0	0	0
2024-08-23 23:37:10	60.152499653999996	48.664856638	47.98181	1	0	0	0	0
2024-08-23 23:37:20	60.617912612	48.444193116	47.98181	1	0	0	0	0
2024-08-23 23:37:30	61.106472312	48.213588966	47.98181	1	0	0	0	0
2024-08-23 23:37:40	61.519286044	47.95847064	47.98181	1	0	0	0	0
2024-08-23 23:37:50	61.928943694	47.70233089	47.98181	1	0	0	0	0
2024-08-23 23:38:00	62.486125456	47.479930148	47.98181	1	0	0	0	0
2024-08-23 23:38:10	63.049454056	47.258935197999996	47.98181	1	0	0	0	0
2024-08-23 23:38:20	63.039403552	47.318388216	47.98181	1	0	0	0	0
2024-08-23 23:38:30	63.005462252	47.389526566	47.98181	1	0	0	0	0
2024-08-23 23:38:40	62.46140196	47.622770084	47.98181	1	0	0	0	0
2024-08-23 23:38:50	61.896086710000006	47.862767984	47.98181	1	0	0	0	0
2024-08-23 23:39:00	61.513040132	48.097733708	47.98181	1	0	0	0	0
2024-08-23 23:39:10	61.137588082	48.332489758	47.98181	1	0	0	0	0
2024-08-23 23:39:20	60.698847504	48.498744	47.98181	1	0	0	0	0
2024-08-23 23:39:30	60.257469904	48.662144000000005	47.98181	1	0	0	0	0
2024-08-23 23:39:40	60.262953296	48.6217168	47.98181	1	0	0	0	0
2024-08-23 23:39:50	60.287055896000005	48.5727968	47.98181	1	0	0	0	0
2024-08-23 23:40:00	60.8254424	48.3270432	47.98181	1	0	0	0	0
2024-08-23 23:40:10	61.3852574	48.0730882	47.98181	1	0	0	0	0
2024-08-23 23:40:20	61.868975072	47.780889488	47.98181	1	0	0	0	0
2024-08-23 23:40:30	62.349522021999995	47.487097287999994	47.98181	1	0	0	0	0
2024-08-23 23:40:40	62.751547836	47.347979712	47.98181	1	0	0	0	0
2024-08-23 23:40:50	63.150301936	47.215306912	47.98181	1	0	0	0	0
2024-08-23 23:41:00	62.93391506	47.379980048	47.98181	1	0	0	0	0
2024-08-23 23:41:10	62.691897309999995	47.557042597999995	47.98181	1	0	0	0	0
2024-08-23 23:41:20	62.118498984	47.799521804	47.98181	1	0	0	0	0
2024-08-23 23:41:30	62.118498984	47.799521804	47.98181	1	0	0	0	0
2024-08-23 23:41:40	61.1397409	48.261396468	47.98181	1	0	0	0	0
2024-08-23 23:41:50	60.7563409	48.476877268	47.98181	1	0	0	0	0
2024-08-23 23:42:00	60.506631748	48.567448580000004	47.98181	1	0	0	0	0
2024-08-23 23:42:10	60.262493047999996	48.65281533	47.98181	1	0	0	0	0
2024-08-23 23:42:20	60.506722236	48.478345312	47.98181	1	0	0	0	0
2024-08-23 23:42:30	60.771300086000004	48.293048762	47.98181	1	0	0	0	0
2024-08-23 23:42:40	61.374873664	48.035419188	47.98181	1	0	0	0	0
2024-08-23 23:42:50	61.992572064	47.774775738	47.98181	1	0	0	0	0
2024-08-23 23:43:00	62.401580192	47.547626784	47.98181	1	0	0	0	0
2024-08-23 23:43:10	62.801892892	47.321873434	47.98181	1	0	0	0	0
2024-08-23 23:43:20	62.801174808	47.359814516	47.98181	1	0	0	0	0
2024-08-23 23:43:30	62.783747108	47.408742866	47.98181	1	0	0	0	0
2024-08-23 23:43:40	62.48226472	47.605175312	47.98181	1	0	0	0	0
2024-08-23 23:43:50	62.16894672	47.807753762	47.98181	1	0	0	0	0
2024-08-23 23:44:00	61.780714544	48.041970211999995	47.98181	1	0	0	0	0
2024-08-23 23:44:10	61.389360944	48.277504912	47.98181	1	0	0	0	0
2024-08-23 23:44:20	60.887007536	48.468312396	47.98181	1	0	0	0	0
2024-08-23 23:44:30	60.380029136	48.657256246	47.98181	1	0	0	0	0
2024-08-23 23:44:40	60.423417199999996	48.599509424000004	47.98181	1	0	0	0	0
2024-08-23 23:44:50	60.4897372	48.531483824000006	47.98181	1	0	0	0	0
2024-08-23 23:45:00	60.8415228	48.291681488	47.98181	1	0	0	0	0
2024-08-23 23:45:10	61.205202799999995	48.044721788	47.98181	1	0	0	0	0
2024-08-23 23:45:20	61.904626432	47.756488328	47.98181	1	0	0	0	0
2024-08-23 23:45:30	62.618039382	47.466535128000004	47.98181	1	0	0	0	0
2024-08-23 23:45:40	62.895981068000005	47.335458856	47.98181	1	0	0	0	0
2024-08-23 23:45:50	63.155778118	47.211002456	47.98181	1	0	0	0	0
2024-08-23 23:46:00	62.8277604	47.385292584000005	47.98181	1	0	0	0	0
2024-08-23 23:46:10	62.4752504	47.572030484	47.98181	1	0	0	0	0
2024-08-23 23:46:20	62.0862892	47.8230232	47.98181	1	0	0	0	0
2024-08-23 23:46:30	61.69580920000001	48.0766932	47.98181	1	0	0	0	0
2024-08-23 23:46:40	61.122918160000005	48.3049952	47.98181	1	0	0	0	0
2024-08-23 23:46:50	60.542426660000004	48.532240200000004	47.98181	1	0	0	0	0
2024-08-23 23:47:00	60.383309784	48.601365856	47.98181	1	0	0	0	0
2024-08-23 23:47:10	60.241750184	48.663903206	47.98181	1	0	0	0	0
2024-08-23 23:47:20	60.547287256	48.505242444	47.98181	1	0	0	0	0
2024-08-23 23:47:30	60.871453355999996	48.337365094	47.98181	1	0	0	0	0
2024-08-23 23:47:40	61.331608592	48.067060688	47.98181	1	0	0	0	0
2024-08-23 23:47:50	61.797430042	47.792488488000004	47.98181	1	0	0	0	0
2024-08-23 23:48:00	62.422552163999995	47.525928832000005	47.98181	1	0	0	0	0
2024-08-23 23:48:10	63.054311813999995	47.259703032000004	47.98181	1	0	0	0	0
2024-08-23 23:48:20	63.068669112	47.29921688	47.98181	1	0	0	0	0
2024-08-23 23:48:30	63.057301312	47.35146988	47.98181	1	0	0	0	0
2024-08-23 23:48:40	62.564836712	47.567070816	47.98181	1	0	0	0	0
2024-08-23 23:48:50	62.052326412	47.789477915999996	47.98181	1	0	0	0	0
2024-08-23 23:49:00	61.651973728	48.034981224	47.98181	1	0	0	0	0
2024-08-23 23:49:10	61.256294278	48.281446874	47.98181	1	0	0	0	0
2024-08-23 23:49:20	60.848775196	48.432373612	47.98181	1	0	0	0	0
2024-08-23 23:49:30	60.440762796	48.579319561999995	47.98181	1	0	0	0	0
2024-08-23 23:49:40	60.333200828	48.610108919999995	47.98181	1	0	0	0	0
2024-08-23 23:49:50	60.238157627999996	48.63605842	47.98181	1	0	0	0	0
2024-08-23 23:50:00	60.745097068	48.391141327999996	47.98181	1	0	0	0	0
2024-08-23 23:50:10	61.277119118	48.134938128	47.98181	1	0	0	0	0
2024-08-23 23:50:20	61.73534136	47.860255072	47.98181	1	0	0	0	0
2024-08-23 23:50:30	62.19048861	47.584802022000005	47.98181	1	0	0	0	0
2024-08-23 23:50:40	62.68315794	47.393851628	47.98181	1	0	0	0	0
2024-08-23 23:50:50	63.177390689999996	47.206422178000004	47.98181	1	0	0	0	0
2024-08-23 23:51:00	63.020851199999996	47.330228088000005	47.98181	1	0	0	0	0
2024-08-23 23:51:10	62.8371962	47.467002138000005	47.98181	1	0	0	0	0
2024-08-23 23:51:20	62.279430928000004	47.713617516	47.98181	1	0	0	0	0
2024-08-23 23:51:30	61.706077728000004	47.964809616	47.98181	1	0	0	0	0
2024-08-23 23:51:40	61.311938672	48.184712676	47.98181	1	0	0	0	0
2024-08-23 23:51:50	60.925266871999995	48.403312026	47.98181	1	0	0	0	0
2024-08-23 23:52:00	60.609908768	48.526914384	47.98181	1	0	0	0	0
2024-08-23 23:52:10	60.297522068	48.646558534	47.98181	1	0	0	0	0
2024-08-23 23:52:20	60.376146632	48.576728828	47.98181	1	0	0	0	0
2024-08-23 23:52:30	60.471063332	48.499004378	47.98181	1	0	0	0	0
2024-08-23 23:52:40	61.002962335999996	48.252251576	47.98181	1	0	0	0	0
2024-08-23 23:52:50	61.553068935999995	47.998455926	47.98181	1	0	0	0	0
2024-08-23 23:53:00	61.971899375999996	47.741512724	47.98181	1	0	0	0	0
2024-08-23 23:53:10	62.385259976	47.484438374	47.98181	1	0	0	0	0
2024-08-23 23:53:20	62.4017944	47.4741554	47.98181	1	0	0	0	0
2024-08-23 23:53:30	62.59800391428571	47.413396	47.98181	1	0	0	0	0
2024-08-23 23:53:40	62.8731833031746	47.411008677248674	47.98181	1	0	0	0	0
2024-08-23 23:53:50	62.61983695396825	47.586904179894184	47.98181	1	0	0	0	0
2024-08-23 23:54:00	62.084181244	47.816695472	47.98181	1	0	0	0	0
2024-08-23 23:54:10	61.536762644	48.048732422	47.98181	1	0	0	0	0
2024-08-23 23:54:20	61.153643867999996	48.275382092	47.98181	1	0	0	0	0
2024-08-23 23:54:30	60.777370918	48.501807292	47.98181	1	0	0	0	0
2024-08-23 23:54:40	60.4964528	48.594411036	47.98181	1	0	0	0	0
2024-08-23 23:54:50	60.2195078	48.681438885999995	47.98181	1	0	0	0	0
2024-08-23 23:55:00	60.382043888	48.5456576	47.98181	1	0	0	0	0
2024-08-23 23:55:10	60.562891688	48.4005926	47.98181	1	0	0	0	0
2024-08-23 23:55:20	61.176525104	48.13730192	47.98181	1	0	0	0	0
2024-08-23 23:55:30	61.808191254	47.86908517	47.98181	1	0	0	0	0
2024-08-23 23:55:40	62.304655708	47.581759188	47.98181	1	0	0	0	0
2024-08-23 23:55:50	62.795486758	47.293636987999996	47.98181	1	0	0	0	0
2024-08-23 23:56:00	62.8858048	47.302297636	47.98181	1	0	0	0	0
2024-08-23 23:56:10	62.959434800000004	47.323324236	47.98181	1	0	0	0	0
2024-08-23 23:56:20	62.600962512	47.554697155999996	47.98181	1	0	0	0	0
2024-08-23 23:56:30	62.224485961999996	47.794834506	47.98181	1	0	0	0	0
2024-08-23 23:56:40	61.65390322	48.034238992	47.98181	1	0	0	0	0
2024-08-23 23:56:50	61.07523272	48.273612942	47.98181	1	0	0	0	0
2024-08-23 23:57:00	60.80478517164179	48.42093696268657	47.98181	1	0	0	0	0
2024-08-23 23:57:10	60.54718024626866	48.56442556965174	47.98181	1	0	0	0	0
2024-08-23 23:57:20	60.572968341708545	48.52579147738693	47.98181	1	0	0	0	0
2024-08-23 23:57:30	60.61367185929648	48.4775719798995	47.98181	1	0	0	0	0
2024-08-23 23:57:40	60.971194416	48.253499632	47.98181	1	0	0	0	0
2024-08-23 23:57:50	61.341917766	48.022100082	47.98181	1	0	0	0	0
2024-08-23 23:58:00	61.945281084	47.764533332	47.98181	1	0	0	0	0
2024-08-23 23:58:10	62.558337734	47.505876282	47.98181	1	0	0	0	0
2024-08-23 23:58:20	62.81557293134328	47.394467313432834	47.98181	1	0	0	0	0
2024-08-23 23:58:30	63.05798223482587	47.28919368159204	47.98181	1	0	0	0	0
2024-08-23 23:58:40	62.73869940100503	47.44798158542714	47.98181	1	0	0	0	0
2024-08-23 23:58:50	62.38985382311558	47.620667464824116	47.98181	1	0	0	0	0
2024-08-23 23:59:00	62.032808096000004	47.843145348	47.98181	1	0	0	0	0
2024-08-23 23:59:10	61.675420696	48.067697898000006	47.98181	1	0	0	0	0
2024-08-23 23:59:20	61.151225904	48.283268352	47.98181	1	0	0	0	0
2024-08-23 23:59:30	60.620080804000004	48.498464552	47.98181	1	0	0	0	0
2024-08-23 23:59:40	60.447280424	48.572039248	47.98181	1	0	0	0	0
2024-08-23 23:59:50	60.289411074	48.639713048000004	47.98181	1	0	0	0	0
2024-08-24 00:00:00	60.6059863	48.479015664	47.98181	1	0	0	0	0
