PROCESSDATA	2111FIC46002 Data	yyyy-MM-dd HH:mm:ss
8	10	2024-11-01 21:55:00	751
tagname	2111FIC46002.MV	2111FIC46002.PV	2111FIC46002.SV	2111FIC46002.MODE	bOpOFL	bPvOFL	bSpOFL	bAutOFL
desc	E543A/B至C420_OP	E543A/B至C420_PV	E543A/B至C420_SP	Aut	bOpOFL	bPvOFL	bSpOFL	bAutOFL
fsMax=3.757058191999999	fsMin=0	fsGridNum=10	fdMax=3.757058191999999tfdMin=0	fdGridNum=10	v0GridNum=10	L=24
2024-11-01 21:55:00	31.290417868	79.326782	79.3345	1	0	0	0	0
2024-11-01 21:55:10	31.283646148	79.3389292	79.3345	1	0	0	0	0
2024-11-01 21:55:20	31.293538388235294	79.27747282352941	79.3345	1	0	0	0	0
2024-11-01 21:55:30	31.2755167	79.408186	79.3345	1	0	0	0	0
2024-11-01 21:55:40	31.250251232	79.5132932	79.3345	1	0	0	0	0
2024-11-01 21:55:50	31.242251526530612	79.51118306122449	79.3345	1	0	0	0	0
2024-11-01 21:56:00	31.235780071999997	79.4763952	79.3345	1	0	0	0	0
2024-11-01 21:56:10	31.254890444	79.3766062	79.3345	1	0	0	0	0
2024-11-01 21:56:20	31.254101652	79.4140696	79.3345	1	0	0	0	0
2024-11-01 21:56:30	31.270432528	79.3103832	79.3345	1	0	0	0	0
2024-11-01 21:56:40	31.273298560784312	79.29061430392156	79.3345	1	0	0	0	0
2024-11-01 21:56:50	31.285413727999998	79.21790320000001	79.3345	1	0	0	0	0
2024-11-01 21:57:00	31.253999248	79.444116192	79.3345	1	0	0	0	0
2024-11-01 21:57:10	31.253381976	79.391422	79.3345	1	0	0	0	0
2024-11-01 21:57:20	31.27337152	79.288268	79.3345	1	0	0	0	0
2024-11-01 21:57:30	31.247721828	79.4167684	79.3345	1	0	0	0	0
2024-11-01 21:57:40	31.220402244	79.534025536	79.3345	1	0	0	0	0
2024-11-01 21:57:50	31.237066548	79.377743104	79.3345	1	0	0	0	0
2024-11-01 21:58:00	31.205658264	79.49184919999999	79.3345	1	0	0	0	0
2024-11-01 21:58:10	31.243722368	79.2894316	79.3345	1	0	0	0	0
2024-11-01 21:58:20	31.220765844	79.396245136	79.3345	1	0	0	0	0
2024-11-01 21:58:30	31.253393270588237	79.20691745098038	79.3345	1	0	0	0	0
2024-11-01 21:58:40	31.2455572	79.2874056	79.3345	1	0	0	0	0
2024-11-01 21:58:50	31.25924752	79.199924	79.3345	1	0	0	0	0
2024-11-01 21:59:00	31.205906784	79.51365886399999	79.3345	1	0	0	0	0
2024-11-01 21:59:10	31.230254436	79.34763720000001	79.3345	1	0	0	0	0
2024-11-01 21:59:20	31.225883132	79.3536904	79.3345	1	0	0	0	0
2024-11-01 21:59:30	31.234417353061225	79.28518824489797	79.3345	1	0	0	0	0
2024-11-01 21:59:40	31.203392729999997	79.478444	79.3345	1	0	0	0	0
2024-11-01 21:59:50	31.210484104000003	79.414946352	79.3345	1	0	0	0	0
2024-11-01 22:00:00	31.220148648000002	79.3582464	79.3345	1	0	0	0	0
2024-11-01 22:00:10	31.231644399999997	79.302332224	79.3345	1	0	0	0	0
2024-11-01 22:00:20	31.218020160000002	79.39254360000001	79.3345	1	0	0	0	0
2024-11-01 22:00:30	31.23362448979592	79.31229925510205	79.3345	1	0	0	0	0
2024-11-01 22:00:40	31.21717779607843	79.38831059607843	79.3345	1	0	0	0	0
2024-11-01 22:00:50	31.212068912	79.39830640000001	79.3345	1	0	0	0	0
2024-11-01 22:01:00	31.198808568	79.46263280000001	79.3345	1	0	0	0	0
2024-11-01 22:01:10	31.217163952	79.3233768	79.3345	1	0	0	0	0
2024-11-01 22:01:20	31.195733355102043	79.41979448979592	79.3345	1	0	0	0	0
2024-11-01 22:01:30	31.185151848	79.445588	79.3345	1	0	0	0	0
2024-11-01 22:01:40	31.18050264	79.4044096	79.3345	1	0	0	0	0
2024-11-01 22:01:50	31.209942144	79.222000276	79.3345	1	0	0	0	0
2024-11-01 22:02:00	31.190220352	79.3483064	79.3345	1	0	0	0	0
2024-11-01 22:02:10	31.154763155999998	79.5206324	79.3345	1	0	0	0	0
2024-11-01 22:02:20	31.184262628	79.30501459199999	79.3345	1	0	0	0	0
2024-11-01 22:02:30	31.17067557254902	79.38616609803921	79.3345	1	0	0	0	0
2024-11-01 22:02:40	31.180224643137255	79.31632809803922	79.3345	1	0	0	0	0
2024-11-01 22:02:50	31.138058628	79.52443584	79.3345	1	0	0	0	0
2024-11-01 22:03:00	31.16907761764706	79.29082215686275	79.3345	1	0	0	0	0
2024-11-01 22:03:10	31.154427140000003	79.3881072	79.3345	1	0	0	0	0
2024-11-01 22:03:20	31.144394736	79.4365456	79.3345	1	0	0	0	0
2024-11-01 22:03:30	31.125449644	79.4963884	79.3345	1	0	0	0	0
2024-11-01 22:03:40	31.15185044	79.301651644	79.3345	1	0	0	0	0
2024-11-01 22:03:50	31.150858252	79.298148	79.3345	1	0	0	0	0
2024-11-01 22:04:00	31.159602532	79.26216905999999	79.3345	1	0	0	0	0
2024-11-01 22:04:10	31.180235996	79.192056728	79.3345	1	0	0	0	0
2024-11-01 22:04:20	31.203962304	79.1078704	79.3345	1	0	0	0	0
2024-11-01 22:04:30	31.184222788	79.332822668	79.3345	1	0	0	0	0
2024-11-01 22:04:40	31.15452534	79.49664917999999	79.3345	1	0	0	0	0
2024-11-01 22:04:50	31.167591364	79.374590072	79.3345	1	0	0	0	0
2024-11-01 22:05:00	31.144326	79.4822892	79.3345	1	0	0	0	0
2024-11-01 22:05:10	31.183548759183672	79.22276816326531	79.3345	1	0	0	0	0
2024-11-01 22:05:20	31.163183743999998	79.344652	79.3345	1	0	0	0	0
2024-11-01 22:05:30	31.17999838235294	79.24277411764706	79.3345	1	0	0	0	0
2024-11-01 22:05:40	31.168680435294117	79.33490417647059	79.3345	1	0	0	0	0
2024-11-01 22:05:50	31.16866542244898	79.32425530612244	79.3345	1	0	0	0	0
2024-11-01 22:06:00	31.149862108	79.44911119999999	79.3345	1	0	0	0	0
2024-11-01 22:06:10	31.2082838	79.097399	79.3345	1	0	0	0	0
2024-11-01 22:06:20	31.21365848	79.16492240000001	79.3345	1	0	0	0	0
2024-11-01 22:06:30	31.18824498	79.34593781599999	79.3345	1	0	0	0	0
2024-11-01 22:06:40	31.202161184	79.2713548	79.3345	1	0	0	0	0
2024-11-01 22:06:50	31.17816668	79.3892068	79.3345	1	0	0	0	0
2024-11-01 22:07:00	31.14993355510204	79.50406081632653	79.3345	1	0	0	0	0
2024-11-01 22:07:10	31.168487188	79.317484128	79.3345	1	0	0	0	0
2024-11-01 22:07:20	31.168914065306122	79.3009616367347	79.3345	1	0	0	0	0
2024-11-01 22:07:30	31.172644144	79.285158	79.3345	1	0	0	0	0
2024-11-01 22:07:40	31.151685537254902	79.42019411764706	79.3345	1	0	0	0	0
2024-11-01 22:07:50	31.15024676734694	79.3870024489796	79.3345	1	0	0	0	0
2024-11-01 22:08:00	31.124825788235295	79.52634647058824	79.3345	1	0	0	0	0
2024-11-01 22:08:10	31.147562244897962	79.3261481632653	79.3345	1	0	0	0	0
2024-11-01 22:08:20	31.17259818367347	79.19860448979593	79.3345	1	0	0	0	0
2024-11-01 22:08:30	31.172912859183672	79.25114189387754	79.3345	1	0	0	0	0
2024-11-01 22:08:40	31.187724173469388	79.21263795918367	79.3345	1	0	0	0	0
2024-11-01 22:08:50	31.16210292	79.425544	79.3345	1	0	0	0	0
2024-11-01 22:09:00	31.241509227999998	79.0059524	79.3345	1	0	0	0	0
2024-11-01 22:09:10	31.20737682040816	79.28723871428572	79.3345	1	0	0	0	0
2024-11-01 22:09:20	31.239283396	79.142642432	79.3345	1	0	0	0	0
2024-11-01 22:09:30	31.241186868	79.2180744	79.3345	1	0	0	0	0
2024-11-01 22:09:40	31.228824492	79.2754256	79.3345	1	0	0	0	0
2024-11-01 22:09:50	31.268447085714286	79.11050857142857	79.3345	1	0	0	0	0
2024-11-01 22:10:00	31.241366631707315	79.30943536585366	79.3345	1	0	0	0	0
2024-11-01 22:10:10	31.218252256	79.43725160000001	79.3345	1	0	0	0	0
2024-11-01 22:10:20	31.210512377551023	79.44675305102041	79.3345	1	0	0	0	0
2024-11-01 22:10:30	31.251666352	79.21399319999999	79.3345	1	0	0	0	0
2024-11-01 22:10:40	31.25404962	79.214623536	79.3345	1	0	0	0	0
2024-11-01 22:10:50	31.268112288	79.1975468	79.3345	1	0	0	0	0
2024-11-01 22:11:00	31.265278748	79.29414360400001	79.3345	1	0	0	0	0
2024-11-01 22:11:10	31.250621428	79.38232639600001	79.3345	1	0	0	0	0
2024-11-01 22:11:20	31.264703036734694	79.25501847959184	79.3345	1	0	0	0	0
2024-11-01 22:11:30	31.239586264	79.4109824	79.3345	1	0	0	0	0
2024-11-01 22:11:40	31.243209192156865	79.36220862745098	79.3345	1	0	0	0	0
2024-11-01 22:11:50	31.232459168	79.4401084	79.3345	1	0	0	0	0
2024-11-01 22:12:00	31.212299084	79.470621024	79.3345	1	0	0	0	0
2024-11-01 22:12:10	31.213326792	79.416329808	79.3345	1	0	0	0	0
2024-11-01 22:12:20	31.21833732	79.324491008	79.3345	1	0	0	0	0
2024-11-01 22:12:30	31.171051346938775	79.54474931836735	79.3345	1	0	0	0	0
2024-11-01 22:12:40	31.160155424	79.528991672	79.3345	1	0	0	0	0
2024-11-01 22:12:50	31.16957226	79.42273	79.3345	1	0	0	0	0
2024-11-01 22:13:00	31.153135448	79.452668	79.3345	1	0	0	0	0
2024-11-01 22:13:10	31.163890396	79.3949332	79.3345	1	0	0	0	0
2024-11-01 22:13:20	31.133092364	79.5233412	79.3345	1	0	0	0	0
2024-11-01 22:13:30	31.158239756862745	79.33983549019608	79.3345	1	0	0	0	0
2024-11-01 22:13:40	31.125393024	79.5222852	79.3345	1	0	0	0	0
2024-11-01 22:13:50	31.148149848	79.316730328	79.3345	1	0	0	0	0
2024-11-01 22:14:00	31.138174795999998	79.380883256	79.3345	1	0	0	0	0
2024-11-01 22:14:10	31.156754148	79.239672	79.3345	1	0	0	0	0
2024-11-01 22:14:20	31.169799328	79.1830928	79.3345	1	0	0	0	0
2024-11-01 22:14:30	31.15932222352941	79.31472686274509	79.3345	1	0	0	0	0
2024-11-01 22:14:40	31.159935	79.3245388	79.3345	1	0	0	0	0
2024-11-01 22:14:50	31.1505772	79.3390752	79.3345	1	0	0	0	0
2024-11-01 22:15:00	31.125955263999998	79.47718599999999	79.3345	1	0	0	0	0
2024-11-01 22:15:10	31.139390944000002	79.3858376	79.3345	1	0	0	0	0
2024-11-01 22:15:20	31.136026721568626	79.38301352941177	79.3345	1	0	0	0	0
2024-11-01 22:15:30	31.134342464	79.372409792	79.3345	1	0	0	0	0
2024-11-01 22:15:40	31.180469795918366	79.09956306122449	79.3345	1	0	0	0	0
2024-11-01 22:15:50	31.147579348	79.3263508	79.3345	1	0	0	0	0
2024-11-01 22:16:00	31.153986206122447	79.27369428571429	79.3345	1	0	0	0	0
2024-11-01 22:16:10	31.161531276	79.22982400000001	79.3345	1	0	0	0	0
2024-11-01 22:16:20	31.1287540877551	79.41658306122449	79.3345	1	0	0	0	0
2024-11-01 22:16:30	31.110712752	79.45339024	79.3345	1	0	0	0	0
2024-11-01 22:16:40	31.109209248	79.41284759999999	79.3345	1	0	0	0	0
2024-11-01 22:16:50	31.124526610204082	79.36071598979592	79.3345	1	0	0	0	0
2024-11-01 22:17:00	31.09969929411765	79.48889	79.3345	1	0	0	0	0
2024-11-01 22:17:10	31.139499632	79.23473560000001	79.3345	1	0	0	0	0
2024-11-01 22:17:20	31.101985952	79.4706428	79.3345	1	0	0	0	0
2024-11-01 22:17:30	31.125017672	79.32637439999999	79.3345	1	0	0	0	0
2024-11-01 22:17:40	31.101162996	79.425973936	79.3345	1	0	0	0	0
2024-11-01 22:17:50	31.242609888	79.0332976	82.2177068	1	0	0	0	0
2024-11-01 22:18:00	31.549747336734693	79.17194714285714	83.57451	1	0	0	0	0
2024-11-01 22:18:10	31.82989286122449	79.47657823265305	83.57451	1	0	0	0	0
2024-11-01 22:18:20	32.0974636	79.7774518	83.57451	1	0	0	0	0
2024-11-01 22:18:30	32.018458572	81.2074968	83.57451	1	0	0	0	0
2024-11-01 22:18:40	32.408735791999995	80.306403516	83.57451	1	0	0	0	0
2024-11-01 22:18:50	32.625457164000004	80.5957256	83.57451	1	0	0	0	0
2024-11-01 22:19:00	32.5213976	82.15256240000001	83.57451	1	0	0	0	0
2024-11-01 22:19:10	32.608464308	82.2705852	83.57451	1	0	0	0	0
2024-11-01 22:19:20	32.674507821568625	82.44681274509804	83.57451	1	0	0	0	0
2024-11-01 22:19:30	32.6424352	83.05592399999999	83.57451	1	0	0	0	0
2024-11-01 22:19:40	32.680075964000004	83.052038128	83.57451	1	0	0	0	0
2024-11-01 22:19:50	32.729754295999996	83.0343544	83.57451	1	0	0	0	0
2024-11-01 22:20:00	32.798046	82.880309216	83.57451	1	0	0	0	0
2024-11-01 22:20:10	32.83583697959184	82.92381387755101	83.57451	1	0	0	0	0
2024-11-01 22:20:20	32.90464164081633	82.83105251836734	83.57451	1	0	0	0	0
2024-11-01 22:20:30	32.948949248000005	82.87800112000001	83.57451	1	0	0	0	0
2024-11-01 22:20:40	33.010332043999995	82.85880779200001	83.57451	1	0	0	0	0
2024-11-01 22:20:50	33.068399064000005	82.88490448	83.57451	1	0	0	0	0
2024-11-01 22:21:00	33.078556288	83.1036976	83.57451	1	0	0	0	0
2024-11-01 22:21:10	33.098290216	83.1948924	83.57451	1	0	0	0	0
2024-11-01 22:21:20	33.095297088	83.357418848	83.57451	1	0	0	0	0
2024-11-01 22:21:30	33.101538448	83.423585888	83.57451	1	0	0	0	0
2024-11-01 22:21:40	33.1248452	83.3698776	83.57451	1	0	0	0	0
2024-11-01 22:21:50	33.123708015999995	83.45743048	83.57451	1	0	0	0	0
2024-11-01 22:22:00	33.172054128	83.27752	83.57451	1	0	0	0	0
2024-11-01 22:22:10	33.178104579999996	83.398038456	83.57451	1	0	0	0	0
2024-11-01 22:22:20	33.221054564	83.27429360000001	83.57451	1	0	0	0	0
2024-11-01 22:22:30	33.241532	83.2975236	83.57451	1	0	0	0	0
2024-11-01 22:22:40	33.268779112000004	83.26533580799999	83.57451	1	0	0	0	0
2024-11-01 22:22:50	33.274636371999996	83.326686368	83.57451	1	0	0	0	0
2024-11-01 22:23:00	33.289719528	83.35974999999999	83.57451	1	0	0	0	0
2024-11-01 22:23:10	33.276072384	83.5100704	83.57451	1	0	0	0	0
2024-11-01 22:23:20	33.3164796	83.3433816	83.57451	1	0	0	0	0
2024-11-01 22:23:30	33.298128352	83.544937324	83.57451	1	0	0	0	0
2024-11-01 22:23:40	33.32500729803922	83.45664764705882	83.57451	1	0	0	0	0
2024-11-01 22:23:50	33.350506464	83.40721240399999	83.57451	1	0	0	0	0
2024-11-01 22:24:00	33.34113897959184	83.53105611020409	83.57451	1	0	0	0	0
2024-11-01 22:24:10	33.3645058877551	83.42491428571428	83.57451	1	0	0	0	0
2024-11-01 22:24:20	33.354317716	83.502858	83.57451	1	0	0	0	0
2024-11-01 22:24:30	33.347292448000005	83.5815916	83.57451	1	0	0	0	0
2024-11-01 22:24:40	33.356410294117644	83.56328960784313	83.57451	1	0	0	0	0
2024-11-01 22:24:50	33.35522076	83.575322	83.57451	1	0	0	0	0
2024-11-01 22:25:00	33.313650992	83.753637168	83.57451	1	0	0	0	0
2024-11-01 22:25:10	33.29516449	83.77575913	83.57451	1	0	0	0	0
2024-11-01 22:25:20	33.29742749411764	83.68149235294118	83.57451	1	0	0	0	0
2024-11-01 22:25:30	33.279138336	83.7280864	83.57451	1	0	0	0	0
2024-11-01 22:25:40	33.2747215	83.676804	83.57451	1	0	0	0	0
2024-11-01 22:25:50	33.298380436	83.5290732	83.57451	1	0	0	0	0
2024-11-01 22:26:00	33.283199104000005	83.60221920000001	83.57451	1	0	0	0	0
2024-11-01 22:26:10	33.283801168	83.570701552	83.57451	1	0	0	0	0
2024-11-01 22:26:20	33.260261779591836	83.66674073061225	83.57451	1	0	0	0	0
2024-11-01 22:26:30	33.242119492	83.72663992	83.57451	1	0	0	0	0
2024-11-01 22:26:40	33.242560712	83.6608844	83.57451	1	0	0	0	0
2024-11-01 22:26:50	33.2167276	83.7464632	83.57451	1	0	0	0	0
2024-11-01 22:27:00	33.23660337142857	83.55451857142857	83.57451	1	0	0	0	0
2024-11-01 22:27:10	33.217164208	83.645587672	83.57451	1	0	0	0	0
2024-11-01 22:27:20	33.196125416	83.70977239999999	83.57451	1	0	0	0	0
2024-11-01 22:27:30	33.178281376	83.7649376	83.57451	1	0	0	0	0
2024-11-01 22:27:40	33.186080912	83.6427788	83.57451	1	0	0	0	0
2024-11-01 22:27:50	33.1737476	83.689533128	83.57451	1	0	0	0	0
2024-11-01 22:28:00	33.19115182448979	83.57512098979592	83.57451	1	0	0	0	0
2024-11-01 22:28:10	33.196075550980396	83.5232974509804	83.57451	1	0	0	0	0
2024-11-01 22:28:20	33.22259098	83.355017	83.57451	1	0	0	0	0
2024-11-01 22:28:30	33.230126072	83.355816	83.57451	1	0	0	0	0
2024-11-01 22:28:40	33.184965812	83.6525196	83.57451	1	0	0	0	0
2024-11-01 22:28:50	33.221213088	83.41769359999999	83.57451	1	0	0	0	0
2024-11-01 22:29:00	33.205354559183675	83.5356624489796	83.57451	1	0	0	0	0
2024-11-01 22:29:10	33.19288786	83.6150976	83.57451	1	0	0	0	0
2024-11-01 22:29:20	33.18961384	83.611807568	83.57451	1	0	0	0	0
2024-11-01 22:29:30	33.210441892	83.523847188	83.57451	1	0	0	0	0
2024-11-01 22:29:40	33.218015039215686	83.51326238431372	83.57451	1	0	0	0	0
2024-11-01 22:29:50	33.16851624	83.76352506	83.57451	1	0	0	0	0
2024-11-01 22:30:00	33.18934048627451	83.61095803921569	83.57451	1	0	0	0	0
2024-11-01 22:30:10	33.1926452	83.57513	83.57451	1	0	0	0	0
2024-11-01 22:30:20	33.218939096	83.4408136	83.57451	1	0	0	0	0
2024-11-01 22:30:30	33.245659599999996	83.321332	83.57451	1	0	0	0	0
2024-11-01 22:30:40	33.203529368	83.6073648	83.57451	1	0	0	0	0
2024-11-01 22:30:50	33.224753715999995	83.516736	83.57451	1	0	0	0	0
2024-11-01 22:31:00	33.23682701176471	83.48622707843137	83.57451	1	0	0	0	0
2024-11-01 22:31:10	33.241613728	83.48917207999999	83.57451	1	0	0	0	0
2024-11-01 22:31:20	33.238208382352944	83.55962392156863	83.57451	1	0	0	0	0
2024-11-01 22:31:30	33.263298404000004	83.4444772	83.57451	1	0	0	0	0
2024-11-01 22:31:40	33.27981347959184	83.38412792857143	83.57451	1	0	0	0	0
2024-11-01 22:31:50	33.295512832	83.341862056	83.57451	1	0	0	0	0
2024-11-01 22:32:00	33.26301152	83.60810479999999	83.57451	1	0	0	0	0
2024-11-01 22:32:10	33.280428096	83.5253628	83.57451	1	0	0	0	0
2024-11-01 22:32:20	33.284905200000004	83.566192	83.57451	1	0	0	0	0
2024-11-01 22:32:30	33.33240664705882	83.33352980392156	83.57451	1	0	0	0	0
2024-11-01 22:32:40	33.33507193	83.423516	83.57451	1	0	0	0	0
2024-11-01 22:32:50	33.3252156	83.5256312	83.57451	1	0	0	0	0
2024-11-01 22:33:00	33.334473868	83.506304912	83.57451	1	0	0	0	0
2024-11-01 22:33:10	33.323920636000004	83.5627784	83.57451	1	0	0	0	0
2024-11-01 22:33:20	33.334187384	83.5155692	83.57451	1	0	0	0	0
2024-11-01 22:33:30	33.356744716	83.41885888	83.57451	1	0	0	0	0
2024-11-01 22:33:40	33.389531700000006	83.2974348	83.57451	1	0	0	0	0
2024-11-01 22:33:50	33.36108624	83.5438844	83.57451	1	0	0	0	0
2024-11-01 22:34:00	33.411478627450975	83.30433685490196	83.57451	1	0	0	0	0
2024-11-01 22:34:10	33.40208948235294	83.45660004901961	83.57451	1	0	0	0	0
2024-11-01 22:34:20	33.4145864	83.427426	83.57451	1	0	0	0	0
2024-11-01 22:34:30	33.38796947959184	83.5749358877551	83.57451	1	0	0	0	0
2024-11-01 22:34:40	33.375820089795916	83.61992918367346	83.57451	1	0	0	0	0
2024-11-01 22:34:50	33.387121144	83.5664036	83.57451	1	0	0	0	0
2024-11-01 22:35:00	33.435610204081634	83.32049698979591	83.57451	1	0	0	0	0
2024-11-01 22:35:10	33.467135016	83.231140124	83.57451	1	0	0	0	0
2024-11-01 22:35:20	33.4575709	83.3984436	83.57451	1	0	0	0	0
2024-11-01 22:35:30	33.476475296000004	83.3638804	83.57451	1	0	0	0	0
2024-11-01 22:35:40	33.46471055686275	83.52658378627451	83.57451	1	0	0	0	0
2024-11-01 22:35:50	33.466820080000005	83.58204807999999	83.57451	1	0	0	0	0
2024-11-01 22:36:00	33.49235867647059	83.41487196078432	83.57451	1	0	0	0	0
2024-11-01 22:36:10	33.454591664	83.65727319999999	83.57451	1	0	0	0	0
2024-11-01 22:36:20	33.47713512244898	83.54431530612246	83.57451	1	0	0	0	0
2024-11-01 22:36:30	33.4642150489796	83.61208754285714	83.57451	1	0	0	0	0
2024-11-01 22:36:40	33.4502036	83.68617520000001	83.57451	1	0	0	0	0
2024-11-01 22:36:50	33.423115096	83.8163984	83.57451	1	0	0	0	0
2024-11-01 22:37:00	33.460802644	83.561152	83.57451	1	0	0	0	0
2024-11-01 22:37:10	33.445887112	83.650952	83.57451	1	0	0	0	0
2024-11-01 22:37:20	33.458882431999996	83.617979256	83.57451	1	0	0	0	0
2024-11-01 22:37:30	33.45300248979592	83.6191106122449	83.57451	1	0	0	0	0
2024-11-01 22:37:40	33.420800799999995	83.7766868	83.57451	1	0	0	0	0
2024-11-01 22:37:50	33.420026299999996	83.6988948	83.57451	1	0	0	0	0
2024-11-01 22:38:00	33.45772264	83.45520839999999	83.57451	1	0	0	0	0
2024-11-01 22:38:10	33.463805068	83.45216520000001	83.57451	1	0	0	0	0
2024-11-01 22:38:20	33.439509328	83.626648032	83.57451	1	0	0	0	0
2024-11-01 22:38:30	33.4615128	83.505949438	83.57451	1	0	0	0	0
2024-11-01 22:38:40	33.453572766	83.558957436	83.57451	1	0	0	0	0
2024-11-01 22:38:50	33.454519648	83.618889344	83.57451	1	0	0	0	0
2024-11-01 22:39:00	33.4514216	83.650682	83.57451	1	0	0	0	0
2024-11-01 22:39:10	33.453340394	83.59472073399999	83.57451	1	0	0	0	0
2024-11-01 22:39:20	33.439012605882354	83.69650522352941	83.57451	1	0	0	0	0
2024-11-01 22:39:30	33.464997839999995	83.50826264	83.57451	1	0	0	0	0
2024-11-01 22:39:40	33.4402685882353	83.65731764705882	83.57451	1	0	0	0	0
2024-11-01 22:39:50	33.49568102	83.33688599999999	83.57451	1	0	0	0	0
2024-11-01 22:40:00	33.44472756097561	83.66556390243902	83.57451	1	0	0	0	0
2024-11-01 22:40:10	33.478856694117646	83.46967229411764	83.57451	1	0	0	0	0
2024-11-01 22:40:20	33.454870762	83.599039016	83.57451	1	0	0	0	0
2024-11-01 22:40:30	33.429509151999994	83.72159099999999	83.57451	1	0	0	0	0
2024-11-01 22:40:40	33.438249448	83.6352598	83.57451	1	0	0	0	0
2024-11-01 22:40:50	33.425625534	83.66386	83.57451	1	0	0	0	0
2024-11-01 22:41:00	33.438847959183676	83.55791673469388	83.57451	1	0	0	0	0
2024-11-01 22:41:10	33.42700244897959	83.62491469387756	83.57451	1	0	0	0	0
2024-11-01 22:41:20	33.432699612	83.602229794	83.57451	1	0	0	0	0
2024-11-01 22:41:30	33.44167911428571	83.54545102040817	83.57451	1	0	0	0	0
2024-11-01 22:41:40	33.440079387755105	83.56415448979592	83.57451	1	0	0	0	0
2024-11-01 22:41:50	33.438903894	83.5155248	83.57451	1	0	0	0	0
2024-11-01 22:42:00	33.412331492	83.6416978	83.57451	1	0	0	0	0
2024-11-01 22:42:10	33.40034466	83.658051222	83.57451	1	0	0	0	0
2024-11-01 22:42:20	33.384269765999996	83.71468680000001	83.57451	1	0	0	0	0
2024-11-01 22:42:30	33.3812138	83.6891742	83.57451	1	0	0	0	0
2024-11-01 22:42:40	33.416121494	83.48659760000001	83.57451	1	0	0	0	0
2024-11-01 22:42:50	33.450381984	83.37616219	83.57451	1	0	0	0	0
2024-11-01 22:43:00	33.44698885102041	83.42925812244899	83.57451	1	0	0	0	0
2024-11-01 22:43:10	33.40982924	83.657929938	83.57451	1	0	0	0	0
2024-11-01 22:43:20	33.386085226	83.77217300000001	83.57451	1	0	0	0	0
2024-11-01 22:43:30	33.426212400000004	83.495177132	83.57451	1	0	0	0	0
2024-11-01 22:43:40	33.429871288	83.5194434	83.57451	1	0	0	0	0
2024-11-01 22:43:50	33.3962316	83.691469596	83.57451	1	0	0	0	0
2024-11-01 22:44:00	33.403217962	83.627108648	83.57451	1	0	0	0	0
2024-11-01 22:44:10	33.425160704	83.50840439999999	83.57451	1	0	0	0	0
2024-11-01 22:44:20	33.430272734	83.4754024	83.57451	1	0	0	0	0
2024-11-01 22:44:30	33.404262352941174	83.61610182352942	83.57451	1	0	0	0	0
2024-11-01 22:44:40	33.414392081632656	83.55204612244897	83.57451	1	0	0	0	0
2024-11-01 22:44:50	33.3799424	83.7185702	83.57451	1	0	0	0	0
2024-11-01 22:45:00	33.3773326	83.665491816	83.57451	1	0	0	0	0
2024-11-01 22:45:10	33.38985291020408	83.55774613265307	83.57451	1	0	0	0	0
2024-11-01 22:45:20	33.40845853	83.474713352	83.57451	1	0	0	0	0
2024-11-01 22:45:30	33.399374998	83.552438458	83.57451	1	0	0	0	0
2024-11-01 22:45:40	33.435661636	83.3867836	83.57451	1	0	0	0	0
2024-11-01 22:45:50	33.358662304	83.8657364	83.57451	1	0	0	0	0
2024-11-01 22:46:00	33.3636484	83.7511746	83.57451	1	0	0	0	0
2024-11-01 22:46:10	33.393051846	83.551777164	83.57451	1	0	0	0	0
2024-11-01 22:46:20	33.397005522	83.5044162	83.57451	1	0	0	0	0
2024-11-01 22:46:30	33.39798516470588	83.51357411764705	83.57451	1	0	0	0	0
2024-11-01 22:46:40	33.4190028	83.42786163265306	83.57451	1	0	0	0	0
2024-11-01 22:46:50	33.416247874	83.50268041	83.57451	1	0	0	0	0
2024-11-01 22:47:00	33.402367218	83.610666026	83.57451	1	0	0	0	0
2024-11-01 22:47:10	33.415366	83.542326	83.57451	1	0	0	0	0
2024-11-01 22:47:20	33.422723402	83.5304462	83.57451	1	0	0	0	0
2024-11-01 22:47:30	33.407500176	83.58740780000001	83.57451	1	0	0	0	0
2024-11-01 22:47:40	33.41571247647059	83.52970588235294	83.57451	1	0	0	0	0
2024-11-01 22:47:50	33.42521823529412	83.50072294117646	83.57451	1	0	0	0	0
2024-11-01 22:48:00	33.406097488	83.6312078	83.57451	1	0	0	0	0
2024-11-01 22:48:10	33.367138208	83.850926574	83.57451	1	0	0	0	0
2024-11-01 22:48:20	33.408470881999996	83.5341248	83.57451	1	0	0	0	0
2024-11-01 22:48:30	33.422045622	83.4871548	83.57451	1	0	0	0	0
2024-11-01 22:48:40	33.41384019	83.528741694	83.57451	1	0	0	0	0
2024-11-01 22:48:50	33.398439132	83.625844522	83.57451	1	0	0	0	0
2024-11-01 22:49:00	33.390374432	83.662831938	83.57451	1	0	0	0	0
2024-11-01 22:49:10	33.40964297959184	83.53787163265305	83.57451	1	0	0	0	0
2024-11-01 22:49:20	33.433054141999996	83.4434992	83.57451	1	0	0	0	0
2024-11-01 22:49:30	33.42804505	83.514619	83.57451	1	0	0	0	0
2024-11-01 22:49:40	33.368983082	83.815938394	83.57451	1	0	0	0	0
2024-11-01 22:49:50	33.4066545	83.57763656799999	83.57451	1	0	0	0	0
2024-11-01 22:50:00	33.374403941176475	83.75350705882353	83.57451	1	0	0	0	0
2024-11-01 22:50:10	33.37395248	83.666692	83.57451	1	0	0	0	0
2024-11-01 22:50:20	33.35502577	83.71046659999999	83.57451	1	0	0	0	0
2024-11-01 22:50:30	33.37823	83.56801847058823	83.57451	1	0	0	0	0
2024-11-01 22:50:40	33.378041376	83.6061812	83.57451	1	0	0	0	0
2024-11-01 22:50:50	33.427775251999996	83.3542632	83.57451	1	0	0	0	0
2024-11-01 22:51:00	33.392587176470585	83.58582217647059	83.57451	1	0	0	0	0
2024-11-01 22:51:10	33.394240884	83.555763	83.57451	1	0	0	0	0
2024-11-01 22:51:20	33.3852516	83.5626658	83.57451	1	0	0	0	0
2024-11-01 22:51:30	33.39553914285714	83.47969224489796	83.57451	1	0	0	0	0
2024-11-01 22:51:40	33.389438000000006	83.53756691	83.57451	1	0	0	0	0
2024-11-01 22:51:50	33.40497962857143	83.47646693877552	83.57451	1	0	0	0	0
2024-11-01 22:52:00	33.39268320588235	83.57475323529412	83.57451	1	0	0	0	0
2024-11-01 22:52:10	33.405834392	83.5145134	83.57451	1	0	0	0	0
2024-11-01 22:52:20	33.374562966	83.695579068	83.57451	1	0	0	0	0
2024-11-01 22:52:30	33.392348580000004	83.533150642	83.57451	1	0	0	0	0
2024-11-01 22:52:40	33.382830256	83.58533044800001	83.57451	1	0	0	0	0
2024-11-01 22:52:50	33.407128068	83.472508322	83.57451	1	0	0	0	0
2024-11-01 22:53:00	33.386411949999996	83.613501152	83.57451	1	0	0	0	0
2024-11-01 22:53:10	33.34983847058823	83.79899470588235	83.57451	1	0	0	0	0
2024-11-01 22:53:20	33.38437828979592	83.55262510204082	83.57451	1	0	0	0	0
2024-11-01 22:53:30	33.36406795882353	83.64431	83.57451	1	0	0	0	0
2024-11-01 22:53:40	33.368116992	83.6107128	83.57451	1	0	0	0	0
2024-11-01 22:53:50	33.359283436000005	83.621033994	83.57451	1	0	0	0	0
2024-11-01 22:54:00	33.3708403122449	83.55347326530612	83.57451	1	0	0	0	0
2024-11-01 22:54:10	33.378953656	83.504478	83.57451	1	0	0	0	0
2024-11-01 22:54:20	33.357975532	83.6181628	83.57451	1	0	0	0	0
2024-11-01 22:54:30	33.367590908	83.5259972	83.57451	1	0	0	0	0
2024-11-01 22:54:40	33.340949622	83.64919280000001	83.57451	1	0	0	0	0
2024-11-01 22:54:50	33.342724082	83.598024222	83.57451	1	0	0	0	0
2024-11-01 22:55:00	33.305081426	83.778205196	83.57451	1	0	0	0	0
2024-11-01 22:55:10	33.339837959183676	83.53338265306122	83.57451	1	0	0	0	0
2024-11-01 22:55:20	33.3329284	83.58065599999999	83.57451	1	0	0	0	0
2024-11-01 22:55:30	33.31934152	83.635572164	83.57451	1	0	0	0	0
2024-11-01 22:55:40	33.34530353061225	83.49496265306122	83.57451	1	0	0	0	0
2024-11-01 22:55:50	33.367157842	83.401590238	83.57451	1	0	0	0	0
2024-11-01 22:56:00	33.3430605	83.5978568	83.57451	1	0	0	0	0
2024-11-01 22:56:10	33.31970416326531	83.69924836734694	83.57451	1	0	0	0	0
2024-11-01 22:56:20	33.30559326	83.70521086	83.57451	1	0	0	0	0
2024-11-01 22:56:30	33.321113954	83.58287739999999	83.57451	1	0	0	0	0
2024-11-01 22:56:40	33.284221868	83.7904618	83.57451	1	0	0	0	0
2024-11-01 22:56:50	33.311516204	83.593143874	83.57451	1	0	0	0	0
2024-11-01 22:57:00	33.312606620000004	83.60443288	83.57451	1	0	0	0	0
2024-11-01 22:57:10	33.334164912	83.48075419	83.57451	1	0	0	0	0
2024-11-01 22:57:20	33.308824584	83.6268954	83.57451	1	0	0	0	0
2024-11-01 22:57:30	33.264799083673466	83.83917375510204	83.57451	1	0	0	0	0
2024-11-01 22:57:40	33.3248704	83.4504936	83.57451	1	0	0	0	0
2024-11-01 22:57:50	33.2977494	83.6593568	83.57451	1	0	0	0	0
2024-11-01 22:58:00	33.299188824	83.620329132	83.57451	1	0	0	0	0
2024-11-01 22:58:10	33.294495952	83.6234642	83.57451	1	0	0	0	0
2024-11-01 22:58:20	33.327600934	83.448425	83.57451	1	0	0	0	0
2024-11-01 22:58:30	33.3249096117647	83.48709529411765	83.57451	1	0	0	0	0
2024-11-01 22:58:40	33.333072494	83.478084152	83.57451	1	0	0	0	0
2024-11-01 22:58:50	33.341657848	83.47100926200001	83.57451	1	0	0	0	0
2024-11-01 22:59:00	33.29648262	83.75574658000001	83.57451	1	0	0	0	0
2024-11-01 22:59:10	33.37136316530612	83.3374355510204	83.57451	1	0	0	0	0
2024-11-01 22:59:20	33.372312474	83.4215266	83.57451	1	0	0	0	0
2024-11-01 22:59:30	33.368017356	83.5207528	83.57451	1	0	0	0	0
2024-11-01 22:59:40	33.400741172000004	83.3988968	83.57451	1	0	0	0	0
2024-11-01 22:59:50	33.4079246755102	83.45830448979592	83.57451	1	0	0	0	0
2024-11-01 23:00:00	33.445451724	83.306176042	83.57451	1	0	0	0	0
2024-11-01 23:00:10	33.443644997999996	83.381671	83.57451	1	0	0	0	0
2024-11-01 23:00:20	33.434224454	83.4916386	83.57451	1	0	0	0	0
2024-11-01 23:00:30	33.459691087755104	83.40884897959184	83.57451	1	0	0	0	0
2024-11-01 23:00:40	33.4948016	83.2798396	83.57451	1	0	0	0	0
2024-11-01 23:00:50	33.513115305999996	83.32067841	83.57451	1	0	0	0	0
2024-11-01 23:01:00	33.522102402	83.3835856	83.57451	1	0	0	0	0
2024-11-01 23:01:10	33.538048144	83.371195952	83.57451	1	0	0	0	0
2024-11-01 23:01:20	33.516625866	83.5571528	83.57451	1	0	0	0	0
2024-11-01 23:01:30	33.49598232244898	83.62503681632653	83.57451	1	0	0	0	0
2024-11-01 23:01:40	33.49474467058823	83.62332734705882	83.57451	1	0	0	0	0
2024-11-01 23:01:50	33.4857870755102	83.70324487959184	83.57451	1	0	0	0	0
2024-11-01 23:02:00	33.5059864	83.5478392	83.57451	1	0	0	0	0
2024-11-01 23:02:10	33.49014537	83.6383284	83.57451	1	0	0	0	0
2024-11-01 23:02:20	33.52959819	83.44360649000001	83.57451	1	0	0	0	0
2024-11-01 23:02:30	33.4928518	83.6431221	83.57451	1	0	0	0	0
2024-11-01 23:02:40	33.50546532	83.57143954	83.57451	1	0	0	0	0
2024-11-01 23:02:50	33.519998934	83.531273438	83.57451	1	0	0	0	0
2024-11-01 23:03:00	33.526979516326534	83.48339285714286	83.57451	1	0	0	0	0
2024-11-01 23:03:10	33.52522772352941	83.49068764705882	83.57451	1	0	0	0	0
2024-11-01 23:03:20	33.4818832	83.7169584	83.57451	1	0	0	0	0
2024-11-01 23:03:30	33.500168228	83.576717042	83.57451	1	0	0	0	0
2024-11-01 23:03:40	33.479014060000004	83.698698248	83.57451	1	0	0	0	0
2024-11-01 23:03:50	33.49040082244898	83.63501330612245	83.57451	1	0	0	0	0
2024-11-01 23:04:00	33.50369575294118	83.52296684705883	83.57451	1	0	0	0	0
2024-11-01 23:04:10	33.4634594	83.7305546	83.57451	1	0	0	0	0
2024-11-01 23:04:20	33.4775748	83.610584794	83.57451	1	0	0	0	0
2024-11-01 23:04:30	33.471374248000004	83.609001726	83.57451	1	0	0	0	0
2024-11-01 23:04:40	33.465156	83.56764869999999	83.57451	1	0	0	0	0
2024-11-01 23:04:50	33.461874970000004	83.6010914	83.57451	1	0	0	0	0
2024-11-01 23:05:00	33.47359416326531	83.53888571428571	83.57451	1	0	0	0	0
2024-11-01 23:05:10	33.46091714285714	83.61080795918367	83.57451	1	0	0	0	0
2024-11-01 23:05:20	33.4616176	83.566157732	83.57451	1	0	0	0	0
2024-11-01 23:05:30	33.4504132	83.59368167800001	83.57451	1	0	0	0	0
2024-11-01 23:05:40	33.438926395918365	83.60656314285714	83.57451	1	0	0	0	0
2024-11-01 23:05:50	33.430867584	83.602491642	83.57451	1	0	0	0	0
2024-11-01 23:06:00	33.4180962	83.6372626	83.57451	1	0	0	0	0
2024-11-01 23:06:10	33.400823929411764	83.70163940588236	83.57451	1	0	0	0	0
2024-11-01 23:06:20	33.40452270588235	83.63801882352942	83.57451	1	0	0	0	0
2024-11-01 23:06:30	33.39050846	83.686650542	83.57451	1	0	0	0	0
2024-11-01 23:06:40	33.363588782	83.78571459999999	83.57451	1	0	0	0	0
2024-11-01 23:06:50	33.368312282	83.694890626	83.57451	1	0	0	0	0
2024-11-01 23:07:00	33.36375674	83.69667700000001	83.57451	1	0	0	0	0
2024-11-01 23:07:10	33.413733184	83.3626066	83.57451	1	0	0	0	0
2024-11-01 23:07:20	33.417963138	83.4223432	83.57451	1	0	0	0	0
2024-11-01 23:07:30	33.39385	83.613584	83.57451	1	0	0	0	0
2024-11-01 23:07:40	33.377821618	83.6711648	83.57451	1	0	0	0	0
2024-11-01 23:07:50	33.39567779	83.51699052000001	83.57451	1	0	0	0	0
2024-11-01 23:08:00	33.387960102	83.5855137	83.57451	1	0	0	0	0
2024-11-01 23:08:10	33.397961764	83.514856532	83.57451	1	0	0	0	0
2024-11-01 23:08:20	33.419636062	83.4342108	83.57451	1	0	0	0	0
2024-11-01 23:08:30	33.448828828	83.37003339	83.57451	1	0	0	0	0
2024-11-01 23:08:40	33.49039456	83.25855836000001	83.57451	1	0	0	0	0
2024-11-01 23:08:50	33.499630216	83.32993647400001	83.57451	1	0	0	0	0
2024-11-01 23:09:00	33.53219404705882	83.22128235294119	83.57451	1	0	0	0	0
2024-11-01 23:09:10	33.514796822448986	83.47798795918368	83.57451	1	0	0	0	0
2024-11-01 23:09:20	33.517758332	83.532320584	83.57451	1	0	0	0	0
2024-11-01 23:09:30	33.5123864	83.59675137400001	83.57451	1	0	0	0	0
2024-11-01 23:09:40	33.53196644	83.507318	83.57451	1	0	0	0	0
2024-11-01 23:09:50	33.591126024489796	83.26678426530611	83.57451	1	0	0	0	0
2024-11-01 23:10:00	33.59900072195122	83.34604624146341	83.57451	1	0	0	0	0
2024-11-01 23:10:10	33.60623829	83.408103	83.57451	1	0	0	0	0
2024-11-01 23:10:20	33.605529294117645	83.49005517647059	83.57451	1	0	0	0	0
2024-11-01 23:10:30	33.58496588235294	83.63435311764705	83.57451	1	0	0	0	0
2024-11-01 23:10:40	33.587006284	83.6108148	83.57451	1	0	0	0	0
2024-11-01 23:10:50	33.574910906	83.66004699999999	83.57451	1	0	0	0	0
2024-11-01 23:11:00	33.587030565999996	83.5993992	83.57451	1	0	0	0	0
2024-11-01 23:11:10	33.54510936	83.8051908	83.57451	1	0	0	0	0
2024-11-01 23:11:20	33.521765296	83.8378674	83.57451	1	0	0	0	0
2024-11-01 23:11:30	33.544914416	83.659813	83.57451	1	0	0	0	0
2024-11-01 23:11:40	33.590852005882354	83.39159588235295	83.57451	1	0	0	0	0
2024-11-01 23:11:50	33.5702228	83.55935240000001	83.57451	1	0	0	0	0
2024-11-01 23:12:00	33.5647676	83.5692392	83.57451	1	0	0	0	0
2024-11-01 23:12:10	33.575926114	83.4972574	83.57451	1	0	0	0	0
2024-11-01 23:12:20	33.589013862	83.446773448	83.57451	1	0	0	0	0
2024-11-01 23:12:30	33.5746762	83.562540758	83.57451	1	0	0	0	0
2024-11-01 23:12:40	33.57080170588235	83.54444764705882	83.57451	1	0	0	0	0
2024-11-01 23:12:50	33.55929131	83.599969	83.57451	1	0	0	0	0
2024-11-01 23:13:00	33.566117842	83.5346652	83.57451	1	0	0	0	0
2024-11-01 23:13:10	33.586359242	83.4449274	83.57451	1	0	0	0	0
2024-11-01 23:13:20	33.572948478	83.5624498	83.57451	1	0	0	0	0
2024-11-01 23:13:30	33.5541698	83.6407428	83.57451	1	0	0	0	0
2024-11-01 23:13:40	33.560055638	83.59188527799999	83.57451	1	0	0	0	0
2024-11-01 23:13:50	33.549805056	83.61490684799999	83.57451	1	0	0	0	0
2024-11-01 23:14:00	33.517023682	83.79531403600001	83.57451	1	0	0	0	0
2024-11-01 23:14:10	33.50642094	83.78496882	83.57451	1	0	0	0	0
2024-11-01 23:14:20	33.504027454	83.75157	83.57451	1	0	0	0	0
2024-11-01 23:14:30	33.49502775510204	83.72007448979592	83.57451	1	0	0	0	0
2024-11-01 23:14:40	33.469321184	83.8011244	83.57451	1	0	0	0	0
2024-11-01 23:14:50	33.45768356	83.785074	83.57451	1	0	0	0	0
2024-11-01 23:15:00	33.48381104	83.60447682	83.57451	1	0	0	0	0
2024-11-01 23:15:10	33.471987999999996	83.649752	83.57451	1	0	0	0	0
2024-11-01 23:15:20	33.471820544	83.6471872	83.57451	1	0	0	0	0
2024-11-01 23:15:30	33.440317992000004	83.74396383599999	83.57451	1	0	0	0	0
2024-11-01 23:15:40	33.417883087999996	83.780041922	83.57451	1	0	0	0	0
2024-11-01 23:15:50	33.442542	83.544637	83.57451	1	0	0	0	0
2024-11-01 23:16:00	33.43099508	83.582249	83.57451	1	0	0	0	0
2024-11-01 23:16:10	33.43099508	83.582249	83.57451	1	0	0	0	0
2024-11-01 23:16:20	33.41945508235295	83.63742588235294	83.57451	1	0	0	0	0
2024-11-01 23:16:30	33.41945508235295	83.63742588235294	83.57451	1	0	0	0	0
2024-11-01 23:16:40	33.38767198	83.7672408	83.57451	1	0	0	0	0
2024-11-01 23:16:50	33.35666058823529	83.84680764705882	83.57451	1	0	0	0	0
2024-11-01 23:17:00	33.3772764	83.6529828	83.57451	1	0	0	0	0
2024-11-01 23:17:10	33.353971776	83.7366974	83.57451	1	0	0	0	0
2024-11-01 23:17:20	33.410955532	83.394441642	83.57451	1	0	0	0	0
2024-11-01 23:17:30	33.423067593877555	83.4385251244898	83.57451	1	0	0	0	0
2024-11-01 23:17:40	33.431215814	83.468893564	83.57451	1	0	0	0	0
2024-11-01 23:17:50	33.41801249	83.57401455799999	83.57451	1	0	0	0	0
2024-11-01 23:18:00	33.45266164489796	83.41783261020409	83.57451	1	0	0	0	0
2024-11-01 23:18:10	33.436629518	83.53945348	83.57451	1	0	0	0	0
2024-11-01 23:18:20	33.45118064705883	83.49214705882353	83.57451	1	0	0	0	0
2024-11-01 23:18:30	33.459827558823534	83.50113764705881	83.57451	1	0	0	0	0
2024-11-01 23:18:40	33.49204808	83.363776262	83.57451	1	0	0	0	0
2024-11-01 23:18:50	33.516393887999996	83.3018292	83.57451	1	0	0	0	0
2024-11-01 23:19:00	33.52515789795918	83.38238930612245	83.57451	1	0	0	0	0
2024-11-01 23:19:10	33.533323774	83.420755122	83.57451	1	0	0	0	0
2024-11-01 23:19:20	33.532253088235294	83.50529176470589	83.57451	1	0	0	0	0
2024-11-01 23:19:30	33.54222107	83.4747364	83.57451	1	0	0	0	0
2024-11-01 23:19:40	33.523780228	83.6522126	83.57451	1	0	0	0	0
2024-11-01 23:19:50	33.58141603	83.3635272	83.57451	1	0	0	0	0
2024-11-01 23:20:00	33.533912146	83.658630762	83.57451	1	0	0	0	0
2024-11-01 23:20:10	33.566971957999996	83.4516912	83.57451	1	0	0	0	0
2024-11-01 23:20:20	33.550983524	83.5428538	83.57451	1	0	0	0	0
2024-11-01 23:20:30	33.56104455102041	83.51594204081633	83.57451	1	0	0	0	0
2024-11-01 23:20:40	33.5762372	83.44865523600001	83.57451	1	0	0	0	0
2024-11-01 23:20:50	33.544353166	83.66108348200001	83.57451	1	0	0	0	0
2024-11-01 23:21:00	33.533566234	83.705064	83.57451	1	0	0	0	0
2024-11-01 23:21:10	33.585893172	83.425932952	83.57451	1	0	0	0	0
2024-11-01 23:21:20	33.588003117999996	83.4732884	83.57451	1	0	0	0	0
2024-11-01 23:21:30	33.55449617959184	83.69320836734694	83.57451	1	0	0	0	0
2024-11-01 23:21:40	33.557246932000005	83.655339	83.57451	1	0	0	0	0
2024-11-01 23:21:50	33.59925291224489	83.41783991836735	83.57451	1	0	0	0	0
2024-11-01 23:22:00	33.59609718367347	83.48715555102041	83.57451	1	0	0	0	0
2024-11-01 23:22:10	33.603651204	83.4806194	83.57451	1	0	0	0	0
2024-11-01 23:22:20	33.59376295	83.6037302	83.57451	1	0	0	0	0
2024-11-01 23:22:30	33.585330612244896	83.66096979591838	83.57451	1	0	0	0	0
2024-11-01 23:22:40	33.602303066	83.53128079999999	83.57451	1	0	0	0	0
2024-11-01 23:22:50	33.58901269	83.6035524	83.57451	1	0	0	0	0
2024-11-01 23:23:00	33.5743396	83.6639082	83.57451	1	0	0	0	0
2024-11-01 23:23:10	33.608004353999995	83.477640816	83.57451	1	0	0	0	0
2024-11-01 23:23:20	33.61710143	83.43002299999999	83.57451	1	0	0	0	0
2024-11-01 23:23:30	33.613998216	83.498369752	83.57451	1	0	0	0	0
2024-11-01 23:23:40	33.6266425882353	83.46945882352941	83.57451	1	0	0	0	0
2024-11-01 23:23:50	33.592020886	83.6662426	83.57451	1	0	0	0	0
2024-11-01 23:24:00	33.600612818	83.5835878	83.57451	1	0	0	0	0
2024-11-01 23:24:10	33.60505510408163	83.54714530612245	83.57451	1	0	0	0	0
2024-11-01 23:24:20	33.58826036470588	83.66671235294118	83.57451	1	0	0	0	0
2024-11-01 23:24:30	33.612984510000004	83.49932580000001	83.57451	1	0	0	0	0
2024-11-01 23:24:40	33.626980254	83.4566844	83.57451	1	0	0	0	0
2024-11-01 23:24:50	33.634678118	83.4479274	83.57451	1	0	0	0	0
2024-11-01 23:25:00	33.619119596	83.5742462	83.57451	1	0	0	0	0
2024-11-01 23:25:10	33.656210806	83.4182852	83.57451	1	0	0	0	0
2024-11-01 23:25:20	33.62619869	83.5960484	83.57451	1	0	0	0	0
2024-11-01 23:25:30	33.611977308	83.65548700000001	83.57451	1	0	0	0	0
2024-11-01 23:25:40	33.59198706	83.7425482	83.57451	1	0	0	0	0
2024-11-01 23:25:50	33.54186576	83.962391994	83.57451	1	0	0	0	0
2024-11-01 23:26:00	33.581556400000004	83.6188242	83.57451	1	0	0	0	0
2024-11-01 23:26:10	33.5553652	83.7031542	83.57451	1	0	0	0	0
2024-11-01 23:26:20	33.57336086	83.6035548	83.57451	1	0	0	0	0
2024-11-01 23:26:30	33.5351402	83.76070659999999	83.57451	1	0	0	0	0
2024-11-01 23:26:40	33.556457	83.55186352941176	83.57451	1	0	0	0	0
2024-11-01 23:26:50	33.517355823529414	83.74299705882353	83.57451	1	0	0	0	0
2024-11-01 23:27:00	33.51317749387755	83.72339755102041	83.57451	1	0	0	0	0
2024-11-01 23:27:10	33.494311959183676	83.72663163265305	83.57451	1	0	0	0	0
2024-11-01 23:27:20	33.453593008	83.8862832	83.57451	1	0	0	0	0
2024-11-01 23:27:30	33.4638153	83.70944516	83.57451	1	0	0	0	0
2024-11-01 23:27:40	33.456409918	83.7065186	83.57451	1	0	0	0	0
2024-11-01 23:27:50	33.462773438	83.646371042	83.57451	1	0	0	0	0
2024-11-01 23:28:00	33.457409350000006	83.647106138	83.57451	1	0	0	0	0
2024-11-01 23:28:10	33.419561938	83.8045946	83.57451	1	0	0	0	0
2024-11-01 23:28:20	33.40023955882353	83.79838117647058	83.57451	1	0	0	0	0
2024-11-01 23:28:30	33.426507848	83.5572746	83.57451	1	0	0	0	0
2024-11-01 23:28:40	33.390904563999996	83.708341358	83.57451	1	0	0	0	0
2024-11-01 23:28:50	33.43390068	83.4459612	83.57451	1	0	0	0	0
2024-11-01 23:29:00	33.4586292	83.3380004	83.57451	1	0	0	0	0
2024-11-01 23:29:10	33.443197846	83.5333294	83.57451	1	0	0	0	0
2024-11-01 23:29:20	33.441541032653056	83.54727959183674	83.57451	1	0	0	0	0
2024-11-01 23:29:30	33.46014096	83.47738846	83.57451	1	0	0	0	0
2024-11-01 23:29:40	33.47528086470588	83.45157705882353	83.57451	1	0	0	0	0
2024-11-01 23:29:50	33.492021918	83.40312201	83.57451	1	0	0	0	0
2024-11-01 23:30:00	33.46219215	83.618529384	83.57451	1	0	0	0	0
2024-11-01 23:30:10	33.43978578	83.724084	83.57451	1	0	0	0	0
2024-11-01 23:30:20	33.48671217959184	83.44574795918368	83.57451	1	0	0	0	0
2024-11-01 23:30:30	33.4909944	83.493085	83.57451	1	0	0	0	0
2024-11-01 23:30:40	33.512003276	83.3944048	83.57451	1	0	0	0	0
2024-11-01 23:30:50	33.49565705882353	83.49372364705881	83.57451	1	0	0	0	0
2024-11-01 23:31:00	33.5198402	83.425697	83.57451	1	0	0	0	0
2024-11-01 23:31:10	33.5243598	83.4883636	83.57451	1	0	0	0	0
2024-11-01 23:31:20	33.566834266	83.2994248	83.57451	1	0	0	0	0
2024-11-01 23:31:30	33.58369588235294	83.29828	83.57451	1	0	0	0	0
2024-11-01 23:31:40	33.55813	83.54427705882352	83.57451	1	0	0	0	0
2024-11-01 23:31:50	33.548881504	83.5826806	83.57451	1	0	0	0	0
2024-11-01 23:32:00	33.574616608	83.4657112	83.57451	1	0	0	0	0
2024-11-01 23:32:10	33.567474482	83.564497	83.57451	1	0	0	0	0
2024-11-01 23:32:20	33.563675326	83.605324164	83.57451	1	0	0	0	0
2024-11-01 23:32:30	33.52882764705882	83.78053218235294	83.57451	1	0	0	0	0
2024-11-01 23:32:40	33.557682506	83.57175033200001	83.57451	1	0	0	0	0
2024-11-01 23:32:50	33.529394324	83.698353862	83.57451	1	0	0	0	0
2024-11-01 23:33:00	33.50749551	83.775492274	83.57451	1	0	0	0	0
2024-11-01 23:33:10	33.509118923529414	83.69982	83.57451	1	0	0	0	0
2024-11-01 23:33:20	33.472865896	83.81695119999999	83.57451	1	0	0	0	0
2024-11-01 23:33:30	33.46527863469388	83.78461640816326	83.57451	1	0	0	0	0
2024-11-01 23:33:40	33.476123514	83.644511178	83.57451	1	0	0	0	0
2024-11-01 23:33:50	33.451505398	83.7281694	83.57451	1	0	0	0	0
2024-11-01 23:34:00	33.435935832	83.7181844	83.57451	1	0	0	0	0
2024-11-01 23:34:10	33.433372132	83.694023	83.57451	1	0	0	0	0
2024-11-01 23:34:20	33.4081206877551	83.80978102040817	83.57451	1	0	0	0	0
2024-11-01 23:34:30	33.40923404	83.71914679999999	83.57451	1	0	0	0	0
2024-11-01 23:34:40	33.390796044	83.7444332	83.57451	1	0	0	0	0
2024-11-01 23:34:50	33.36024755102041	83.82464036122448	83.57451	1	0	0	0	0
2024-11-01 23:35:00	33.33378075	83.892158332	83.57451	1	0	0	0	0
2024-11-01 23:35:10	33.36426200588235	83.61670117647058	83.57451	1	0	0	0	0
2024-11-01 23:35:20	33.36014377755102	83.61763532244899	83.57451	1	0	0	0	0
2024-11-01 23:35:30	33.401967078000006	83.3776006	83.57451	1	0	0	0	0
2024-11-01 23:35:40	33.384479047058825	83.55158705882353	83.57451	1	0	0	0	0
2024-11-01 23:35:50	33.43150387755102	83.36230265306122	83.57451	1	0	0	0	0
2024-11-01 23:36:00	33.373079214	83.725545106	83.57451	1	0	0	0	0
2024-11-01 23:36:10	33.407173718	83.4708322	83.57451	1	0	0	0	0
2024-11-01 23:36:20	33.3844094	83.6067344	83.57451	1	0	0	0	0
2024-11-01 23:36:30	33.3994246	83.486897448	83.57451	1	0	0	0	0
2024-11-01 23:36:40	33.4011625	83.50122959183675	83.57451	1	0	0	0	0
2024-11-01 23:36:50	33.362402524489795	83.68438040816326	83.57451	1	0	0	0	0
2024-11-01 23:37:00	33.3690634	83.6248544	83.57451	1	0	0	0	0
2024-11-01 23:37:10	33.40995211764706	83.41694658823529	83.57451	1	0	0	0	0
2024-11-01 23:37:20	33.39453460588235	83.57438764705883	83.57451	1	0	0	0	0
2024-11-01 23:37:30	33.433794798	83.37420106799999	83.57451	1	0	0	0	0
2024-11-01 23:37:40	33.4610494	83.321581752	83.57451	1	0	0	0	0
2024-11-01 23:37:50	33.459720748	83.396491122	83.57451	1	0	0	0	0
2024-11-01 23:38:00	33.4459894	83.5462306	83.57451	1	0	0	0	0
2024-11-01 23:38:10	33.47805740588235	83.41705470588235	83.57451	1	0	0	0	0
2024-11-01 23:38:20	33.44244868235294	83.64152323529412	83.57451	1	0	0	0	0
2024-11-01 23:38:30	33.466004048	83.510593648	83.57451	1	0	0	0	0
2024-11-01 23:38:40	33.45359138571428	83.61811632653061	83.57451	1	0	0	0	0
2024-11-01 23:38:50	33.47561981020409	83.49886571428571	83.57451	1	0	0	0	0
2024-11-01 23:39:00	33.48907872352941	83.44019764705882	83.57451	1	0	0	0	0
2024-11-01 23:39:10	33.493596098	83.4566562	83.57451	1	0	0	0	0
2024-11-01 23:39:20	33.500481114	83.469037	83.57451	1	0	0	0	0
2024-11-01 23:39:30	33.51636519411765	83.43023558823529	83.57451	1	0	0	0	0
2024-11-01 23:39:40	33.521245640000004	83.442454826	83.57451	1	0	0	0	0
2024-11-01 23:39:50	33.51425863	83.5241804	83.57451	1	0	0	0	0
2024-11-01 23:40:00	33.5565593122449	83.36239959183673	83.57451	1	0	0	0	0
2024-11-01 23:40:10	33.554187999999996	83.419793	83.57451	1	0	0	0	0
2024-11-01 23:40:20	33.529989222	83.5887587	83.57451	1	0	0	0	0
2024-11-01 23:40:30	33.52916383529412	83.58949823529412	83.57451	1	0	0	0	0
2024-11-01 23:40:40	33.53792044	83.54218324	83.57451	1	0	0	0	0
2024-11-01 23:40:50	33.54997	83.455408	83.57451	1	0	0	0	0
2024-11-01 23:41:00	33.560377868	83.4692996	83.57451	1	0	0	0	0
2024-11-01 23:41:10	33.52965407	83.6609078	83.57451	1	0	0	0	0
2024-11-01 23:41:20	33.544198132000005	83.5592662	83.57451	1	0	0	0	0
2024-11-01 23:41:30	33.54091308	83.592329532	83.57451	1	0	0	0	0
2024-11-01 23:41:40	33.570224676	83.4201796	83.57451	1	0	0	0	0
2024-11-01 23:41:50	33.501149271428574	83.81233257142857	83.57451	1	0	0	0	0
2024-11-01 23:42:00	33.47687193	83.8655778	83.57451	1	0	0	0	0
2024-11-01 23:42:10	33.478762584	83.715118068	83.57451	1	0	0	0	0
2024-11-01 23:42:20	33.461036434	83.7525932	83.57451	1	0	0	0	0
2024-11-01 23:42:30	33.435862508	83.789166842	83.57451	1	0	0	0	0
2024-11-01 23:42:40	33.414257558	83.77180800000001	83.57451	1	0	0	0	0
2024-11-01 23:42:50	33.41066204285714	83.67852105714286	83.57451	1	0	0	0	0
2024-11-01 23:43:00	33.363982941176474	83.85833117647059	83.57451	1	0	0	0	0
2024-11-01 23:43:10	33.368600256	83.73453332	83.57451	1	0	0	0	0
2024-11-01 23:43:20	33.334673876	83.819365248	83.57451	1	0	0	0	0
2024-11-01 23:43:30	33.31032708367347	83.8564313122449	83.57451	1	0	0	0	0
2024-11-01 23:43:40	33.2832247122449	83.84777734693877	83.57451	1	0	0	0	0
2024-11-01 23:43:50	33.29135228	83.7242931	83.57451	1	0	0	0	0
2024-11-01 23:44:00	33.32744219	83.49829079999999	83.57451	1	0	0	0	0
2024-11-01 23:44:10	33.344020068	83.439105	83.57451	1	0	0	0	0
2024-11-01 23:44:20	33.387235688	83.2784874	83.57451	1	0	0	0	0
2024-11-01 23:44:30	33.368594800000004	83.518471784	83.57451	1	0	0	0	0
2024-11-01 23:44:40	33.34210672352941	83.68633705882353	83.57451	1	0	0	0	0
2024-11-01 23:44:50	33.369740108	83.5297556	83.57451	1	0	0	0	0
2024-11-01 23:45:00	33.36885986	83.550776	83.57451	1	0	0	0	0
2024-11-01 23:45:10	33.345845024	83.71147663599999	83.57451	1	0	0	0	0
2024-11-01 23:45:20	33.37190016	83.55384	83.57451	1	0	0	0	0
2024-11-01 23:45:30	33.350904081632656	83.68801583673469	83.57451	1	0	0	0	0
2024-11-01 23:45:40	33.38491	83.492918	83.57451	1	0	0	0	0
2024-11-01 23:45:50	33.38071413265306	83.57299653061224	83.57451	1	0	0	0	0
2024-11-01 23:46:00	33.420346628000004	83.3623276	83.57451	1	0	0	0	0
2024-11-01 23:46:10	33.421606211764704	83.42507517647059	83.57451	1	0	0	0	0
2024-11-01 23:46:20	33.4489634	83.337374	83.57451	1	0	0	0	0
2024-11-01 23:46:30	33.440911038	83.4690186	83.57451	1	0	0	0	0
2024-11-01 23:46:40	33.428756217647056	83.56364911764706	83.57451	1	0	0	0	0
2024-11-01 23:46:50	33.422301624	83.5854978	83.57451	1	0	0	0	0
2024-11-01 23:47:00	33.429984536	83.545359694	83.57451	1	0	0	0	0
2024-11-01 23:47:10	33.445918	83.53901936	83.57451	1	0	0	0	0
2024-11-01 23:47:20	33.4717568	83.43880473200001	83.57451	1	0	0	0	0
2024-11-01 23:47:30	33.472218024	83.49209589	83.57451	1	0	0	0	0
2024-11-01 23:47:40	33.449536525999996	83.6655852	83.57451	1	0	0	0	0
2024-11-01 23:47:50	33.445619866	83.6533168	83.57451	1	0	0	0	0
2024-11-01 23:48:00	33.45643017959184	83.54535054285714	83.57451	1	0	0	0	0
2024-11-01 23:48:10	33.457815935999996	83.564632	83.57451	1	0	0	0	0
2024-11-01 23:48:20	33.46165464	83.561999804	83.57451	1	0	0	0	0
2024-11-01 23:48:30	33.475235642	83.502028132	83.57451	1	0	0	0	0
2024-11-01 23:48:40	33.46638194117647	83.58918415294117	83.57451	1	0	0	0	0
2024-11-01 23:48:50	33.466421476	83.611913984	83.57451	1	0	0	0	0
2024-11-01 23:49:00	33.495919308	83.4612638	83.57451	1	0	0	0	0
2024-11-01 23:49:10	33.469166178	83.653180874	83.57451	1	0	0	0	0
2024-11-01 23:49:20	33.52385024	83.311302	83.57451	1	0	0	0	0
2024-11-01 23:49:30	33.5015244	83.5343828	83.57451	1	0	0	0	0
2024-11-01 23:49:40	33.440449824	83.8474538	83.57451	1	0	0	0	0
2024-11-01 23:49:50	33.428392554	83.780306568	83.57451	1	0	0	0	0
2024-11-01 23:50:00	33.428392554	83.780306568	83.57451	1	0	0	0	0
2024-11-01 23:50:10	33.42091725882353	83.66473411764706	83.57451	1	0	0	0	0
2024-11-01 23:50:20	33.426695905882355	83.56822823529413	83.57451	1	0	0	0	0
2024-11-01 23:50:30	33.3742672	83.812539	83.57451	1	0	0	0	0
2024-11-01 23:50:40	33.401782352941176	83.58810470588234	83.57451	1	0	0	0	0
2024-11-01 23:50:50	33.367209856	83.7618536	83.57451	1	0	0	0	0
2024-11-01 23:51:00	33.367209856	83.7618536	83.57451	1	0	0	0	0
2024-11-01 23:51:10	33.341731387755104	83.77230906122449	83.57451	1	0	0	0	0
2024-11-01 23:51:20	33.32051489795918	83.79299632653061	83.57451	1	0	0	0	0
2024-11-01 23:51:30	33.3265454	83.6854188	83.57451	1	0	0	0	0
2024-11-01 23:51:40	33.333836530612245	83.56158673469388	83.57451	1	0	0	0	0
2024-11-01 23:51:50	33.333836530612245	83.56158673469388	83.57451	1	0	0	0	0
2024-11-01 23:52:00	33.323686856	83.61436259999999	83.57451	1	0	0	0	0
2024-11-01 23:52:10	33.323686856	83.61436259999999	83.57451	1	0	0	0	0
2024-11-01 23:52:20	33.312415058	83.649051556	83.57451	1	0	0	0	0
2024-11-01 23:52:30	33.312415058	83.649051556	83.57451	1	0	0	0	0
2024-11-01 23:52:40	33.3214203	83.61373999999999	83.57451	1	0	0	0	0
2024-11-01 23:52:50	33.33204337058824	83.59521941176472	83.57451	1	0	0	0	0
2024-11-01 23:53:00	33.33898407058823	83.60921117647058	83.57451	1	0	0	0	0
2024-11-01 23:53:10	33.3232135882353	83.68025882352941	83.57451	1	0	0	0	0
2024-11-01 23:53:20	33.3161714	83.6782612	83.57451	1	0	0	0	0
2024-11-01 23:53:30	33.3161714	83.6782612	83.57451	1	0	0	0	0
2024-11-01 23:53:40	33.315208066	83.6745326	83.57451	1	0	0	0	0
2024-11-01 23:53:50	33.33998312941176	83.50376117647059	83.57451	1	0	0	0	0
2024-11-01 23:54:00	33.33998312941176	83.50376117647059	83.57451	1	0	0	0	0
2024-11-01 23:54:10	33.337089036	83.5705488	83.57451	1	0	0	0	0
2024-11-01 23:54:20	33.337089036	83.5705488	83.57451	1	0	0	0	0
2024-11-01 23:54:30	33.33895875	83.58647640000001	83.57451	1	0	0	0	0
2024-11-01 23:54:40	33.359525918367346	83.47603530612245	83.57451	1	0	0	0	0
2024-11-01 23:54:50	33.340101656	83.604285062	83.57451	1	0	0	0	0
2024-11-01 23:55:00	33.30879392	83.77036600000001	83.57451	1	0	0	0	0
2024-11-01 23:55:10	33.33154166	83.601182	83.57451	1	0	0	0	0
2024-11-01 23:55:20	33.33154166	83.601182	83.57451	1	0	0	0	0
2024-11-01 23:55:30	33.325091112	83.570015794	83.57451	1	0	0	0	0
2024-11-01 23:55:40	33.325091112	83.570015794	83.57451	1	0	0	0	0
2024-11-01 23:55:50	33.322420923529414	83.58176764705883	83.57451	1	0	0	0	0
2024-11-01 23:56:00	33.322420923529414	83.58176764705883	83.57451	1	0	0	0	0
2024-11-01 23:56:10	33.32925482	83.570918	83.57451	1	0	0	0	0
2024-11-01 23:56:20	33.328958132653064	83.58512918367347	83.57451	1	0	0	0	0
2024-11-01 23:56:30	33.35035889795918	83.5108012244898	83.57451	1	0	0	0	0
2024-11-01 23:56:40	33.34899881632653	83.54551677551021	83.57451	1	0	0	0	0
2024-11-01 23:56:50	33.348712199999994	83.57037569	83.57451	1	0	0	0	0
2024-11-01 23:57:00	33.348712199999994	83.57037569	83.57451	1	0	0	0	0
2024-11-01 23:57:10	33.3798728	83.43544920000001	83.57451	1	0	0	0	0
2024-11-01 23:57:20	33.37986441176471	83.48152529411765	83.57451	1	0	0	0	0
2024-11-01 23:57:30	33.370670942857146	83.57759941020407	83.57451	1	0	0	0	0
2024-11-01 23:57:40	33.36481489795918	83.59227946938776	83.57451	1	0	0	0	0
2024-11-01 23:57:50	33.36650628571429	83.59253008163266	83.57451	1	0	0	0	0
2024-11-01 23:58:00	33.38936308	83.49678772	83.57451	1	0	0	0	0
2024-11-01 23:58:10	33.39252168	83.49256196	83.57451	1	0	0	0	0
2024-11-01 23:58:20	33.394830604	83.5016148	83.57451	1	0	0	0	0
2024-11-01 23:58:30	33.371129273469386	83.65198578979592	83.57451	1	0	0	0	0
2024-11-01 23:58:40	33.37342163265306	83.62485836734693	83.57451	1	0	0	0	0
2024-11-01 23:58:50	33.37342163265306	83.62485836734693	83.57451	1	0	0	0	0
2024-11-01 23:59:00	33.38768775510204	83.5421282122449	83.57451	1	0	0	0	0
2024-11-01 23:59:10	33.38768775510204	83.5421282122449	83.57451	1	0	0	0	0
2024-11-01 23:59:20	33.434117058823524	83.40716647058824	83.57451	1	0	0	0	0
2024-11-01 23:59:30	33.42609625	83.46799150599999	83.57451	1	0	0	0	0
2024-11-01 23:59:40	33.42609625	83.46799150599999	83.57451	1	0	0	0	0
2024-11-01 23:59:50	33.432497989999995	83.586316	83.57451	1	0	0	0	0
2024-11-02 00:00:00	33.42539391836735	83.6245981632653	83.57451	1	0	0	0	0
