PROCESSDATA	2111LIC23001 Data	yyyy-MM-dd HH:mm:ss
8	10	2024-11-09 21:55:00	751
tagname	2111LIC23001.MV	2111LIC23001.PV	2111LIC23001.SV	2111LIC23001.MODE	bOpOFL	bPvOFL	bSpOFL	bAutOFL
desc	D201_OP	D201_PV	D201_SP	Aut	bOpOFL	bPvOFL	bSpOFL	bAutOFL
fsMax=1.3215591262499942	fsMin=0	fsGridNum=10	fdMax=1.3215591262499942tfdMin=0	fdGridNum=10	v0GridNum=10	L=24
2024-11-09 21:55:00	67.3379948	32.3831652	32.4280624	1	0	0	0	0
2024-11-09 21:55:10	67.4158898	32.3788952	32.4280624	1	0	0	0	0
2024-11-09 21:55:20	67.4405618	32.376238504	32.4280624	1	0	0	0	0
2024-11-09 21:55:30	67.2966943	32.378690604	32.4280624	1	0	0	0	0
2024-11-09 21:55:40	67.20755560606061	32.390949593939396	32.4280624	1	0	0	0	0
2024-11-09 21:55:50	67.2917247979798	32.43426373535353	32.4280624	1	0	0	0	0
2024-11-09 21:56:00	67.33950534653465	32.474968768316835	32.4280624	1	0	0	0	0
2024-11-09 21:56:10	67.28371821782179	32.508247877227724	32.4280624	1	0	0	0	0
2024-11-09 21:56:20	67.25045818181819	32.53578798787879	32.4280624	1	0	0	0	0
2024-11-09 21:56:30	67.28853393939394	32.545154604040405	32.4280624	1	0	0	0	0
2024-11-09 21:56:40	67.32968930348258	32.55416181243781	32.4280624	1	0	0	0	0
2024-11-09 21:56:50	67.37960970149254	32.562146091044774	32.4280624	1	0	0	0	0
2024-11-09 21:57:00	67.40805376884423	32.557114325125625	32.4280624	1	0	0	0	0
2024-11-09 21:57:10	67.3720688442211	32.513034425628135	32.4280624	1	0	0	0	0
2024-11-09 21:57:20	67.3625272	32.482377129999996	32.4280624	1	0	0	0	0
2024-11-09 21:57:30	67.4282472	32.48992263	32.4280624	1	0	0	0	0
2024-11-09 21:57:40	67.461513560199	32.48750955373134	32.4280624	1	0	0	0	0
2024-11-09 21:57:50	67.40241186865671	32.45675283731343	32.4280624	1	0	0	0	0
2024-11-09 21:58:00	67.35736127839196	32.424019169346735	32.4280624	1	0	0	0	0
2024-11-09 21:58:10	67.3544639919598	32.38535464673367	32.4280624	1	0	0	0	0
2024-11-09 21:58:20	67.33212237623763	32.354777904950495	32.4280624	1	0	0	0	0
2024-11-09 21:58:30	67.2544392079208	32.34722023168317	32.4280624	1	0	0	0	0
2024-11-09 21:58:40	67.21776462311558	32.35760989949748	32.4280624	1	0	0	0	0
2024-11-09 21:58:50	67.31095055276383	32.42483281407035	32.4280624	1	0	0	0	0
2024-11-09 21:59:00	67.38979173267327	32.4833581559406	32.4280624	1	0	0	0	0
2024-11-09 21:59:10	67.42559866336634	32.515790779702975	32.4280624	1	0	0	0	0
2024-11-09 21:59:20	67.45140015	32.534919669000004	32.4280624	1	0	0	0	0
2024-11-09 21:59:30	67.44370515	32.509509969	32.4280624	1	0	0	0	0
2024-11-09 21:59:40	67.42884152284265	32.48702687411168	32.4280624	1	0	0	0	0
2024-11-09 21:59:50	67.3899785786802	32.47434154416244	32.4280624	1	0	0	0	0
2024-11-09 22:00:00	67.358277437	32.466654228	32.4280624	1	0	0	0	0
2024-11-09 22:00:10	67.346959887	32.473192028	32.4280624	1	0	0	0	0
2024-11-09 22:00:20	67.3415966862069	32.482604975369455	32.4280624	1	0	0	0	0
2024-11-09 22:00:30	67.35318047931034	32.50020103448276	32.4280624	1	0	0	0	0
2024-11-09 22:00:40	67.36683241758794	32.51035085427136	32.4280624	1	0	0	0	0
2024-11-09 22:00:50	67.38740814623115	32.495571959798994	32.4280624	1	0	0	0	0
2024-11-09 22:01:00	67.38290069095478	32.47742301909548	32.4280624	1	0	0	0	0
2024-11-09 22:01:10	67.29896315326633	32.448602265326635	32.4280624	1	0	0	0	0
2024-11-09 22:01:20	67.25231348258706	32.424634299502486	32.4280624	1	0	0	0	0
2024-11-09 22:01:30	67.31752741293532	32.415224697512436	32.4280624	1	0	0	0	0
2024-11-09 22:01:40	67.34426454545455	32.397253593939396	32.4280624	1	0	0	0	0
2024-11-09 22:01:50	67.2491584848485	32.352171068686864	32.4280624	1	0	0	0	0
2024-11-09 22:02:00	67.1853502	32.3297209	32.4280624	1	0	0	0	0
2024-11-09 22:02:10	67.21062020000001	32.3716859	32.4280624	1	0	0	0	0
2024-11-09 22:02:20	67.24607198019802	32.40706346534654	32.4280624	1	0	0	0	0
2024-11-09 22:02:30	67.31050267326732	32.42369217821782	32.4280624	1	0	0	0	0
2024-11-09 22:02:40	67.36283361809045	32.44017278592965	32.4280624	1	0	0	0	0
2024-11-09 22:02:50	67.37684869346734	32.45618439396985	32.4280624	1	0	0	0	0
2024-11-09 22:03:00	67.4084325	32.481659925	32.4280624	1	0	0	0	0
2024-11-09 22:03:10	67.4927225	32.535527225	32.4280624	1	0	0	0	0
2024-11-09 22:03:20	67.55045256281407	32.5765602879397	32.4280624	1	0	0	0	0
2024-11-09 22:03:30	67.52850281407035	32.57909063969849	32.4280624	1	0	0	0	0
2024-11-09 22:03:40	67.50139174129353	32.57529541044776	32.4280624	1	0	0	0	0
2024-11-09 22:03:50	67.45959074626866	32.553496604477616	32.4280624	1	0	0	0	0
2024-11-09 22:04:00	67.42719404522613	32.52881650753769	32.4280624	1	0	0	0	0
2024-11-09 22:04:10	67.42301022613066	32.49549253768844	32.4280624	1	0	0	0	0
2024-11-09 22:04:20	67.40113868159203	32.45967506169154	32.4280624	1	0	0	0	0
2024-11-09 22:04:30	67.32892514925373	32.41676068358208	32.4280624	1	0	0	0	0
2024-11-09 22:04:40	67.2752291959799	32.3913340080402	32.4280624	1	0	0	0	0
2024-11-09 22:04:50	67.2770859798995	32.418370440201	32.4280624	1	0	0	0	0
2024-11-09 22:05:00	67.29497576354679	32.43942002561577	32.4280624	1	0	0	0	0
2024-11-09 22:05:10	67.35849793103448	32.44343012413793	32.4280624	1	0	0	0	0
2024-11-09 22:05:20	67.39955147208121	32.445317942131986	32.4280624	1	0	0	0	0
2024-11-09 22:05:30	67.36538395939087	32.44010073401015	32.4280624	1	0	0	0	0
2024-11-09 22:05:40	67.34695442786071	32.437150064676615	32.4280624	1	0	0	0	0
2024-11-09 22:05:50	67.37331761194031	32.44065031343283	32.4280624	1	0	0	0	0
2024-11-09 22:06:00	67.3867143718593	32.43993140452261	32.4280624	1	0	0	0	0
2024-11-09 22:06:10	67.36121185929647	32.426555022613066	32.4280624	1	0	0	0	0
2024-11-09 22:06:20	67.33001859999999	32.411656726000004	32.4280624	1	0	0	0	0
2024-11-09 22:06:30	67.2826286	32.392426826	32.4280624	1	0	0	0	0
2024-11-09 22:06:40	67.25942732673266	32.3862550009901	32.4280624	1	0	0	0	0
2024-11-09 22:06:50	67.3050708910891	32.41724846633663	32.4280624	1	0	0	0	0
2024-11-09 22:07:00	67.35443479999999	32.43563672	32.4280624	1	0	0	0	0
2024-11-09 22:07:10	67.4155798	32.41410847	32.4280624	1	0	0	0	0
2024-11-09 22:07:20	67.43898346733668	32.40127138190955	32.4280624	1	0	0	0	0
2024-11-09 22:07:30	67.34287291457287	32.415956306532664	32.4280624	1	0	0	0	0
2024-11-09 22:07:40	67.28746085427136	32.43065592964824	32.4280624	1	0	0	0	0
2024-11-09 22:07:50	67.35414427135679	32.44539964824121	32.4280624	1	0	0	0	0
2024-11-09 22:08:00	67.395595854	32.457593451	32.4280624	1	0	0	0	0
2024-11-09 22:08:10	67.365233754	32.462529801	32.4280624	1	0	0	0	0
2024-11-09 22:08:20	67.34088425373135	32.46469737562189	32.4280624	1	0	0	0	0
2024-11-09 22:08:30	67.33364753731344	32.45898458955224	32.4280624	1	0	0	0	0
2024-11-09 22:08:40	67.33262500000001	32.45106	32.4280624	1	0	0	0	0
2024-11-09 22:08:50	67.350245	32.436499999999995	32.4280624	1	0	0	0	0
2024-11-09 22:09:00	67.35353500000001	32.423031249999994	32.4280624	1	0	0	0	0
2024-11-09 22:09:10	67.313835	32.41283625	32.4280624	1	0	0	0	0
2024-11-09 22:09:20	67.2914144375	32.40690035	32.4280624	1	0	0	0	0
2024-11-09 22:09:30	67.3208321875	32.41374175	32.4280624	1	0	0	0	0
2024-11-09 22:09:40	67.35085963316583	32.43152948341709	32.4280624	1	0	0	0	0
2024-11-09 22:09:50	67.38271616582914	32.48215621708543	32.4280624	1	0	0	0	0
2024-11-09 22:10:00	67.4092189	32.511547	32.4280624	1	0	0	0	0
2024-11-09 22:10:10	67.4204839	32.480497	32.4280624	1	0	0	0	0
2024-11-09 22:10:20	67.4178194	32.457319098	32.4280624	1	0	0	0	0
2024-11-09 22:10:30	67.3755094	32.456546398	32.4280624	1	0	0	0	0
2024-11-09 22:10:40	67.346267	32.454838464999995	32.4280624	1	0	0	0	0
2024-11-09 22:10:50	67.354217	32.450468715	32.4280624	1	0	0	0	0
2024-11-09 22:11:00	67.34919882089552	32.449276927860694	32.4280624	1	0	0	0	0
2024-11-09 22:11:10	67.30727120895523	32.4571301119403	32.4280624	1	0	0	0	0
2024-11-09 22:11:20	67.2831966683417	32.454597889447236	32.4280624	1	0	0	0	0
2024-11-09 22:11:30	67.31268134170854	32.420909447236184	32.4280624	1	0	0	0	0
2024-11-09 22:11:40	67.3184918	32.393447002	32.4280624	1	0	0	0	0
2024-11-09 22:11:50	67.2569218	32.383704702	32.4280624	1	0	0	0	0
2024-11-09 22:12:00	67.2341080597015	32.38296295820896	32.4280624	1	0	0	0	0
2024-11-09 22:12:10	67.32160059701492	32.40783818208955	32.4280624	1	0	0	0	0
2024-11-09 22:12:20	67.378685	32.4299573875	32.4280624	1	0	0	0	0
2024-11-09 22:12:30	67.344545	32.4438085375	32.4280624	1	0	0	0	0
2024-11-09 22:12:40	67.31768120603014	32.44976590753769	32.4280624	1	0	0	0	0
2024-11-09 22:12:50	67.31264603015076	32.432041937688446	32.4280624	1	0	0	0	0
2024-11-09 22:13:00	67.3106287562189	32.41799664179105	32.4280624	1	0	0	0	0
2024-11-09 22:13:10	67.31720089552239	32.41442141791045	32.4280624	1	0	0	0	0
2024-11-09 22:13:20	67.3199327638191	32.417438957286436	32.4280624	1	0	0	0	0
2024-11-09 22:13:30	67.31114381909548	32.44023478643216	32.4280624	1	0	0	0	0
2024-11-09 22:13:40	67.30702139303483	32.45117399253731	32.4280624	1	0	0	0	0
2024-11-09 22:13:50	67.31618059701492	32.42836742537313	32.4280624	1	0	0	0	0
2024-11-09 22:14:00	67.32148592964823	32.41657576633166	32.4280624	1	0	0	0	0
2024-11-09 22:14:10	67.3152296482412	32.437828831658294	32.4280624	1	0	0	0	0
2024-11-09 22:14:20	67.31458839999999	32.457341375	32.4280624	1	0	0	0	0
2024-11-09 22:14:30	67.3299284	32.471900125	32.4280624	1	0	0	0	0
2024-11-09 22:14:40	67.3397252	32.480858072	32.4280624	1	0	0	0	0
2024-11-09 22:14:50	67.3337452	32.473875272	32.4280624	1	0	0	0	0
2024-11-09 22:15:00	67.31290672	32.47224686	32.4280624	1	0	0	0	0
2024-11-09 22:15:10	67.24977872	32.48585786	32.4280624	1	0	0	0	0
2024-11-09 22:15:20	67.22468898	32.478639545	32.4280624	1	0	0	0	0
2024-11-09 22:15:30	67.30786198	32.412137795	32.4280624	1	0	0	0	0
2024-11-09 22:15:40	67.33123810000001	32.349143653	32.4280624	1	0	0	0	0
2024-11-09 22:15:50	67.1844231	32.296132703	32.4280624	1	0	0	0	0
2024-11-09 22:16:00	67.1097503	32.267711487	32.4280624	1	0	0	0	0
2024-11-09 22:16:10	67.2404053	32.309276437	32.4280624	1	0	0	0	0
2024-11-09 22:16:20	67.32919039800996	32.33938907910448	32.4280624	1	0	0	0	0
2024-11-09 22:16:30	67.29880731343283	32.336906691044774	32.4280624	1	0	0	0	0
2024-11-09 22:16:40	67.26411728643217	32.33523398291457	32.4280624	1	0	0	0	0
2024-11-09 22:16:50	67.21650643216081	32.33599031457287	32.4280624	1	0	0	0	0
2024-11-09 22:17:00	67.182983328	32.3341268	32.4280624	1	0	0	0	0
2024-11-09 22:17:10	67.18955612799999	32.3248068	32.4280624	1	0	0	0	0
2024-11-09 22:17:20	67.202467	32.322699902	32.4280624	1	0	0	0	0
2024-11-09 22:17:30	67.233417	32.341122602	32.4280624	1	0	0	0	0
2024-11-09 22:17:40	67.25039174129353	32.345038022885575	32.4280624	1	0	0	0	0
2024-11-09 22:17:50	67.22759074626865	32.30766349552239	32.4280624	1	0	0	0	0
2024-11-09 22:18:00	67.20635432160803	32.278502084924625	32.4280624	1	0	0	0	0
2024-11-09 22:18:10	67.1898116080402	32.273980024623114	32.4280624	1	0	0	0	0
2024-11-09 22:18:20	67.1851256	32.278520657	32.4280624	1	0	0	0	0
2024-11-09 22:18:30	67.21418560000001	32.308855107	32.4280624	1	0	0	0	0
2024-11-09 22:18:40	67.21538790000001	32.337068555	32.4280624	1	0	0	0	0
2024-11-09 22:18:50	67.13730290000001	32.359245305	32.4280624	1	0	0	0	0
2024-11-09 22:19:00	67.08486099502488	32.374813790547265	32.4280624	1	0	0	0	0
2024-11-09 22:19:10	67.10540328358209	32.371574138805975	32.4280624	1	0	0	0	0
2024-11-09 22:19:20	67.1315411557789	32.36850271658292	32.4280624	1	0	0	0	0
2024-11-09 22:19:30	67.17446577889447	32.36593598291457	32.4280624	1	0	0	0	0
2024-11-09 22:19:40	67.2046141	32.362378242	32.4280624	1	0	0	0	0
2024-11-09 22:19:50	67.1983991	32.355999942000004	32.4280624	1	0	0	0	0
2024-11-09 22:20:00	67.19330069651741	32.353802388059705	32.4280624	1	0	0	0	0
2024-11-09 22:20:10	67.19138029850747	32.363503880597015	32.4280624	1	0	0	0	0
2024-11-09 22:20:20	67.18387341708544	32.36645462311558	32.4280624	1	0	0	0	0
2024-11-09 22:20:30	67.15960708542714	32.34915311557789	32.4280624	1	0	0	0	0
2024-11-09 22:20:40	67.13976144278607	32.33744586766169	32.4280624	1	0	0	0	0
2024-11-09 22:20:50	67.13249776119403	32.34166074328358	32.4280624	1	0	0	0	0
2024-11-09 22:21:00	67.1380556875	32.3432704125	32.4280624	1	0	0	0	0
2024-11-09 22:21:10	67.1820784375	32.3370644625	32.4280624	1	0	0	0	0
2024-11-09 22:21:20	67.1985005879397	32.34079316582915	32.4280624	1	0	0	0	0
2024-11-09 22:21:30	67.1321209396985	32.37432582914573	32.4280624	1	0	0	0	0
2024-11-09 22:21:40	67.083	32.39914	32.4280624	1	0	0	0	0
2024-11-09 22:21:50	67.108075	32.38689118125	32.4280624	1	0	0	0	0
2024-11-09 22:22:00	67.1198067839196	32.377948550753764	32.4280624	1	0	0	0	0
2024-11-09 22:22:10	67.07823391959799	32.38540915376884	32.4280624	1	0	0	0	0
2024-11-09 22:22:20	67.050265	32.384360203	32.4280624	1	0	0	0	0
2024-11-09 22:22:30	67.061015	32.359091753	32.4280624	1	0	0	0	0
2024-11-09 22:22:40	67.0838199	32.344328642	32.4280624	1	0	0	0	0
2024-11-09 22:22:50	67.14093489999999	32.359465342	32.4280624	1	0	0	0	0
2024-11-09 22:23:00	67.16166221099999	32.359281554999995	32.4280624	1	0	0	0	0
2024-11-09 22:23:10	67.07882456099999	32.315493305000004	32.4280624	1	0	0	0	0
2024-11-09 22:23:20	67.027096769	32.273908542	32.4280624	1	0	0	0	0
2024-11-09 22:23:30	67.06391241899999	32.238595241999995	32.4280624	1	0	0	0	0
2024-11-09 22:23:40	67.09016202	32.223107358	32.4280624	1	0	0	0	0
2024-11-09 22:23:50	67.08633902	32.264045658	32.4280624	1	0	0	0	0
2024-11-09 22:24:00	67.0932119	32.2871107	32.4280624	1	0	0	0	0
2024-11-09 22:24:10	67.1305269	32.2593057	32.4280624	1	0	0	0	0
2024-11-09 22:24:20	67.148728	32.2480796	32.4280624	1	0	0	0	0
2024-11-09 22:24:30	67.112528	32.2840396	32.4280624	1	0	0	0	0
2024-11-09 22:24:40	67.08200748656716	32.305223631840796	32.4280624	1	0	0	0	0
2024-11-09 22:24:50	67.06765166567165	32.28435298507463	32.4280624	1	0	0	0	0
2024-11-09 22:25:00	67.05117137035177	32.26103462311558	32.4280624	1	0	0	0	0
2024-11-09 22:25:10	67.0283176517588	32.23037311557789	32.4280624	1	0	0	0	0
2024-11-09 22:25:20	67.003709133	32.219222946	32.4280624	1	0	0	0	0
2024-11-09 22:25:30	66.974106183	32.263605046	32.4280624	1	0	0	0	0
2024-11-09 22:25:40	66.95922517412936	32.29375457512438	32.4280624	1	0	0	0	0
2024-11-09 22:25:50	66.98624507462686	32.28339601791045	32.4280624	1	0	0	0	0
2024-11-09 22:26:00	67.02028889447237	32.277590039698495	32.4280624	1	0	0	0	0
2024-11-09 22:26:10	67.07540447236181	32.285441798492464	32.4280624	1	0	0	0	0
2024-11-09 22:26:20	67.1069308955224	32.29008247512438	32.4280624	1	0	0	0	0
2024-11-09 22:26:30	67.07131895522389	32.28558391791045	32.4280624	1	0	0	0	0
2024-11-09 22:26:40	67.04537256281408	32.27828763819095	32.4280624	1	0	0	0	0
2024-11-09 22:26:50	67.04842281407035	32.262598190954776	32.4280624	1	0	0	0	0
2024-11-09 22:27:00	67.04359178217821	32.25916152475247	32.4280624	1	0	0	0	0
2024-11-09 22:27:10	67.0163294059406	32.29059815841584	32.4280624	1	0	0	0	0
2024-11-09 22:27:20	67.00502818181818	32.319327575757576	32.4280624	1	0	0	0	0
2024-11-09 22:27:30	67.0442706060606	32.33948414141414	32.4280624	1	0	0	0	0
2024-11-09 22:27:40	67.0855599	32.356920296999995	32.4280624	1	0	0	0	0
2024-11-09 22:27:50	67.1326749	32.366613746999995	32.4280624	1	0	0	0	0
2024-11-09 22:28:00	67.169107267	32.377548202999996	32.4280624	1	0	0	0	0
2024-11-09 22:28:10	67.175135217	32.392014753	32.4280624	1	0	0	0	0
2024-11-09 22:28:20	67.20254757462686	32.40622758109453	32.4280624	1	0	0	0	0
2024-11-09 22:28:30	67.29082324626866	32.41971827761194	32.4280624	1	0	0	0	0
2024-11-09 22:28:40	67.34106140703517	32.437888850251255	32.4280624	1	0	0	0	0
2024-11-09 22:28:50	67.27718703517588	32.470099051256284	32.4280624	1	0	0	0	0
2024-11-09 22:29:00	67.23852199004976	32.486107112437814	32.4280624	1	0	0	0	0
2024-11-09 22:29:10	67.27160656716418	32.45600139104478	32.4280624	1	0	0	0	0
2024-11-09 22:29:20	67.2835917875	32.432600587500005	32.4280624	1	0	0	0	0
2024-11-09 22:29:30	67.2322789375	32.429314537500005	32.4280624	1	0	0	0	0
2024-11-09 22:29:40	67.1980462625	32.422670000000004	32.4280624	1	0	0	0	0
2024-11-09 22:29:50	67.2150541125	32.405950000000004	32.4280624	1	0	0	0	0
2024-11-09 22:30:00	67.22309576633167	32.39991795226131	32.4280624	1	0	0	0	0
2024-11-09 22:30:10	67.2042388316583	32.42594976130653	32.4280624	1	0	0	0	0
2024-11-09 22:30:20	67.19516387810945	32.44181476368159	32.4280624	1	0	0	0	0
2024-11-09 22:30:30	67.2139299477612	32.42874347014925	32.4280624	1	0	0	0	0
2024-11-09 22:30:40	67.24167353266331	32.42133108040201	32.4280624	1	0	0	0	0
2024-11-09 22:30:50	67.29634966331658	32.43089540201005	32.4280624	1	0	0	0	0
2024-11-09 22:31:00	67.33918249999999	32.444962372	32.4280624	1	0	0	0	0
2024-11-09 22:31:10	67.34830749999999	32.471844572	32.4280624	1	0	0	0	0
2024-11-09 22:31:20	67.35421058	32.486409038	32.4280624	1	0	0	0	0
2024-11-09 22:31:30	67.35094358	32.465915338	32.4280624	1	0	0	0	0
2024-11-09 22:31:40	67.33589052	32.449491171	32.4280624	1	0	0	0	0
2024-11-09 22:31:50	67.28729252	32.444649521	32.4280624	1	0	0	0	0
2024-11-09 22:32:00	67.2650034	32.449065743	32.4280624	1	0	0	0	0
2024-11-09 22:32:10	67.31759339999999	32.479831293	32.4280624	1	0	0	0	0
2024-11-09 22:32:20	67.356476798	32.506226385999994	32.4280624	1	0	0	0	0
2024-11-09 22:32:30	67.356349098	32.520182485999996	32.4280624	1	0	0	0	0
2024-11-09 22:32:40	67.36325330845771	32.529065680597014	32.4280624	1	0	0	0	0
2024-11-09 22:32:50	67.39017141791045	32.52351060597015	32.4280624	1	0	0	0	0
2024-11-09 22:33:00	67.41104090452261	32.51686044321608	32.4280624	1	0	0	0	0
2024-11-09 22:33:10	67.41376452261306	32.5069250160804	32.4280624	1	0	0	0	0
2024-11-09 22:33:20	67.3916546	32.497565236	32.4280624	1	0	0	0	0
2024-11-09 22:33:30	67.2988646	32.489843836	32.4280624	1	0	0	0	0
2024-11-09 22:33:40	67.24015890547264	32.49640994228856	32.4280624	1	0	0	0	0
2024-11-09 22:33:50	67.27846238805971	32.54364048955224	32.4280624	1	0	0	0	0
2024-11-09 22:34:00	67.27846238805971	32.54364048955224	32.4280624	1	0	0	0	0
2024-11-09 22:34:10	67.40364100502512	32.61099235728643	32.4280624	1	0	0	0	0
2024-11-09 22:34:20	67.40364100502512	32.61099235728643	32.4280624	1	0	0	0	0
2024-11-09 22:34:30	67.4525734	32.62420349502487	32.4280624	1	0	0	0	0
2024-11-09 22:34:40	67.4211634	32.60231578358209	32.4280624	1	0	0	0	0
2024-11-09 22:34:50	67.41463210603015	32.580724120603016	32.4280624	1	0	0	0	0
2024-11-09 22:35:00	67.48273693015075	32.560020603015076	32.4280624	1	0	0	0	0
2024-11-09 22:35:10	67.519208315	32.536827992999996	32.4280624	1	0	0	0	0
2024-11-09 22:35:20	67.465646065	32.506551042999995	32.4280624	1	0	0	0	0
2024-11-09 22:35:30	67.41609360000001	32.484378007	32.4280624	1	0	0	0	0
2024-11-09 22:35:40	67.3779536	32.485269957	32.4280624	1	0	0	0	0
2024-11-09 22:35:50	67.3611427	32.49368424	32.4280624	1	0	0	0	0
2024-11-09 22:36:00	67.40503770000001	32.52350824	32.4280624	1	0	0	0	0
2024-11-09 22:36:10	67.43338080000001	32.542847519	32.4280624	1	0	0	0	0
2024-11-09 22:36:20	67.4174608	32.532345669	32.4280624	1	0	0	0	0
2024-11-09 22:36:30	67.4176647	32.521552215999996	32.4280624	1	0	0	0	0
2024-11-09 22:36:40	67.46375970000001	32.509928816	32.4280624	1	0	0	0	0
2024-11-09 22:36:50	67.48353119402985	32.50603396567164	32.4280624	1	0	0	0	0
2024-11-09 22:37:00	67.42838194029851	32.52413575671642	32.4280624	1	0	0	0	0
2024-11-09 22:37:10	67.39641070351759	32.53779223819095	32.4280624	1	0	0	0	0
2024-11-09 22:37:20	67.43397351758794	32.53811279095478	32.4280624	1	0	0	0	0
2024-11-09 22:37:30	67.45157280000001	32.533474597	32.4280624	1	0	0	0	0
2024-11-09 22:37:40	67.41235280000001	32.514723047	32.4280624	1	0	0	0	0
2024-11-09 22:37:50	67.3703404	32.49658901	32.4280624	1	0	0	0	0
2024-11-09 22:38:00	67.3203804	32.48021251	32.4280624	1	0	0	0	0
2024-11-09 22:38:10	67.299544833	32.468855193	32.4280624	1	0	0	0	0
2024-11-09 22:38:20	67.361601883	32.471783243000004	32.4280624	1	0	0	0	0
2024-11-09 22:38:30	67.4008230721393	32.4780534079602	32.4280624	1	0	0	0	0
2024-11-09 22:38:40	67.3750498880597	32.49383574626866	32.4280624	1	0	0	0	0
2024-11-09 22:38:50	67.36717728643217	32.50596238693468	32.4280624	1	0	0	0	0
2024-11-09 22:39:00	67.41300643216081	32.50712193467337	32.4280624	1	0	0	0	0
2024-11-09 22:39:10	67.44244020000001	32.517405000000004	32.4280624	1	0	0	0	0
2024-11-09 22:39:20	67.4252102	32.553655	32.4280624	1	0	0	0	0
2024-11-09 22:39:30	67.41282995024875	32.56980763383085	32.4280624	1	0	0	0	0
2024-11-09 22:39:40	67.41425283582089	32.52876007164179	32.4280624	1	0	0	0	0
2024-11-09 22:39:50	67.4133432	32.49895635	32.4280624	1	0	0	0	0
2024-11-09 22:40:00	67.405436	32.50288415	32.4280624	1	0	0	0	0
2024-11-09 22:40:10	67.38829441909547	32.490023467336684	32.4280624	1	0	0	0	0
2024-11-09 22:40:20	67.34344969547739	32.426797336683414	32.4280624	1	0	0	0	0
2024-11-09 22:40:30	67.29733256218906	32.3826467880597	32.4280624	1	0	0	0	0
2024-11-09 22:40:40	67.24759395522388	32.39278828059702	32.4280624	1	0	0	0	0
2024-11-09 22:40:50	67.21972875	32.406075925	32.4280624	1	0	0	0	0
2024-11-09 22:41:00	67.25748374999999	32.428802025	32.4280624	1	0	0	0	0
2024-11-09 22:41:10	67.30250375	32.4511137375	32.4280624	1	0	0	0	0
2024-11-09 22:41:20	67.36931875	32.472182287500004	32.4280624	1	0	0	0	0
2024-11-09 22:41:30	67.40770512562814	32.48463650150754	32.4280624	1	0	0	0	0
2024-11-09 22:41:40	67.36080562814071	32.471247707537685	32.4280624	1	0	0	0	0
2024-11-09 22:41:50	67.33874899999999	32.459212784	32.4280624	1	0	0	0	0
2024-11-09 22:42:00	67.387399	32.451031184	32.4280624	1	0	0	0	0
2024-11-09 22:42:10	67.41012706467662	32.455510835820895	32.4280624	1	0	0	0	0
2024-11-09 22:42:20	67.35907731343283	32.49602635820895	32.4280624	1	0	0	0	0
2024-11-09 22:42:30	67.3345846482412	32.51873046231156	32.4280624	1	0	0	0	0
2024-11-09 22:42:40	67.38976324120603	32.48800031155779	32.4280624	1	0	0	0	0
2024-11-09 22:42:50	67.41347557	32.465524264	32.4280624	1	0	0	0	0
2024-11-09 22:43:00	67.34763007	32.466540664	32.4280624	1	0	0	0	0
2024-11-09 22:43:10	67.31512601990049	32.480624164179105	32.4280624	1	0	0	0	0
2024-11-09 22:43:20	67.37751686567164	32.531898641791045	32.4280624	1	0	0	0	0
2024-11-09 22:43:30	67.42776100502513	32.57218810552764	32.4280624	1	0	0	0	0
2024-11-09 22:43:40	67.44156502512563	32.57952252763819	32.4280624	1	0	0	0	0
2024-11-09 22:43:50	67.4554629	32.580621	32.4280624	1	0	0	0	0
2024-11-09 22:44:00	67.46962789999999	32.563971	32.4280624	1	0	0	0	0
2024-11-09 22:44:10	67.48805039999999	32.551689312	32.4280624	1	0	0	0	0
2024-11-09 22:44:20	67.5185904	32.551840512	32.4280624	1	0	0	0	0
2024-11-09 22:44:30	67.50230580995024	32.54558352537313	32.4280624	1	0	0	0	0
2024-11-09 22:44:40	67.35275123283583	32.521087853731345	32.4280624	1	0	0	0	0
2024-11-09 22:44:50	67.2540733276382	32.49388670301508	32.4280624	1	0	0	0	0
2024-11-09 22:45:00	67.30802543819095	32.45856911507538	32.4280624	1	0	0	0	0
2024-11-09 22:45:10	67.3278017891089	32.42481082277228	32.4280624	1	0	0	0	0
2024-11-09 22:45:20	67.25030867029703	32.395490525742574	32.4280624	1	0	0	0	0
2024-11-09 22:45:30	67.19618810301507	32.371409258793975	32.4280624	1	0	0	0	0
2024-11-09 22:45:40	67.21608061557788	32.363918253768844	32.4280624	1	0	0	0	0
2024-11-09 22:45:50	67.25794285175878	32.36913542713568	32.4280624	1	0	0	0	0
2024-11-09 22:46:00	67.36571425879397	32.412477135678394	32.4280624	1	0	0	0	0
2024-11-09 22:46:10	67.435475237	32.448137363	32.4280624	1	0	0	0	0
2024-11-09 22:46:20	67.39705268700001	32.461934913	32.4280624	1	0	0	0	0
2024-11-09 22:46:30	67.36070875621891	32.468520260199	32.4280624	1	0	0	0	0
2024-11-09 22:46:40	67.33028089552239	32.454578568656714	32.4280624	1	0	0	0	0
2024-11-09 22:46:50	67.30328160804021	32.43652358140703	32.4280624	1	0	0	0	0
2024-11-09 22:47:00	67.286568040201	32.40612870703517	32.4280624	1	0	0	0	0
2024-11-09 22:47:10	67.27953389999999	32.389301783	32.4280624	1	0	0	0	0
2024-11-09 22:47:20	67.3000489	32.411091333	32.4280624	1	0	0	0	0
2024-11-09 22:47:30	67.31611146467661	32.418192979104475	32.4280624	1	0	0	0	0
2024-11-09 22:47:40	67.31950171343283	32.383490591044776	32.4280624	1	0	0	0	0
2024-11-09 22:47:50	67.2816751	32.339975824999996	32.4280624	1	0	0	0	0
2024-11-09 22:48:00	67.1201979	32.270023925	32.4280624	1	0	0	0	0
2024-11-09 22:48:10	67.01799249999999	32.221285	32.4280624	1	0	0	0	0
2024-11-09 22:48:20	67.0936025	32.236185	32.4280624	1	0	0	0	0
2024-11-09 22:48:30	67.14398658291458	32.251277085427134	32.4280624	1	0	0	0	0
2024-11-09 22:48:40	67.11869291457286	32.26694542713568	32.4280624	1	0	0	0	0
2024-11-09 22:48:50	67.093764772	32.27987718	32.4280624	1	0	0	0	0
2024-11-09 22:49:00	67.069876972	32.28502018	32.4280624	1	0	0	0	0
2024-11-09 22:49:10	67.06224475247525	32.292849255445546	32.4280624	1	0	0	0	0
2024-11-09 22:49:20	67.10087841584158	32.308323314851485	32.4280624	1	0	0	0	0
2024-11-09 22:49:30	67.13547151515152	32.321965987878784	32.4280624	1	0	0	0	0
2024-11-09 22:49:40	67.15726949494949	32.32980927070707	32.4280624	1	0	0	0	0
2024-11-09 22:49:50	67.16699184079602	32.32760519651741	32.4280624	1	0	0	0	0
2024-11-09 22:50:00	67.14234507462686	32.296804798507466	32.4280624	1	0	0	0	0
2024-11-09 22:50:10	67.12243228643216	32.27483406030151	32.4280624	1	0	0	0	0
2024-11-09 22:50:20	67.1167214321608	32.27935230150754	32.4280624	1	0	0	0	0
2024-11-09 22:50:30	67.129633898	32.291458346	32.4280624	1	0	0	0	0
2024-11-09 22:50:40	67.195551198	32.325160446	32.4280624	1	0	0	0	0
2024-11-09 22:50:50	67.23714360000001	32.349568573	32.4280624	1	0	0	0	0
2024-11-09 22:51:00	67.2095036	32.347524623	32.4280624	1	0	0	0	0
2024-11-09 22:51:10	67.1672607	32.340197551	32.4280624	1	0	0	0	0
2024-11-09 22:51:20	67.0834557	32.317833901	32.4280624	1	0	0	0	0
2024-11-09 22:51:30	67.03393990430622	32.30797793397129	32.4280624	1	0	0	0	0
2024-11-09 22:51:40	67.08201645933015	32.3337207569378	32.4280624	1	0	0	0	0
2024-11-09 22:51:50	67.12192	32.3550873	32.4280624	1	0	0	0	0
2024-11-09 22:52:00	67.01703	32.2851507875	32.4280624	1	0	0	0	0
2024-11-09 22:52:10	66.951510525	32.2172505875	32.4280624	1	0	0	0	0
2024-11-09 22:52:20	67.05963262499999	32.1924845375	32.4280624	1	0	0	0	0
2024-11-09 22:52:30	67.1308794125	32.17484125	32.4280624	1	0	0	0	0
2024-11-09 22:52:40	67.0915002625	32.178566249999996	32.4280624	1	0	0	0	0
2024-11-09 22:52:50	67.04140485728644	32.18678518844221	32.4280624	1	0	0	0	0
2024-11-09 22:53:00	66.95916068643217	32.208485942211055	32.4280624	1	0	0	0	0
2024-11-09 22:53:10	66.92591850000001	32.227845915	32.4280624	1	0	0	0	0
2024-11-09 22:53:20	67.0321435	32.240543665000004	32.4280624	1	0	0	0	0
2024-11-09 22:53:30	67.08717600696517	32.25649303482587	32.4280624	1	0	0	0	0
2024-11-09 22:53:40	66.99650680298507	32.28169701492538	32.4280624	1	0	0	0	0
2024-11-09 22:53:50	66.94949297788943	32.30595520100503	32.4280624	1	0	0	0	0
2024-11-09 22:54:00	67.03344528944723	32.32737600502513	32.4280624	1	0	0	0	0
2024-11-09 22:54:10	67.10853319900497	32.34329549154229	32.4280624	1	0	0	0	0
2024-11-09 22:54:20	67.15839165671642	32.34355738208956	32.4280624	1	0	0	0	0
2024-11-09 22:54:30	67.166707975	32.338344087500005	32.4280624	1	0	0	0	0
2024-11-09 22:54:40	67.050397875	32.3167052375	32.4280624	1	0	0	0	0
2024-11-09 22:54:50	66.9683383875	32.292268299999996	32.4280624	1	0	0	0	0
2024-11-09 22:55:00	66.9890307375	32.2594371	32.4280624	1	0	0	0	0
2024-11-09 22:55:10	66.9946725	32.228092675	32.4280624	1	0	0	0	0
2024-11-09 22:55:20	66.9551625	32.201208575	32.4280624	1	0	0	0	0
2024-11-09 22:55:30	66.92743326633165	32.181309080402016	32.4280624	1	0	0	0	0
2024-11-09 22:55:40	66.93504633165828	32.182363402010054	32.4280624	1	0	0	0	0
2024-11-09 22:55:50	66.9478716	32.193162232	32.4280624	1	0	0	0	0
2024-11-09 22:56:00	66.9755316	32.231695432	32.4280624	1	0	0	0	0
2024-11-09 22:56:10	66.99332109452736	32.25996422885572	32.4280624	1	0	0	0	0
2024-11-09 22:56:20	66.9830176119403	32.25901895522388	32.4280624	1	0	0	0	0
2024-11-09 22:56:30	66.98670331658292	32.266146683417084	32.4280624	1	0	0	0	0
2024-11-09 22:56:40	67.03235658291457	32.29749341708543	32.4280624	1	0	0	0	0
2024-11-09 22:56:50	67.07333924477612	32.330291890547265	32.4280624	1	0	0	0	0
2024-11-09 22:57:00	67.1010286477612	32.36722223880597	32.4280624	1	0	0	0	0
2024-11-09 22:57:10	67.10969504673368	32.39067978643216	32.4280624	1	0	0	0	0
2024-11-09 22:57:20	67.06129243366834	32.373718932160806	32.4280624	1	0	0	0	0
2024-11-09 22:57:30	67.044177015	32.343264573	32.4280624	1	0	0	0	0
2024-11-09 22:57:40	67.116109765	32.274405623	32.4280624	1	0	0	0	0
2024-11-09 22:57:50	67.13161750547265	32.21568104477612	32.4280624	1	0	0	0	0
2024-11-09 22:58:00	66.9865309880597	32.185800447761196	32.4280624	1	0	0	0	0
2024-11-09 22:58:10	66.87567010753769	32.16297847989949	32.4280624	1	0	0	0	0
2024-11-09 22:58:20	66.86748613768845	32.16133239949748	32.4280624	1	0	0	0	0
2024-11-09 22:58:30	66.872049076	32.159640540999995	32.4280624	1	0	0	0	0
2024-11-09 22:58:40	66.912891676	32.157818391	32.4280624	1	0	0	0	0
2024-11-09 22:58:50	66.942866224	32.157601338	32.4280624	1	0	0	0	0
2024-11-09 22:59:00	66.94190862399999	32.161952637999995	32.4280624	1	0	0	0	0
2024-11-09 22:59:10	66.97608247524752	32.17050928019802	32.4280624	1	0	0	0	0
2024-11-09 22:59:20	67.11024584158416	32.19103497326733	32.4280624	1	0	0	0	0
2024-11-09 22:59:30	67.17331181818182	32.21504728787879	32.4280624	1	0	0	0	0
2024-11-09 22:59:40	67.01123606060607	32.25010057070707	32.4280624	1	0	0	0	0
2024-11-09 22:59:50	66.9438421	32.303964611	32.4280624	1	0	0	0	0
2024-11-09 23:00:00	67.1459271	32.411366961	32.4280624	1	0	0	0	0
2024-11-09 23:00:10	67.2482826	32.480415488999995	32.4280624	1	0	0	0	0
2024-11-09 23:00:20	67.0667926	32.440303139	32.4280624	1	0	0	0	0
2024-11-09 23:00:30	66.9298497	32.4062962	32.4280624	1	0	0	0	0
2024-11-09 23:00:40	66.91969470000001	32.3896662	32.4280624	1	0	0	0	0
2024-11-09 23:00:50	66.94287810945275	32.37130497512438	32.4280624	1	0	0	0	0
2024-11-09 23:01:00	67.06094776119403	32.34801641791045	32.4280624	1	0	0	0	0
2024-11-09 23:01:10	67.13259170854272	32.32487698492462	32.4280624	1	0	0	0	0
2024-11-09 23:01:20	67.06495854271357	32.30218492462311	32.4280624	1	0	0	0	0
2024-11-09 23:01:30	67.0198487	32.281186481	32.4280624	1	0	0	0	0
2024-11-09 23:01:40	67.0388437	32.265008331	32.4280624	1	0	0	0	0
2024-11-09 23:01:50	67.051422472	32.263095055	32.4280624	1	0	0	0	0
2024-11-09 23:02:00	67.045739672	32.301781805	32.4280624	1	0	0	0	0
2024-11-09 23:02:10	67.03122179104479	32.32307792238806	32.4280624	1	0	0	0	0
2024-11-09 23:02:20	66.99155791044777	32.294877623880595	32.4280624	1	0	0	0	0
2024-11-09 23:02:30	66.97588875	32.285058975	32.4280624	1	0	0	0	0
2024-11-09 23:02:40	67.03220375	32.330385275	32.4280624	1	0	0	0	0
2024-11-09 23:02:50	67.06173396984924	32.363212097989944	32.4280624	1	0	0	0	0
2024-11-09 23:03:00	67.01090984924623	32.358540489949746	32.4280624	1	0	0	0	0
2024-11-09 23:03:10	66.962736733	32.344947581999996	32.4280624	1	0	0	0	0
2024-11-09 23:03:20	66.922108783	32.305963282	32.4280624	1	0	0	0	0
2024-11-09 23:03:30	66.896173043	32.268253463	32.4280624	1	0	0	0	0
2024-11-09 23:03:40	66.91205359300001	32.234171013	32.4280624	1	0	0	0	0
2024-11-09 23:03:50	66.90653069651742	32.20272422885572	32.4280624	1	0	0	0	0
2024-11-09 23:04:00	66.84009029850746	32.17877895522388	32.4280624	1	0	0	0	0
2024-11-09 23:04:10	66.79223875	32.1693115125	32.4280624	1	0	0	0	0
2024-11-09 23:04:20	66.80015374999999	32.2032775625	32.4280624	1	0	0	0	0
2024-11-09 23:04:30	66.82694552763819	32.235127828643215	32.4280624	1	0	0	0	0
2024-11-09 23:04:40	66.91036763819095	32.260630743216076	32.4280624	1	0	0	0	0
2024-11-09 23:04:50	66.968411328	32.280400822999994	32.4280624	1	0	0	0	0
2024-11-09 23:05:00	66.95422412799999	32.283854373	32.4280624	1	0	0	0	0
2024-11-09 23:05:10	66.94469571044776	32.29099524875622	32.4280624	1	0	0	0	0
2024-11-09 23:05:20	66.94842690447761	32.30863082089552	32.4280624	1	0	0	0	0
2024-11-09 23:05:30	66.96180197085427	32.314008128140706	32.4280624	1	0	0	0	0
2024-11-09 23:05:40	67.00410865427135	32.28261064070352	32.4280624	1	0	0	0	0
2024-11-09 23:05:50	67.03472800995024	32.258159182587065	32.4280624	1	0	0	0	0
2024-11-09 23:06:00	67.03208343283582	32.25347719253731	32.4280624	1	0	0	0	0
2024-11-09 23:06:10	67.0137256281407	32.26026649145729	32.4280624	1	0	0	0	0
2024-11-09 23:06:20	66.94822814070352	32.30146965728643	32.4280624	1	0	0	0	0
2024-11-09 23:06:30	66.91361930000001	32.331926616000004	32.4280624	1	0	0	0	0
2024-11-09 23:06:40	66.9669243	32.331798216	32.4280624	1	0	0	0	0
2024-11-09 23:06:50	66.98254760995026	32.31468482885572	32.4280624	1	0	0	0	0
2024-11-09 23:07:00	66.89092303283583	32.24922955522388	32.4280624	1	0	0	0	0
2024-11-09 23:07:10	66.82567135879397	32.195431052261306	32.4280624	1	0	0	0	0
2024-11-09 23:07:20	66.83953839396985	32.17660286130653	32.4280624	1	0	0	0	0
2024-11-09 23:07:30	66.8370425243781	32.17217571641791	32.4280624	1	0	0	0	0
2024-11-09 23:07:40	66.78797531044776	32.2087361641791	32.4280624	1	0	0	0	0
2024-11-09 23:07:50	66.76911398291456	32.2390514120603	32.4280624	1	0	0	0	0
2024-11-09 23:08:00	66.84087031457285	32.25063106030151	32.4280624	1	0	0	0	0
2024-11-09 23:08:10	66.8900479	32.265500684	32.4280624	1	0	0	0	0
2024-11-09 23:08:20	66.8749629	32.289734084	32.4280624	1	0	0	0	0
2024-11-09 23:08:30	66.87603034825871	32.30928233134328	32.4280624	1	0	0	0	0
2024-11-09 23:08:40	66.92307014925373	32.315495913432834	32.4280624	1	0	0	0	0
2024-11-09 23:08:50	66.95629974874372	32.32281823567839	32.4280624	1	0	0	0	0
2024-11-09 23:09:00	66.94809874371859	32.33346677839196	32.4280624	1	0	0	0	0
2024-11-09 23:09:10	66.94993606965174	32.340682535820896	32.4280624	1	0	0	0	0
2024-11-09 23:09:20	66.98034402985076	32.33812805820896	32.4280624	1	0	0	0	0
2024-11-09 23:09:30	66.99740625000001	32.334471262499996	32.4280624	1	0	0	0	0
2024-11-09 23:09:40	66.97443125	32.3275075125	32.4280624	1	0	0	0	0
2024-11-09 23:09:50	66.96498140703518	32.33126526532663	32.4280624	1	0	0	0	0
2024-11-09 23:10:00	66.99610703517588	32.36718752663317	32.4280624	1	0	0	0	0
2024-11-09 23:10:10	67.0094147	32.396539000000004	32.4280624	1	0	0	0	0
2024-11-09 23:10:20	66.97200969999999	32.407189	32.4280624	1	0	0	0	0
2024-11-09 23:10:30	66.95890125	32.400554075	32.4280624	1	0	0	0	0
2024-11-09 23:10:40	67.01494451923077	32.344723594230764	32.4280624	1	0	0	0	0
2024-11-09 23:10:50	67.047266875	32.301812981249995	32.4280624	1	0	0	0	0
2024-11-09 23:11:00	66.97152729166667	32.31775954375	32.4280624	1	0	0	0	0
2024-11-09 23:11:10	66.91849263681593	32.33112	32.4280624	1	0	0	0	0
2024-11-09 23:11:20	66.93007970149255	32.33712	32.4280624	1	0	0	0	0
2024-11-09 23:11:30	66.93156271356784	32.34032728643216	32.4280624	1	0	0	0	0
2024-11-09 23:11:40	66.90273356783919	32.3351564321608	32.4280624	1	0	0	0	0
2024-11-09 23:11:50	66.89639462686567	32.33008249154229	32.4280624	1	0	0	0	0
2024-11-09 23:12:00	66.95406626865672	32.32528438208955	32.4280624	1	0	0	0	0
2024-11-09 23:12:10	66.98839788944724	32.32850337537688	32.4280624	1	0	0	0	0
2024-11-09 23:12:20	66.95270944723617	32.35577367688442	32.4280624	1	0	0	0	0
2024-11-09 23:12:30	66.9324386	32.383447718999996	32.4280624	1	0	0	0	0
2024-11-09 23:12:40	66.95604859999999	32.412270869	32.4280624	1	0	0	0	0
2024-11-09 23:12:50	66.98812473034825	32.429197178109455	32.4280624	1	0	0	0	0
2024-11-09 23:13:00	67.04429677014924	32.412263247761196	32.4280624	1	0	0	0	0
2024-11-09 23:13:10	67.083828825	32.4056505875	32.4280624	1	0	0	0	0
2024-11-09 23:13:20	67.073440925	32.4300017375	32.4280624	1	0	0	0	0
2024-11-09 23:13:30	67.06498500000001	32.449569725	32.4280624	1	0	0	0	0
2024-11-09 23:13:40	67.062325	32.454788225	32.4280624	1	0	0	0	0
2024-11-09 23:13:50	67.04567737437185	32.45066666030151	32.4280624	1	0	0	0	0
2024-11-09 23:14:00	66.9870668718593	32.41852490150754	32.4280624	1	0	0	0	0
2024-11-09 23:14:10	66.96286070895522	32.39693546069652	32.4280624	1	0	0	0	0
2024-11-09 23:14:20	67.03657458955223	32.405379540298505	32.4280624	1	0	0	0	0
2024-11-09 23:14:30	67.06174	32.3933477	32.4280624	1	0	0	0	0
2024-11-09 23:14:40	66.94126	32.3198881	32.4280624	1	0	0	0	0
2024-11-09 23:14:50	66.87862361809044	32.26547486984925	32.4280624	1	0	0	0	0
2024-11-09 23:15:00	66.98951809045226	32.26820074924623	32.4280624	1	0	0	0	0
2024-11-09 23:15:10	67.07197323383085	32.274195059203976	32.4280624	1	0	0	0	0
2024-11-09 23:15:20	67.07348567164179	32.28949182537313	32.4280624	1	0	0	0	0
2024-11-09 23:15:30	67.05468155778894	32.30848646030151	32.4280624	1	0	0	0	0
2024-11-09 23:15:40	66.97492778894473	32.33857470150754	32.4280624	1	0	0	0	0
2024-11-09 23:15:50	66.9391709	32.369350307000005	32.4280624	1	0	0	0	0
2024-11-09 23:16:00	67.0286359	32.402082257	32.4280624	1	0	0	0	0
2024-11-09 23:16:10	67.09398368159205	32.42284386915423	32.4280624	1	0	0	0	0
2024-11-09 23:16:20	67.09069014925373	32.40953605820896	32.4280624	1	0	0	0	0
2024-11-09 23:16:30	67.08127	32.4074083	32.4280624	1	0	0	0	0
2024-11-09 23:16:40	67.05347	32.4388207	32.4280624	1	0	0	0	0
2024-11-09 23:16:50	67.05540894472361	32.46601819095478	32.4280624	1	0	0	0	0
2024-11-09 23:17:00	67.1465647236181	32.480570954773874	32.4280624	1	0	0	0	0
2024-11-09 23:17:10	67.1876014	32.4819696	32.4280624	1	0	0	0	0
2024-11-09 23:17:20	67.0859914	32.4459296	32.4280624	1	0	0	0	0
2024-11-09 23:17:30	67.03324617512438	32.408691840796024	32.4280624	1	0	0	0	0
2024-11-09 23:17:40	67.11957761791045	32.36804507462687	32.4280624	1	0	0	0	0
2024-11-09 23:17:50	67.1754636120603	32.3412691080402	32.4280624	1	0	0	0	0
2024-11-09 23:18:00	67.14001326030152	32.35610554020101	32.4280624	1	0	0	0	0
2024-11-09 23:18:10	67.09691621890548	32.36415277363184	32.4280624	1	0	0	0	0
2024-11-09 23:18:20	67.03205552238806	32.352876902985074	32.4280624	1	0	0	0	0
2024-11-09 23:18:30	66.99389375000001	32.34937165	32.4280624	1	0	0	0	0
2024-11-09 23:18:40	67.03582875000001	32.36917825	32.4280624	1	0	0	0	0
2024-11-09 23:18:50	67.06191442211055	32.381402144723616	32.4280624	1	0	0	0	0
2024-11-09 23:19:00	67.04045211055276	32.37087792361809	32.4280624	1	0	0	0	0
2024-11-09 23:19:10	67.042705	32.3644446	32.4280624	1	0	0	0	0
2024-11-09 23:19:20	67.112455	32.369654600000004	32.4280624	1	0	0	0	0
2024-11-09 23:19:30	67.13760525	32.3754561	32.4280624	1	0	0	0	0
2024-11-09 23:19:40	67.03581774999999	32.382941100000004	32.4280624	1	0	0	0	0
2024-11-09 23:19:50	66.959566657	32.380884776	32.4280624	1	0	0	0	0
2024-11-09 23:20:00	66.95599610699999	32.351672375999996	32.4280624	1	0	0	0	0
2024-11-09 23:20:10	66.96326185323383	32.334600310447755	32.4280624	1	0	0	0	0
2024-11-09 23:20:20	67.00136936567164	32.35208150447761	32.4280624	1	0	0	0	0
2024-11-09 23:20:30	67.04412513819095	32.36477546532663	32.4280624	1	0	0	0	0
2024-11-09 23:20:40	67.10082569095478	32.36310772663317	32.4280624	1	0	0	0	0
2024-11-09 23:20:50	67.122945567	32.361007748000006	32.4280624	1	0	0	0	0
2024-11-09 23:21:00	67.04664351699999	32.357677548000005	32.4280624	1	0	0	0	0
2024-11-09 23:21:10	66.99868497512438	32.35668266567164	32.4280624	1	0	0	0	0
2024-11-09 23:21:20	67.03139641791044	32.36233445671642	32.4280624	1	0	0	0	0
2024-11-09 23:21:30	67.04112375	32.3679184625	32.4280624	1	0	0	0	0
2024-11-09 23:21:40	66.98189875	32.3732991125	32.4280624	1	0	0	0	0
2024-11-09 23:21:50	66.93748	32.3773346	32.4280624	1	0	0	0	0
2024-11-09 23:22:00	66.99427857142857	32.41170521987577	32.4280624	1	0	0	0	0
2024-11-09 23:22:10	67.042928	32.440343039999995	32.4280624	1	0	0	0	0
2024-11-09 23:22:20	67.044228	32.43804704	32.4280624	1	0	0	0	0
2024-11-09 23:22:30	67.06358110000001	32.44412096	32.4280624	1	0	0	0	0
2024-11-09 23:22:40	67.1343161	32.47401696	32.4280624	1	0	0	0	0
2024-11-09 23:22:50	67.17798169154229	32.50176716318408	32.4280624	1	0	0	0	0
2024-11-09 23:23:00	67.14460358208954	32.52341009850746	32.4280624	1	0	0	0	0
2024-11-09 23:23:10	67.10838030150754	32.534492513567834	32.4280624	1	0	0	0	0
2024-11-09 23:23:20	67.06362150753769	32.513893367839195	32.4280624	1	0	0	0	0
2024-11-09 23:23:30	67.05771680000001	32.499360085999996	32.4280624	1	0	0	0	0
2024-11-09 23:23:40	67.1623968	32.502091186	32.4280624	1	0	0	0	0
2024-11-09 23:23:50	67.21494159999999	32.496677214	32.4280624	1	0	0	0	0
2024-11-09 23:24:00	67.1191016	32.468081114	32.4280624	1	0	0	0	0
2024-11-09 23:24:10	67.0683547	32.445347272999996	32.4280624	1	0	0	0	0
2024-11-09 23:24:20	67.1459497	32.439298322999996	32.4280624	1	0	0	0	0
2024-11-09 23:24:30	67.19686949300001	32.431592627	32.4280624	1	0	0	0	0
2024-11-09 23:24:40	67.171867543	32.419171577	32.4280624	1	0	0	0	0
2024-11-09 23:24:50	67.15920297	32.4203423	32.4280624	1	0	0	0	0
2024-11-09 23:25:00	67.18165247	32.460197300000004	32.4280624	1	0	0	0	0
2024-11-09 23:25:10	67.206833439	32.496103472	32.4280624	1	0	0	0	0
2024-11-09 23:25:20	67.239788589	32.520770672000005	32.4280624	1	0	0	0	0
2024-11-09 23:25:30	67.25561219004975	32.53543427860697	32.4280624	1	0	0	0	0
2024-11-09 23:25:40	67.22267676716417	32.52162611940299	32.4280624	1	0	0	0	0
2024-11-09 23:25:50	67.1894588875	32.5058233875	32.4280624	1	0	0	0	0
2024-11-09 23:26:00	67.1553936375	32.4840369375	32.4280624	1	0	0	0	0
2024-11-09 23:26:10	67.12493456180906	32.47519118291457	32.4280624	1	0	0	0	0
2024-11-09 23:26:20	67.10529400904522	32.50516751457286	32.4280624	1	0	0	0	0
2024-11-09 23:26:30	67.109994293	32.52746622	32.4280624	1	0	0	0	0
2024-11-09 23:26:40	67.18397234300001	32.52791322	32.4280624	1	0	0	0	0
2024-11-09 23:26:50	67.230455107	32.521172312	32.4280624	1	0	0	0	0
2024-11-09 23:27:00	67.198682057	32.493973512	32.4280624	1	0	0	0	0
2024-11-09 23:27:10	67.188732276	32.47538274	32.4280624	1	0	0	0	0
2024-11-09 23:27:20	67.240894876	32.481291739999996	32.4280624	1	0	0	0	0
2024-11-09 23:27:30	67.266176024	32.484721328	32.4280624	1	0	0	0	0
2024-11-09 23:27:40	67.214948424	32.481094127999995	32.4280624	1	0	0	0	0
2024-11-09 23:27:50	67.20623890547265	32.49114266567164	32.4280624	1	0	0	0	0
2024-11-09 23:28:00	67.31854238805971	32.54011445671642	32.4280624	1	0	0	0	0
2024-11-09 23:28:10	67.38757778894472	32.57823833768844	32.4280624	1	0	0	0	0
2024-11-09 23:28:20	67.32680894472362	32.58381848844221	32.4280624	1	0	0	0	0
2024-11-09 23:28:30	67.28610401293533	32.59017768159204	32.4280624	1	0	0	0	0
2024-11-09 23:28:40	67.30250406268657	32.598754149253736	32.4280624	1	0	0	0	0
2024-11-09 23:28:50	67.3156960875	32.597133675	32.4280624	1	0	0	0	0
2024-11-09 23:29:00	67.3192640375	32.564922375	32.4280624	1	0	0	0	0
2024-11-09 23:29:10	67.33476788944724	32.551897832160805	32.4280624	1	0	0	0	0
2024-11-09 23:29:20	67.38607944723617	32.59643356080402	32.4280624	1	0	0	0	0
2024-11-09 23:29:30	67.41649179999999	32.627879049	32.4280624	1	0	0	0	0
2024-11-09 23:29:40	67.3874218	32.622067699	32.4280624	1	0	0	0	0
2024-11-09 23:29:50	67.364545	32.613047351	32.4280624	1	0	0	0	0
2024-11-09 23:30:00	67.359295	32.594893701	32.4280624	1	0	0	0	0
2024-11-09 23:30:10	67.35720192000001	32.580460612	32.4280624	1	0	0	0	0
2024-11-09 23:30:20	67.36409392	32.576616812000005	32.4280624	1	0	0	0	0
2024-11-09 23:30:30	67.36508460298506	32.56936373134329	32.4280624	1	0	0	0	0
2024-11-09 23:30:40	67.34927922985074	32.55240731343284	32.4280624	1	0	0	0	0
2024-11-09 23:30:50	67.3353958	32.5389945375	32.4280624	1	0	0	0	0
2024-11-09 23:31:00	67.3272782	32.5362126875	32.4280624	1	0	0	0	0
2024-11-09 23:31:10	67.3272782	32.5362126875	32.4280624	1	0	0	0	0
2024-11-09 23:31:20	67.40832894472362	32.599405006030146	32.4280624	1	0	0	0	0
2024-11-09 23:31:30	67.45338397412935	32.63631537313433	32.4280624	1	0	0	0	0
2024-11-09 23:31:40	67.42826387462686	32.629643731343286	32.4280624	1	0	0	0	0
2024-11-09 23:31:50	67.41786930251256	32.62136413316583	32.4280624	1	0	0	0	0
2024-11-09 23:32:00	67.45165131256282	32.60826066582914	32.4280624	1	0	0	0	0
2024-11-09 23:32:10	67.45483069651742	32.60473215373134	32.4280624	1	0	0	0	0
2024-11-09 23:32:20	67.37091029850747	32.628455437313434	32.4280624	1	0	0	0	0
2024-11-09 23:32:30	67.31397376884422	32.65108484723618	32.4280624	1	0	0	0	0
2024-11-09 23:32:40	67.3379888442211	32.670432636180905	32.4280624	1	0	0	0	0
2024-11-09 23:32:50	67.3716811	32.676661153	32.4280624	1	0	0	0	0
2024-11-09 23:33:00	67.4329161	32.645550203	32.4280624	1	0	0	0	0
2024-11-09 23:33:10	67.46086820895522	32.62556376169154	32.4280624	1	0	0	0	0
2024-11-09 23:33:20	67.39409208955223	32.637239383582084	32.4280624	1	0	0	0	0
2024-11-09 23:33:30	67.36986175879397	32.64406767035176	32.4280624	1	0	0	0	0
2024-11-09 23:33:40	67.47326879396985	32.63635395175879	32.4280624	1	0	0	0	0
2024-11-09 23:33:50	67.5227656	32.617542346	32.4280624	1	0	0	0	0
2024-11-09 23:34:00	67.4188256	32.567144446	32.4280624	1	0	0	0	0
2024-11-09 23:34:10	67.33814064676616	32.526436846766174	32.4280624	1	0	0	0	0
2024-11-09 23:34:20	67.32364313432836	32.513309334328355	32.4280624	1	0	0	0	0
2024-11-09 23:34:30	67.30828125	32.4983369875	32.4280624	1	0	0	0	0
2024-11-09 23:34:40	67.29032624999999	32.4778301375	32.4280624	1	0	0	0	0
2024-11-09 23:34:50	67.2860156625	32.47274375	32.4280624	1	0	0	0	0
2024-11-09 23:35:00	67.3226383125	32.51391875	32.4280624	1	0	0	0	0
2024-11-09 23:35:10	67.38183955879397	32.54971959798995	32.4280624	1	0	0	0	0
2024-11-09 23:35:20	67.50877659396986	32.56939798994975	32.4280624	1	0	0	0	0
2024-11-09 23:35:30	67.58046641791044	32.59359713930348	32.4280624	1	0	0	0	0
2024-11-09 23:35:40	67.49491417910448	32.63066305970149	32.4280624	1	0	0	0	0
2024-11-09 23:35:50	67.444408275	32.6607559375	32.4280624	1	0	0	0	0
2024-11-09 23:36:00	67.499041375	32.6699296875	32.4280624	1	0	0	0	0
2024-11-09 23:36:10	67.524836675	32.6686075	32.4280624	1	0	0	0	0
2024-11-09 23:36:20	67.464118575	32.6357975	32.4280624	1	0	0	0	0
2024-11-09 23:36:30	67.4088463316583	32.62061964824121	32.4280624	1	0	0	0	0
2024-11-09 23:36:40	67.36991165829146	32.65833824120603	32.4280624	1	0	0	0	0
2024-11-09 23:36:50	67.3617362	32.678418423000004	32.4280624	1	0	0	0	0
2024-11-09 23:37:00	67.44110620000001	32.648296973	32.4280624	1	0	0	0	0
2024-11-09 23:37:10	67.49225860696518	32.625243243283585	32.4280624	1	0	0	0	0
2024-11-09 23:37:20	67.46309940298508	32.62230533283582	32.4280624	1	0	0	0	0
2024-11-09 23:37:30	67.44645182160805	32.61984071909548	32.4280624	1	0	0	0	0
2024-11-09 23:37:40	67.4673391080402	32.618795995477385	32.4280624	1	0	0	0	0
2024-11-09 23:37:50	67.48780869402985	32.60791874378109	32.4280624	1	0	0	0	0
2024-11-09 23:38:00	67.50708944029851	32.56905660447761	32.4280624	1	0	0	0	0
2024-11-09 23:38:10	67.50607736318409	32.54044559701492	32.4280624	1	0	0	0	0
2024-11-09 23:38:20	67.4441868159204	32.542587985074626	32.4280624	1	0	0	0	0
2024-11-09 23:38:30	67.38655502512563	32.5366017839196	32.4280624	1	0	0	0	0
2024-11-09 23:38:40	67.3424092964824	32.50487505025126	32.4280624	1	0	0	0	0
2024-11-09 23:38:50	67.31652749999999	32.47706125	32.4280624	1	0	0	0	0
2024-11-09 23:39:00	67.3454375	32.46098625	32.4280624	1	0	0	0	0
2024-11-09 23:39:10	67.38171673366834	32.454046143216075	32.4280624	1	0	0	0	0
2024-11-09 23:39:20	67.4401036683417	32.4745107160804	32.4280624	1	0	0	0	0
2024-11-09 23:39:30	67.464529459	32.478755378	32.4280624	1	0	0	0	0
2024-11-09 23:39:40	67.392296609	32.436835678	32.4280624	1	0	0	0	0
2024-11-09 23:39:50	67.347328841	32.425702109999996	32.4280624	1	0	0	0	0
2024-11-09 23:40:00	67.379961691	32.50219061	32.4280624	1	0	0	0	0
2024-11-09 23:40:10	67.3987852517413	32.5615233159204	32.4280624	1	0	0	0	0
2024-11-09 23:40:20	67.37830545074627	32.572027992537315	32.4280624	1	0	0	0	0
2024-11-09 23:40:30	67.35614967035177	32.574694351758794	32.4280624	1	0	0	0	0
2024-11-09 23:40:40	67.3289659517588	32.55384575879397	32.4280624	1	0	0	0	0
2024-11-09 23:40:50	67.319531333	32.528508185999996	32.4280624	1	0	0	0	0
2024-11-09 23:41:00	67.360613383	32.490394286	32.4280624	1	0	0	0	0
2024-11-09 23:41:10	67.377737967	32.47223302	32.4280624	1	0	0	0	0
2024-11-09 23:41:20	67.326675917	32.51086002	32.4280624	1	0	0	0	0
2024-11-09 23:41:30	67.3143856	32.536971881	32.4280624	1	0	0	0	0
2024-11-09 23:41:40	67.4124456	32.527463731	32.4280624	1	0	0	0	0
2024-11-09 23:41:50	67.4764755	32.522015611	32.4280624	1	0	0	0	0
2024-11-09 23:42:00	67.4436505	32.528122961	32.4280624	1	0	0	0	0
2024-11-09 23:42:10	67.41314574257426	32.53165793960396	32.4280624	1	0	0	0	0
2024-11-09 23:42:20	67.38924475247525	32.527871553465346	32.4280624	1	0	0	0	0
2024-11-09 23:42:30	67.38280412121213	32.525702275757574	32.4280624	1	0	0	0	0
2024-11-09 23:42:40	67.43165462626263	32.52865384141414	32.4280624	1	0	0	0	0
2024-11-09 23:42:50	67.4556813069307	32.52566914851485	32.4280624	1	0	0	0	0
2024-11-09 23:43:00	67.40905556435644	32.50578895049505	32.4280624	1	0	0	0	0
2024-11-09 23:43:10	67.38504424242424	32.498733333333334	32.4280624	1	0	0	0	0
2024-11-09 23:43:20	67.43264525252526	32.532288888888885	32.4280624	1	0	0	0	0
2024-11-09 23:43:30	67.4609306	32.563121177	32.4280624	1	0	0	0	0
2024-11-09 23:43:40	67.4342406	32.586202627	32.4280624	1	0	0	0	0
2024-11-09 23:43:50	67.4242023	32.602675423	32.4280624	1	0	0	0	0
2024-11-09 23:44:00	67.4615573	32.600338973	32.4280624	1	0	0	0	0
2024-11-09 23:44:10	67.4595197	32.5996552	32.4280624	1	0	0	0	0
2024-11-09 23:44:20	67.3453647	32.603675200000005	32.4280624	1	0	0	0	0
2024-11-09 23:44:30	67.281293519403	32.60758968656717	32.4280624	1	0	0	0	0
2024-11-09 23:44:40	67.35976859402984	32.61120386567164	32.4280624	1	0	0	0	0
2024-11-09 23:44:50	67.4258255375	32.605906437499996	32.4280624	1	0	0	0	0
2024-11-09 23:45:00	67.4546280875	32.573874187499996	32.4280624	1	0	0	0	0
2024-11-09 23:45:10	67.46928625	32.5572325	32.4280624	1	0	0	0	0
2024-11-09 23:45:20	67.44151125	32.5867625	32.4280624	1	0	0	0	0
2024-11-09 23:45:30	67.44194130653267	32.610986947236185	32.4280624	1	0	0	0	0
2024-11-09 23:45:40	67.52698653266332	32.619294736180905	32.4280624	1	0	0	0	0
2024-11-09 23:45:50	67.56741512437812	32.634000186567164	32.4280624	1	0	0	0	0
2024-11-09 23:46:00	67.48085791044777	32.666914365671644	32.4280624	1	0	0	0	0
2024-11-09 23:46:10	67.4409	32.6912768	32.4280624	1	0	0	0	0
2024-11-09 23:46:20	67.54074000000001	32.689984	32.4280624	1	0	0	0	0
2024-11-09 23:46:30	67.61626261306533	32.68357462613065	32.4280624	1	0	0	0	0
2024-11-09 23:46:40	67.61883306532664	32.661815530653264	32.4280624	1	0	0	0	0
2024-11-09 23:46:50	67.618083824	32.650202778	32.4280624	1	0	0	0	0
2024-11-09 23:47:00	67.607886224	32.667468078	32.4280624	1	0	0	0	0
2024-11-09 23:47:10	67.58072684179105	32.67306990049751	32.4280624	1	0	0	0	0
2024-11-09 23:47:20	67.50529161791044	32.64547567164179	32.4280624	1	0	0	0	0
2024-11-09 23:47:30	67.4582408	32.61744125	32.4280624	1	0	0	0	0
2024-11-09 23:47:40	67.4963432	32.58808625	32.4280624	1	0	0	0	0
2024-11-09 23:47:50	67.51231824120603	32.56138909547739	32.4280624	1	0	0	0	0
2024-11-09 23:48:00	67.46191120603015	32.54266547738693	32.4280624	1	0	0	0	0
2024-11-09 23:48:10	67.4310459960199	32.52909008855721	32.4280624	1	0	0	0	0
2024-11-09 23:48:20	67.45579982686567	32.530167352238806	32.4280624	1	0	0	0	0
2024-11-09 23:48:30	67.48104579999999	32.542200050000005	32.4280624	1	0	0	0	0
2024-11-09 23:48:40	67.5077682	32.587099050000006	32.4280624	1	0	0	0	0
2024-11-09 23:48:50	67.5221233040201	32.61267489547739	32.4280624	1	0	0	0	0
2024-11-09 23:49:00	67.4993765201005	32.58028127738694	32.4280624	1	0	0	0	0
2024-11-09 23:49:10	67.48886789299999	32.554401080000005	32.4280624	1	0	0	0	0
2024-11-09 23:49:20	67.513190943	32.547059080000004	32.4280624	1	0	0	0	0
2024-11-09 23:49:30	67.51665729999999	32.55177822	32.4280624	1	0	0	0	0
2024-11-09 23:49:40	67.4607623	32.59082522	32.4280624	1	0	0	0	0
2024-11-09 23:49:50	67.44425147599999	32.6225605	32.4280624	1	0	0	0	0
2024-11-09 23:50:00	67.53983407599999	32.6334855	32.4280624	1	0	0	0	0
2024-11-09 23:50:10	67.610639924	32.6453283	32.4280624	1	0	0	0	0
2024-11-09 23:50:20	67.610927324	32.6597833	32.4280624	1	0	0	0	0
2024-11-09 23:50:30	67.6075019920398	32.66819562189055	32.4280624	1	0	0	0	0
2024-11-09 23:50:40	67.59350965373135	32.659409552238806	32.4280624	1	0	0	0	0
2024-11-09 23:50:50	67.58142243517588	32.644171758793966	32.4280624	1	0	0	0	0
2024-11-09 23:51:00	67.5750505758794	32.609578793969845	32.4280624	1	0	0	0	0
2024-11-09 23:51:10	67.571730898	32.5920413	32.4280624	1	0	0	0	0
2024-11-09 23:51:20	67.577098198	32.6230463	32.4280624	1	0	0	0	0
2024-11-09 23:51:30	67.59068870646766	32.65671282686567	32.4280624	1	0	0	0	0
2024-11-09 23:51:40	67.62768373134328	32.69795446865672	32.4280624	1	0	0	0	0
2024-11-09 23:51:50	67.65543	32.7288857	32.4280624	1	0	0	0	0
2024-11-09 23:52:00	67.66395708074533	32.697735539130434	32.4280624	1	0	0	0	0
2024-11-09 23:52:10	67.66710005	32.665991016	32.4280624	1	0	0	0	0
2024-11-09 23:52:20	67.65129255	32.645802616	32.4280624	1	0	0	0	0
2024-11-09 23:52:30	67.645965	32.62957960199005	32.4280624	1	0	0	0	0
2024-11-09 23:52:40	67.670465	32.624642686567164	32.4280624	1	0	0	0	0
2024-11-09 23:52:50	67.68314875	32.6223716125	32.4280624	1	0	0	0	0
2024-11-09 23:53:00	67.66038375	32.6280980625	32.4280624	1	0	0	0	0
2024-11-09 23:53:10	67.64372708542713	32.630497045728646	32.4280624	1	0	0	0	0
2024-11-09 23:53:20	67.64539542713568	32.62291362864322	32.4280624	1	0	0	0	0
2024-11-09 23:53:30	67.6456498	32.613191053	32.4280624	1	0	0	0	0
2024-11-09 23:53:40	67.6418798	32.597380103000006	32.4280624	1	0	0	0	0
2024-11-09 23:53:50	67.6356723	32.5949789	32.4280624	1	0	0	0	0
2024-11-09 23:54:00	67.62252729999999	32.6307439	32.4280624	1	0	0	0	0
2024-11-09 23:54:10	67.617626276	32.655104533	32.4280624	1	0	0	0	0
2024-11-09 23:54:20	67.63618887599999	32.647006583	32.4280624	1	0	0	0	0
2024-11-09 23:54:30	67.643337424	32.637445522	32.4280624	1	0	0	0	0
2024-11-09 23:54:40	67.617999824	32.623720221999996	32.4280624	1	0	0	0	0
2024-11-09 23:54:50	67.609645385	32.619653285	32.4280624	1	0	0	0	0
2024-11-09 23:55:00	67.649627635	32.643075534999994	32.4280624	1	0	0	0	0
2024-11-09 23:55:10	67.685538415	32.662212127	32.4280624	1	0	0	0	0
2024-11-09 23:55:20	67.709861165	32.669151077	32.4280624	1	0	0	0	0
2024-11-09 23:55:30	67.72119687600001	32.668287362	32.4280624	1	0	0	0	0
2024-11-09 23:55:40	67.695569476	32.645216061999996	32.4280624	1	0	0	0	0
2024-11-09 23:55:50	67.67639368159203	32.62577477761194	32.4280624	1	0	0	0	0
2024-11-09 23:56:00	67.67558014925373	32.6166650761194	32.4280624	1	0	0	0	0
2024-11-09 23:56:10	67.6654920477387	32.624734081407034	32.4280624	1	0	0	0	0
2024-11-09 23:56:20	67.62758023869347	32.68433920703518	32.4280624	1	0	0	0	0
2024-11-09 23:56:30	67.610769785	32.72329159	32.4280624	1	0	0	0	0
2024-11-09 23:56:40	67.654017035	32.70346309	32.4280624	1	0	0	0	0
2024-11-09 23:56:50	67.69028348258706	32.6802268159204	32.4280624	1	0	0	0	0
2024-11-09 23:57:00	67.70668149253731	32.64729149253731	32.4280624	1	0	0	0	0
2024-11-09 23:57:10	67.70270864321608	32.62200618090453	32.4280624	1	0	0	0	0
2024-11-09 23:57:20	67.6376232160804	32.619670904522614	32.4280624	1	0	0	0	0
2024-11-09 23:57:30	67.60679160000001	32.618095537	32.4280624	1	0	0	0	0
2024-11-09 23:57:40	67.6734516	32.618682987	32.4280624	1	0	0	0	0
2024-11-09 23:57:50	67.7012624	32.617547599	32.4280624	1	0	0	0	0
2024-11-09 23:58:00	67.6185024	32.611508748999995	32.4280624	1	0	0	0	0
2024-11-09 23:58:10	67.565591115	32.595080675999995	32.4280624	1	0	0	0	0
2024-11-09 23:58:20	67.597633865	32.549083276000005	32.4280624	1	0	0	0	0
2024-11-09 23:58:30	67.625355285	32.517138434	32.4280624	1	0	0	0	0
2024-11-09 23:58:40	67.640777535	32.525189334	32.4280624	1	0	0	0	0
2024-11-09 23:58:50	67.6463325	32.527921125	32.4280624	1	0	0	0	0
2024-11-09 23:59:00	67.62380365384615	32.51551391346153	32.4280624	1	0	0	0	0
2024-11-09 23:59:10	67.63044	32.5086859375	32.4280624	1	0	0	0	0
2024-11-09 23:59:20	67.76994	32.527274479166664	32.4280624	1	0	0	0	0
2024-11-09 23:59:30	67.83401995024876	32.55026144875622	32.4280624	1	0	0	0	0
2024-11-09 23:59:40	67.6834428358209	32.585767020895524	32.4280624	1	0	0	0	0
2024-11-09 23:59:50	67.5885775	32.6116199125	32.4280624	1	0	0	0	0
2024-11-10 00:00:00	67.6608475	32.6085147625	32.4280624	1	0	0	0	0
