PROCESSDATA	2111FIC10201 Data	yyyy-MM-dd HH:mm:ss
8	10	2024-10-17 21:55:00	751
tagname	2111FIC10201.MV	2111FIC10201.PV	2111FIC10201.SV	2111FIC10201.MODE	bOpOFL	bPvOFL	bSpOFL	bAutOFL
desc	二级电脱盐注水管_OP	二级电脱盐注水管_PV	二级电脱盐注水管_SP	Aut	bOpOFL	bPvOFL	bSpOFL	bAutOFL
fsMax=3.1955354864430383	fsMin=0	fsGridNum=10	fdMax=3.1955354864430383tfdMin=0	fdGridNum=10	v0GridNum=10	L=24
2024-10-17 21:55:00	9.113555347826086	48.134841978260866	48.0000153	1	0	0	0	0
2024-10-17 21:55:10	9.095024285714285	48.15617808571429	48.0000153	1	0	0	0	0
2024-10-17 21:55:20	9.064249	48.226349410000005	48.0000153	1	0	0	0	0
2024-10-17 21:55:30	9.084980642857143	48.06540042857143	48.0000153	1	0	0	0	0
2024-10-17 21:55:40	9.056019291139242	48.184004858227844	48.0000153	1	0	0	0	0
2024-10-17 21:55:50	9.050960016393443	48.132709790163936	48.0000153	1	0	0	0	0
2024-10-17 21:56:00	9.036338	48.110697172151895	48.0000153	1	0	0	0	0
2024-10-17 21:56:10	9.033789176470588	48.075982017647064	48.0000153	1	0	0	0	0
2024-10-17 21:56:20	9.040546461538462	47.998988261538464	48.0000153	1	0	0	0	0
2024-10-17 21:56:30	9.02497058117647	48.04218112352941	48.0000153	1	0	0	0	0
2024-10-17 21:56:40	9.002870539325842	48.11673922134831	48.0000153	1	0	0	0	0
2024-10-17 21:56:50	9.027719658227848	47.955995088607594	48.0000153	1	0	0	0	0
2024-10-17 21:57:00	9.03240456521739	47.95259130434783	48.0000153	1	0	0	0	0
2024-10-17 21:57:10	8.98418864	48.22932315714286	48.0000153	1	0	0	0	0
2024-10-17 21:57:20	9.0300408	47.96779959	48.0000153	1	0	0	0	0
2024-10-17 21:57:30	9.012578214285714	48.067691014285714	48.0000153	1	0	0	0	0
2024-10-17 21:57:40	9.019510967741937	48.0072832	48.0000153	1	0	0	0	0
2024-10-17 21:57:50	9.024806831460673	47.95872939775281	48.0000153	1	0	0	0	0
2024-10-17 21:58:00	8.971286288888889	48.19942168222222	48.0000153	1	0	0	0	0
2024-10-17 21:58:10	8.97936908	48.084991804	48.0000153	1	0	0	0	0
2024-10-17 21:58:20	8.99287705882353	48.02013436078431	48.0000153	1	0	0	0	0
2024-10-17 21:58:30	9.017225510638298	47.91529893617022	48.0000153	1	0	0	0	0
2024-10-17 21:58:40	9.019818773924051	47.955565101265826	48.0000153	1	0	0	0	0
2024-10-17 21:58:50	9.023596864225352	47.90902830985916	48.0000153	1	0	0	0	0
2024-10-17 21:59:00	8.995334333333334	48.06223444444445	48.0000153	1	0	0	0	0
2024-10-17 21:59:10	9.012997416666666	48.003700525	48.0000153	1	0	0	0	0
2024-10-17 21:59:20	9.021704076923077	47.96102200769231	48.0000153	1	0	0	0	0
2024-10-17 21:59:30	9.0010504	48.055929629999994	48.0000153	1	0	0	0	0
2024-10-17 21:59:40	8.981446652173913	48.104606660869564	48.0000153	1	0	0	0	0
2024-10-17 21:59:50	8.975687229508196	48.10753446557377	48.0000153	1	0	0	0	0
2024-10-17 22:00:00	8.98372345425	48.032652595	48.0000153	1	0	0	0	0
2024-10-17 22:00:10	8.957245405797101	48.11500839710145	48.0000153	1	0	0	0	0
2024-10-17 22:00:20	8.9181118	48.257697040000004	48.0000153	1	0	0	0	0
2024-10-17 22:00:30	8.942256770491804	48.09463866229508	48.0000153	1	0	0	0	0
2024-10-17 22:00:40	8.902124413793103	48.22263104482759	48.0000153	1	0	0	0	0
2024-10-17 22:00:50	8.91749688405797	48.09365262173913	48.0000153	1	0	0	0	0
2024-10-17 22:01:00	8.905385328767123	48.09103980958904	48.0000153	1	0	0	0	0
2024-10-17 22:01:10	8.958369748360656	47.80997276229508	48.0000153	1	0	0	0	0
2024-10-17 22:01:20	8.960259641975307	47.90515889876543	48.0000153	1	0	0	0	0
2024-10-17 22:01:30	8.97155532	47.898736272	48.0000153	1	0	0	0	0
2024-10-17 22:01:40	8.955771205882353	47.99744908382353	48.0000153	1	0	0	0	0
2024-10-17 22:01:50	8.973608016393442	47.938644367213115	48.0000153	1	0	0	0	0
2024-10-17 22:02:00	8.965592717948718	48.004147725641026	48.0000153	1	0	0	0	0
2024-10-17 22:02:10	8.93776214084507	48.138360091549295	48.0000153	1	0	0	0	0
2024-10-17 22:02:20	8.962313714285715	47.98523685714286	48.0000153	1	0	0	0	0
2024-10-17 22:02:30	8.936521433333333	48.062067	48.0000153	1	0	0	0	0
2024-10-17 22:02:40	8.955375206896552	47.96891939310345	48.0000153	1	0	0	0	0
2024-10-17 22:02:50	8.970686285714287	47.90065945714286	48.0000153	1	0	0	0	0
2024-10-17 22:03:00	8.964069349295775	47.94797732394366	48.0000153	1	0	0	0	0
2024-10-17 22:03:10	8.9413205	48.0847483	48.0000153	1	0	0	0	0
2024-10-17 22:03:20	8.906177785714286	48.21007322142857	48.0000153	1	0	0	0	0
2024-10-17 22:03:30	8.9329433	48.055878220000004	48.0000153	1	0	0	0	0
2024-10-17 22:03:40	8.936792857142857	48.06618934285714	48.0000153	1	0	0	0	0
2024-10-17 22:03:50	8.967567764705883	47.939724229411766	48.0000153	1	0	0	0	0
2024-10-17 22:04:00	8.9704562247191	47.9670795505618	48.0000153	1	0	0	0	0
2024-10-17 22:04:10	9.000108	47.885705	48.0000153	1	0	0	0	0
2024-10-17 22:04:20	9.06873192857143	47.610912992857145	48.0000153	1	0	0	0	0
2024-10-17 22:04:30	9.0300178	47.915490132	48.0000153	1	0	0	0	0
2024-10-17 22:04:40	9.030970507042253	47.96167088873239	48.0000153	1	0	0	0	0
2024-10-17 22:04:50	9.071497470588236	47.834143247058826	48.0000153	1	0	0	0	0
2024-10-17 22:05:00	9.044778916666667	48.023581961111105	48.0000153	1	0	0	0	0
2024-10-17 22:05:10	9.030524999999999	48.055799375	48.0000153	1	0	0	0	0
2024-10-17 22:05:20	9.078077177419354	47.844080201612904	48.0000153	1	0	0	0	0
2024-10-17 22:05:30	9.058566260869565	47.98629293043478	48.0000153	1	0	0	0	0
2024-10-17 22:05:40	9.072657215686275	47.9395563627451	48.0000153	1	0	0	0	0
2024-10-17 22:05:50	9.097284923076923	47.871381484615384	48.0000153	1	0	0	0	0
2024-10-17 22:06:00	9.149042776	47.68408778	48.0000153	1	0	0	0	0
2024-10-17 22:06:10	9.157199912000001	47.75508	48.0000153	1	0	0	0	0
2024-10-17 22:06:20	9.133118481012659	47.94552157974684	48.0000153	1	0	0	0	0
2024-10-17 22:06:30	9.1355129592	47.933197967999995	48.0000153	1	0	0	0	0
2024-10-17 22:06:40	9.120868317654322	48.01884716296296	48.0000153	1	0	0	0	0
2024-10-17 22:06:50	9.123539612244898	48.02365387755102	48.0000153	1	0	0	0	0
2024-10-17 22:07:00	9.132835067796611	47.98087101694915	48.0000153	1	0	0	0	0
2024-10-17 22:07:10	9.088781294117648	48.16757764705882	48.0000153	1	0	0	0	0
2024-10-17 22:07:20	9.03223195	48.341727335	48.0000153	1	0	0	0	0
2024-10-17 22:07:30	9.080363797101448	48.03322228985507	48.0000153	1	0	0	0	0
2024-10-17 22:07:40	9.075635142857141	48.05241615714286	48.0000153	1	0	0	0	0
2024-10-17 22:07:50	9.041249689655173	48.17898274137931	48.0000153	1	0	0	0	0
2024-10-17 22:08:00	9.071548887323942	47.96685504225352	48.0000153	1	0	0	0	0
2024-10-17 22:08:10	9.044644873239436	48.08102916901409	48.0000153	1	0	0	0	0
2024-10-17 22:08:20	9.00604635	48.203949645	48.0000153	1	0	0	0	0
2024-10-17 22:08:30	9.012806900000001	48.09126164	48.0000153	1	0	0	0	0
2024-10-17 22:08:40	9.004200983870968	48.095265927419355	48.0000153	1	0	0	0	0
2024-10-17 22:08:50	8.97860536231884	48.166810000000005	48.0000153	1	0	0	0	0
2024-10-17 22:09:00	8.994604803921568	48.004506513725495	48.0000153	1	0	0	0	0
2024-10-17 22:09:10	8.994845352941176	48.001831200000005	48.0000153	1	0	0	0	0
2024-10-17 22:09:20	8.9819286	48.07102278888889	48.0000153	1	0	0	0	0
2024-10-17 22:09:30	9.016417231884057	47.918895239130435	48.0000153	1	0	0	0	0
2024-10-17 22:09:40	9.031522057692307	47.89230565384615	48.0000153	1	0	0	0	0
2024-10-17 22:09:50	8.973718620689654	48.172780237931036	48.0000153	1	0	0	0	0
2024-10-17 22:10:00	9.01670546031746	47.93516238730159	48.0000153	1	0	0	0	0
2024-10-17 22:10:10	8.988943215189874	48.09049821392405	48.0000153	1	0	0	0	0
2024-10-17 22:10:20	8.971692430379747	48.135086455696204	48.0000153	1	0	0	0	0
2024-10-17 22:10:30	8.991322499999999	48.039077899999995	48.0000153	1	0	0	0	0
2024-10-17 22:10:40	9.001667710144927	47.98311521014492	48.0000153	1	0	0	0	0
2024-10-17 22:10:50	9.0167625	47.911685	48.0000153	1	0	0	0	0
2024-10-17 22:11:00	9.002113466666668	48.01647134666666	48.0000153	1	0	0	0	0
2024-10-17 22:11:10	8.98344219047619	48.107407214285715	48.0000153	1	0	0	0	0
2024-10-17 22:11:20	9.0163534375	47.93671656875	48.0000153	1	0	0	0	0
2024-10-17 22:11:30	8.97475166197183	48.1167641028169	48.0000153	1	0	0	0	0
2024-10-17 22:11:40	8.950319797468355	48.177709784810126	48.0000153	1	0	0	0	0
2024-10-17 22:11:50	8.985875509803922	47.95362843137255	48.0000153	1	0	0	0	0
2024-10-17 22:12:00	8.961616689655173	48.07299862068965	48.0000153	1	0	0	0	0
2024-10-17 22:12:10	8.959169186440677	48.05890522542373	48.0000153	1	0	0	0	0
2024-10-17 22:12:20	8.94516908695652	48.0776772	48.0000153	1	0	0	0	0
2024-10-17 22:12:30	8.9526991	48.017802	48.0000153	1	0	0	0	0
2024-10-17 22:12:40	8.928517142857142	48.0989903	48.0000153	1	0	0	0	0
2024-10-17 22:12:50	8.949800885245901	47.96265529672131	48.0000153	1	0	0	0	0
2024-10-17 22:13:00	8.932867443548387	48.060779151612905	48.0000153	1	0	0	0	0
2024-10-17 22:13:10	8.9046845	48.179355	48.0000153	1	0	0	0	0
2024-10-17 22:13:20	8.910825275	48.070508005	48.0000153	1	0	0	0	0
2024-10-17 22:13:30	8.9005254	48.078409586666666	48.0000153	1	0	0	0	0
2024-10-17 22:13:40	8.889054493670887	48.09605850126582	48.0000153	1	0	0	0	0
2024-10-17 22:13:50	8.8620718	48.1702928	48.0000153	1	0	0	0	0
2024-10-17 22:14:00	8.86366276388889	48.07313372777778	48.0000153	1	0	0	0	0
2024-10-17 22:14:10	8.884422949152542	47.96283254237288	48.0000153	1	0	0	0	0
2024-10-17 22:14:20	8.86557475	48.065758699999996	48.0000153	1	0	0	0	0
2024-10-17 22:14:30	8.872110142857142	48.00412238571428	48.0000153	1	0	0	0	0
2024-10-17 22:14:40	8.924790755	47.8161678	48.0000153	1	0	0	0	0
2024-10-17 22:14:50	8.898665423380281	47.97447693239437	48.0000153	1	0	0	0	0
2024-10-17 22:15:00	8.894907276923076	48.02113356307692	48.0000153	1	0	0	0	0
2024-10-17 22:15:10	8.883893390243902	48.06881981707317	48.0000153	1	0	0	0	0
2024-10-17 22:15:20	8.907260775510204	47.944464902040814	48.0000153	1	0	0	0	0
2024-10-17 22:15:30	8.895418042253521	48.031877426760566	48.0000153	1	0	0	0	0
2024-10-17 22:15:40	8.909683933333334	47.95817490666667	48.0000153	1	0	0	0	0
2024-10-17 22:15:50	8.895061584269664	48.05417708764045	48.0000153	1	0	0	0	0
2024-10-17 22:16:00	8.930278364117648	47.93498997254902	48.0000153	1	0	0	0	0
2024-10-17 22:16:10	8.91489249019608	48.03882968627451	48.0000153	1	0	0	0	0
2024-10-17 22:16:20	8.9382448	47.95207136	48.0000153	1	0	0	0	0
2024-10-17 22:16:30	8.941242949152542	47.928570576271184	48.0000153	1	0	0	0	0
2024-10-17 22:16:40	8.9095178125	48.07171199375	48.0000153	1	0	0	0	0
2024-10-17 22:16:50	8.915289	48.0202675	48.0000153	1	0	0	0	0
2024-10-17 22:17:00	8.8972317375	48.10299481125	48.0000153	1	0	0	0	0
2024-10-17 22:17:10	8.906651487804877	48.03343338536585	48.0000153	1	0	0	0	0
2024-10-17 22:17:20	8.946597571428573	47.82738428571429	48.0000153	1	0	0	0	0
2024-10-17 22:17:30	8.940276857142857	47.92639976326531	48.0000153	1	0	0	0	0
2024-10-17 22:17:40	8.962307703296702	47.878747016483516	48.0000153	1	0	0	0	0
2024-10-17 22:17:50	8.942608162162163	47.9867785945946	48.0000153	1	0	0	0	0
2024-10-17 22:18:00	8.936591529411764	48.026681352941175	48.0000153	1	0	0	0	0
2024-10-17 22:18:10	8.90603031147541	48.15886382786885	48.0000153	1	0	0	0	0
2024-10-17 22:18:20	8.901500538461537	48.13747619230769	48.0000153	1	0	0	0	0
2024-10-17 22:18:30	8.91104232	48.053450336	48.0000153	1	0	0	0	0
2024-10-17 22:18:40	8.895510539325842	48.110521583146074	48.0000153	1	0	0	0	0
2024-10-17 22:18:50	8.890247352112675	48.084008781690144	48.0000153	1	0	0	0	0
2024-10-17 22:19:00	8.873047555555555	48.09088333333333	48.0000153	1	0	0	0	0
2024-10-17 22:19:10	8.8501914	48.180979140000005	48.0000153	1	0	0	0	0
2024-10-17 22:19:20	8.878320647058823	48.01547174117647	48.0000153	1	0	0	0	0
2024-10-17 22:19:30	8.874374204081633	47.98174094897959	48.0000153	1	0	0	0	0
2024-10-17 22:19:40	8.842139348295454	48.08151766022728	48.0000153	1	0	0	0	0
2024-10-17 22:19:50	8.849027409836065	48.03965718360656	48.0000153	1	0	0	0	0
2024-10-17 22:20:00	8.894567942352941	47.82800676470588	48.0000153	1	0	0	0	0
2024-10-17 22:20:10	8.8631292	48.00231214666667	48.0000153	1	0	0	0	0
2024-10-17 22:20:20	8.86998368627451	47.98385077647059	48.0000153	1	0	0	0	0
2024-10-17 22:20:30	8.87537448	47.912128184	48.0000153	1	0	0	0	0
2024-10-17 22:20:40	8.873256857142858	47.983132749999996	48.0000153	1	0	0	0	0
2024-10-17 22:20:50	8.877554327868852	48.02015306885246	48.0000153	1	0	0	0	0
2024-10-17 22:21:00	8.843792928571428	48.15273067142857	48.0000153	1	0	0	0	0
2024-10-17 22:21:10	8.843029823529413	48.0857285882353	48.0000153	1	0	0	0	0
2024-10-17 22:21:20	8.848742807692307	48.02903764230769	48.0000153	1	0	0	0	0
2024-10-17 22:21:30	8.849262705882353	48.00226187647059	48.0000153	1	0	0	0	0
2024-10-17 22:21:40	8.83666837704918	48.05850279836066	48.0000153	1	0	0	0	0
2024-10-17 22:21:50	8.825151607594936	48.10844844936709	48.0000153	1	0	0	0	0
2024-10-17 22:22:00	8.889600975308642	47.803360987654315	48.0000153	1	0	0	0	0
2024-10-17 22:22:10	8.85850037142857	47.99343314285714	48.0000153	1	0	0	0	0
2024-10-17 22:22:20	8.8385886	48.058578950000005	48.0000153	1	0	0	0	0
2024-10-17 22:22:30	8.87379236	47.875284056	48.0000153	1	0	0	0	0
2024-10-17 22:22:40	8.84051766101695	48.0648593220339	48.0000153	1	0	0	0	0
2024-10-17 22:22:50	8.844199267605635	48.02577952816902	48.0000153	1	0	0	0	0
2024-10-17 22:23:00	8.873907668169014	47.90970788732394	48.0000153	1	0	0	0	0
2024-10-17 22:23:10	8.929010836734694	47.69774124897959	48.0000153	1	0	0	0	0
2024-10-17 22:23:20	8.9204681632	47.842271992	48.0000153	1	0	0	0	0
2024-10-17 22:23:30	8.920541700000001	47.907854470000004	48.0000153	1	0	0	0	0
2024-10-17 22:23:40	8.941274825	47.87005122750001	48.0000153	1	0	0	0	0
2024-10-17 22:23:50	8.946539633333334	47.938074343333334	48.0000153	1	0	0	0	0
2024-10-17 22:24:00	8.919476577777777	48.13450906888889	48.0000153	1	0	0	0	0
2024-10-17 22:24:10	8.917224	48.100795000000005	48.0000153	1	0	0	0	0
2024-10-17 22:24:20	8.963030915254237	47.86990866101695	48.0000153	1	0	0	0	0
2024-10-17 22:24:30	8.96380424	47.899166416	48.0000153	1	0	0	0	0
2024-10-17 22:24:40	8.956080166666666	47.97772634166667	48.0000153	1	0	0	0	0
2024-10-17 22:24:50	8.98266544	47.911212764	48.0000153	1	0	0	0	0
2024-10-17 22:25:00	8.991896214285715	47.88518232857143	48.0000153	1	0	0	0	0
2024-10-17 22:25:10	8.987619	47.92418142	48.0000153	1	0	0	0	0
2024-10-17 22:25:20	8.971121086419753	48.038223181481484	48.0000153	1	0	0	0	0
2024-10-17 22:25:30	8.973451529411763	47.999329847058824	48.0000153	1	0	0	0	0
2024-10-17 22:25:40	8.937996346153845	48.14748342307692	48.0000153	1	0	0	0	0
2024-10-17 22:25:50	8.99561975	47.871204275	48.0000153	1	0	0	0	0
2024-10-17 22:26:00	8.985984125	47.99053	48.0000153	1	0	0	0	0
2024-10-17 22:26:10	9.039495697704918	47.780794983606555	48.0000153	1	0	0	0	0
2024-10-17 22:26:20	9.0314114	47.89373148	48.0000153	1	0	0	0	0
2024-10-17 22:26:30	9.014757228571428	48.01591873142857	48.0000153	1	0	0	0	0
2024-10-17 22:26:40	9.04469083018868	47.904672958490565	48.0000153	1	0	0	0	0
2024-10-17 22:26:50	9.034078428571428	48.00130578571429	48.0000153	1	0	0	0	0
2024-10-17 22:27:00	9.010942298591548	48.12193464788733	48.0000153	1	0	0	0	0
2024-10-17 22:27:10	9.029935726415095	48.034186288679244	48.0000153	1	0	0	0	0
2024-10-17 22:27:20	9.040902136363638	47.958212972727274	48.0000153	1	0	0	0	0
2024-10-17 22:27:30	9.04899976923077	47.942524923076924	48.0000153	1	0	0	0	0
2024-10-17 22:27:40	9.072152540983605	47.877180793442626	48.0000153	1	0	0	0	0
2024-10-17 22:27:50	9.095182786885246	47.87218121967213	48.0000153	1	0	0	0	0
2024-10-17 22:28:00	9.078724625	47.981698975	48.0000153	1	0	0	0	0
2024-10-17 22:28:10	9.138547915492957	47.75558975211268	48.0000153	1	0	0	0	0
2024-10-17 22:28:20	9.11306235443038	47.96100483037975	48.0000153	1	0	0	0	0
2024-10-17 22:28:30	9.0753491	48.119268809999994	48.0000153	1	0	0	0	0
2024-10-17 22:28:40	9.098599642857142	48.007808378571426	48.0000153	1	0	0	0	0
2024-10-17 22:28:50	9.15663025	47.7666875	48.0000153	1	0	0	0	0
2024-10-17 22:29:00	9.137192	47.876139335714285	48.0000153	1	0	0	0	0
2024-10-17 22:29:10	9.138596823529413	47.92348145882353	48.0000153	1	0	0	0	0
2024-10-17 22:29:20	9.1237785	47.993265031250004	48.0000153	1	0	0	0	0
2024-10-17 22:29:30	9.176873741	47.77716941	48.0000153	1	0	0	0	0
2024-10-17 22:29:40	9.137638666666666	47.996954583333334	48.0000153	1	0	0	0	0
2024-10-17 22:29:50	9.1603738	47.89496664	48.0000153	1	0	0	0	0
2024-10-17 22:30:00	9.172008539325843	47.8490046494382	48.0000153	1	0	0	0	0
2024-10-17 22:30:10	9.1714485	47.918157703333335	48.0000153	1	0	0	0	0
2024-10-17 22:30:20	9.141537050632913	48.07955079113924	48.0000153	1	0	0	0	0
2024-10-17 22:30:30	9.153956500000001	48.02240038076923	48.0000153	1	0	0	0	0
2024-10-17 22:30:40	9.204378647887324	47.76411844788733	48.0000153	1	0	0	0	0
2024-10-17 22:30:50	9.2063396	47.7982836	48.0000153	1	0	0	0	0
2024-10-17 22:31:00	9.157856913043478	48.066839791304346	48.0000153	1	0	0	0	0
2024-10-17 22:31:10	9.192030647058823	47.90153817647059	48.0000153	1	0	0	0	0
2024-10-17 22:31:20	9.1649601875	48.01199774375	48.0000153	1	0	0	0	0
2024-10-17 22:31:30	9.176275705882352	47.98989495294118	48.0000153	1	0	0	0	0
2024-10-17 22:31:40	9.190210281538462	47.906211115384615	48.0000153	1	0	0	0	0
2024-10-17 22:31:50	9.178702900000001	47.99321217	48.0000153	1	0	0	0	0
2024-10-17 22:32:00	9.1625230625	48.028606437499995	48.0000153	1	0	0	0	0
2024-10-17 22:32:10	9.144574500000001	48.08705135	48.0000153	1	0	0	0	0
2024-10-17 22:32:20	9.132223505617977	48.17145896067416	48.08990225280899	1	0	0	0	0
2024-10-17 22:32:30	9.268163099999999	48.0469374	50	1	0	0	0	0
2024-10-17 22:32:40	9.406784564102564	48.28317156666667	50	1	0	0	0	0
2024-10-17 22:32:50	9.531179176470589	48.40750301764706	50	1	0	0	0	0
2024-10-17 22:33:00	9.632071984126984	48.60491158095238	50	1	0	0	0	0
2024-10-17 22:33:10	9.705726133333334	48.867173	50	1	0	0	0	0
2024-10-17 22:33:20	9.85382655882353	48.77109572941176	50	1	0	0	0	0
2024-10-17 22:33:30	9.937723087912087	48.89549522857143	50	1	0	0	0	0
2024-10-17 22:33:40	10.03286148	49.04922179	50	1	0	0	0	0
2024-10-17 22:33:50	10.022747656	49.401587804	50	1	0	0	0	0
2024-10-17 22:34:00	10.11123686557377	49.31376948032787	50	1	0	0	0	0
2024-10-17 22:34:10	10.160986202531646	49.39767474050633	50	1	0	0	0	0
2024-10-17 22:34:20	10.232448106741574	49.31109895730337	50	1	0	0	0	0
2024-10-17 22:34:30	10.274637176056338	49.37474821549296	50	1	0	0	0	0
2024-10-17 22:34:40	10.299428673913043	49.52944860869565	50	1	0	0	0	0
2024-10-17 22:34:50	10.350029295081967	49.528861803278694	50	1	0	0	0	0
2024-10-17 22:35:00	10.403196805714286	49.55303261142857	50.97142857142857	1	0	0	0	0
2024-10-17 22:35:10	10.54383975	49.682775	52	1	0	0	0	0
2024-10-17 22:35:20	10.746685940909092	49.85875458636364	52	1	0	0	0	0
2024-10-17 22:35:30	10.820773982857144	50.33439199714286	52	1	0	0	0	0
2024-10-17 22:35:40	10.99207159620253	50.37870398481012	52	1	0	0	0	0
2024-10-17 22:35:50	11.111710815254238	50.4338312	52	1	0	0	0	0
2024-10-17 22:36:00	11.167523018032787	50.78341338524591	52	1	0	0	0	0
2024-10-17 22:36:10	11.23213567936508	51.05034047619048	52	1	0	0	0	0
2024-10-17 22:36:20	11.364908348780489	50.92524888780488	52	1	0	0	0	0
2024-10-17 22:36:30	11.41052054	51.18979289333333	52	1	0	0	0	0
2024-10-17 22:36:40	11.50285724375	51.099683087500004	52	1	0	0	0	0
2024-10-17 22:36:50	11.571903329508197	51.15600405737705	52	1	0	0	0	0
2024-10-17 22:37:00	11.610995801960785	51.31828207843137	52	1	0	0	0	0
2024-10-17 22:37:10	11.598868723809524	51.612399466666666	52	1	0	0	0	0
2024-10-17 22:37:20	11.732091979012345	51.18837410493827	52	1	0	0	0	0
2024-10-17 22:37:30	11.726143337681158	51.46602927101449	52	1	0	0	0	0
2024-10-17 22:37:40	11.675004572839507	51.835275383950616	52	1	0	0	0	0
2024-10-17 22:37:50	11.644238208	51.992431652	52	1	0	0	0	0
2024-10-17 22:38:00	11.637562528571427	52.035612928571425	52	1	0	0	0	0
2024-10-17 22:38:10	11.745687375409835	51.86157439672131	53.80327868852459	1	0	0	0	0
2024-10-17 22:38:20	11.9494421	51.93289755	54	1	0	0	0	0
2024-10-17 22:38:30	12.080772673333334	52.13596096	54	1	0	0	0	0
2024-10-17 22:38:40	12.166235180000001	52.588114	54	1	0	0	0	0
2024-10-17 22:38:50	12.310933308695652	52.49018460869565	54	1	0	0	0	0
2024-10-17 22:39:00	12.406298634615384	52.66881583269231	54	1	0	0	0	0
2024-10-17 22:39:10	12.461655229268292	52.944636097560974	54	1	0	0	0	0
2024-10-17 22:39:20	12.527831616901407	53.144021853521124	54	1	0	0	0	0
2024-10-17 22:39:30	12.613848414754099	53.16645504262295	54	1	0	0	0	0
2024-10-17 22:39:40	12.674460735555556	53.275383606666665	54	1	0	0	0	0
2024-10-17 22:39:50	12.73290735	53.3180177	54	1	0	0	0	0
2024-10-17 22:40:00	12.740921691428571	53.523942000000005	54	1	0	0	0	0
2024-10-17 22:40:10	12.835793133333333	53.309093329999996	54	1	0	0	0	0
2024-10-17 22:40:20	12.807907885245902	53.70305449180328	54	1	0	0	0	0
2024-10-17 22:40:30	12.814994711392405	53.77318292151899	54	1	0	0	0	0
2024-10-17 22:40:40	12.883451101123596	53.56724395955056	54	1	0	0	0	0
2024-10-17 22:40:50	12.9023886	53.64682005	54	1	0	0	0	0
2024-10-17 22:41:00	12.892714991666667	53.83630276388889	54	1	0	0	0	0
2024-10-17 22:41:10	12.9478975	53.66947078	54	1	0	0	0	0
2024-10-17 22:41:20	13.004564377464789	53.53667549295774	54	1	0	0	0	0
2024-10-17 22:41:30	12.96266134	53.84482466666667	54	1	0	0	0	0
2024-10-17 22:41:40	12.982554330337079	53.77923235730337	54	1	0	0	0	0
2024-10-17 22:41:50	12.983288221428571	53.85725348571429	54	1	0	0	0	0
2024-10-17 22:42:00	13.022575374999999	53.745277375	54	1	0	0	0	0
2024-10-17 22:42:10	13.0261404	53.826330575	54	1	0	0	0	0
2024-10-17 22:42:20	13.02022092	53.90043066	54	1	0	0	0	0
2024-10-17 22:42:30	13.056411206666667	53.79763842	54	1	0	0	0	0
2024-10-17 22:42:40	13.03473824494382	53.96124921348314	54	1	0	0	0	0
2024-10-17 22:42:50	13.013837283333332	54.054085	54	1	0	0	0	0
2024-10-17 22:43:00	13.035607642857142	53.941570271428574	54	1	0	0	0	0
2024-10-17 22:43:10	13.09327280487805	53.69957009756098	54	1	0	0	0	0
2024-10-17 22:43:20	13.027133402985076	54.109593513432834	54	1	0	0	0	0
2024-10-17 22:43:30	12.986263886666666	54.25013198	54	1	0	0	0	0
2024-10-17 22:43:40	13.0351868	53.97049344444444	54	1	0	0	0	0
2024-10-17 22:43:50	13.007698004918034	54.133077327868854	54	1	0	0	0	0
2024-10-17 22:44:00	13.001470186666666	54.10019945333333	54	1	0	0	0	0
2024-10-17 22:44:10	12.952031346153847	54.25767461153846	54	1	0	0	0	0
2024-10-17 22:44:20	12.97009285	54.0752550367647	54	1	0	0	0	0
2024-10-17 22:44:30	12.96580347	54.0566892	54	1	0	0	0	0
2024-10-17 22:44:40	12.982958115384616	53.94089988076924	54	1	0	0	0	0
2024-10-17 22:44:50	12.938840918032787	54.09271571147541	54	1	0	0	0	0
2024-10-17 22:45:00	12.946377826086957	54.03329132753623	54	1	0	0	0	0
2024-10-17 22:45:10	12.93767595	54.0456505	54	1	0	0	0	0
2024-10-17 22:45:20	12.897510383333334	54.182100641666665	54	1	0	0	0	0
2024-10-17 22:45:30	12.913182126530613	54.00671273469388	54	1	0	0	0	0
2024-10-17 22:45:40	12.864339316666667	54.14941446666667	54	1	0	0	0	0
2024-10-17 22:45:50	12.88091545	54.03659844285714	54	1	0	0	0	0
2024-10-17 22:46:00	12.888385525	53.9925171	54	1	0	0	0	0
2024-10-17 22:46:10	12.908229433333332	53.86579423888889	54	1	0	0	0	0
2024-10-17 22:46:20	12.914474327272728	53.86785454545454	54	1	0	0	0	0
2024-10-17 22:46:30	12.884666217647059	54.05344176470589	54	1	0	0	0	0
2024-10-17 22:46:40	12.870378245000001	54.111086355	54	1	0	0	0	0
2024-10-17 22:46:50	12.845557906329114	54.21730243670886	54	1	0	0	0	0
2024-10-17 22:47:00	12.85420002195122	54.123520542682925	54	1	0	0	0	0
2024-10-17 22:47:10	12.820519333333333	54.24612643333334	54	1	0	0	0	0
2024-10-17 22:47:20	12.804204894915253	54.21240349661017	54	1	0	0	0	0
2024-10-17 22:47:30	12.834366508	54.01544282	54	1	0	0	0	0
2024-10-17 22:47:40	12.857707077215188	53.901010592405065	54	1	0	0	0	0
2024-10-17 22:47:50	12.82312445	54.09054185	54	1	0	0	0	0
2024-10-17 22:48:00	12.87349009506173	53.847796176543206	54	1	0	0	0	0
2024-10-17 22:48:10	12.8538183	53.95280078	54	1	0	0	0	0
2024-10-17 22:48:20	12.879519743037974	53.82987815189873	54	1	0	0	0	0
2024-10-17 22:48:30	12.875079388	53.915710016	54	1	0	0	0	0
2024-10-17 22:48:40	12.879796434426229	53.923636708196724	54	1	0	0	0	0
2024-10-17 22:48:50	12.859190237704919	54.06893159344262	54	1	0	0	0	0
2024-10-17 22:49:00	12.859190237704919	54.06893159344262	54	1	0	0	0	0
2024-10-17 22:49:10	12.850901245070423	54.057397767605636	54	1	0	0	0	0
2024-10-17 22:49:20	12.88157004	53.925656132	54	1	0	0	0	0
2024-10-17 22:49:30	12.851040547457627	54.051794237288135	54	1	0	0	0	0
2024-10-17 22:49:40	12.836063132000001	54.094418399999995	54	1	0	0	0	0
2024-10-17 22:49:50	12.882853762962963	53.91512799135803	54	1	0	0	0	0
2024-10-17 22:50:00	12.865175460869565	54.00548837826087	54	1	0	0	0	0
2024-10-17 22:50:10	12.877376425000001	53.974111087500006	54	1	0	0	0	0
2024-10-17 22:50:20	12.867603966666666	54.06794182666667	54	1	0	0	0	0
2024-10-17 22:50:30	12.897891685000001	53.96305385	54	1	0	0	0	0
2024-10-17 22:50:40	12.881891801960784	54.04678850784314	54	1	0	0	0	0
2024-10-17 22:50:50	12.885776572727272	53.97863571558442	54	1	0	0	0	0
2024-10-17 22:51:00	12.9004798	53.9310608	54	1	0	0	0	0
2024-10-17 22:51:10	12.955823482500001	53.681118995	54	1	0	0	0	0
2024-10-17 22:51:20	12.906211078431372	53.97203490196079	54	1	0	0	0	0
2024-10-17 22:51:30	12.889194887341773	54.064449620253164	54	1	0	0	0	0
2024-10-17 22:51:40	12.929387252941178	53.86372070588236	54	1	0	0	0	0
2024-10-17 22:51:50	12.940440833333334	53.86503346666667	54	1	0	0	0	0
2024-10-17 22:52:00	12.9331516	53.961153585245896	54	1	0	0	0	0
2024-10-17 22:52:10	12.916907955555555	54.03782145555555	54	1	0	0	0	0
2024-10-17 22:52:20	12.8965794	54.10627013913044	54	1	0	0	0	0
2024-10-17 22:52:30	12.902707415730337	54.02435417977528	54	1	0	0	0	0
2024-10-17 22:52:40	12.966114970588237	53.73504352941176	54	1	0	0	0	0
2024-10-17 22:52:50	12.919766229508197	54.00901844262295	54	1	0	0	0	0
2024-10-17 22:53:00	12.93756302	53.97808769	54	1	0	0	0	0
2024-10-17 22:53:10	12.977263943478262	53.85206227971015	54	1	0	0	0	0
2024-10-17 22:53:20	12.984922820000001	53.867482370000005	54	1	0	0	0	0
2024-10-17 22:53:30	12.940097659016393	54.106893477049184	54	1	0	0	0	0
2024-10-17 22:53:40	12.977470013043478	53.938432608695656	54	1	0	0	0	0
2024-10-17 22:53:50	13.004781523529413	53.836860649019606	54	1	0	0	0	0
2024-10-17 22:54:00	12.983662355932204	53.966286	54	1	0	0	0	0
2024-10-17 22:54:10	12.950108207317072	54.138057073170735	54	1	0	0	0	0
2024-10-17 22:54:20	12.951738665217391	54.114394052173914	54	1	0	0	0	0
2024-10-17 22:54:30	13.0360255125	53.69393496875	54	1	0	0	0	0
2024-10-17 22:54:40	13.030474685714285	53.78593931428571	54	1	0	0	0	0
2024-10-17 22:54:50	12.945300489610391	54.19307292467533	54	1	0	0	0	0
2024-10-17 22:55:00	12.967328261904763	54.02703881904762	54	1	0	0	0	0
2024-10-17 22:55:10	13.02664338	53.792324442857144	54	1	0	0	0	0
2024-10-17 22:55:20	12.975056032	54.101439016	54	1	0	0	0	0
2024-10-17 22:55:30	13.03099225	53.85813335	54	1	0	0	0	0
2024-10-17 22:55:40	13.007591523333334	53.98749248666666	54	1	0	0	0	0
2024-10-17 22:55:50	13.05950612835821	53.78003537313433	54	1	0	0	0	0
2024-10-17 22:56:00	13.044305361290323	53.908454516129034	54	1	0	0	0	0
2024-10-17 22:56:10	12.998534359259258	54.12380153580247	54	1	0	0	0	0
2024-10-17 22:56:20	13.023317579999999	53.98693249142857	54	1	0	0	0	0
2024-10-17 22:56:30	13.0375224	53.9326253164557	54	1	0	0	0	0
2024-10-17 22:56:40	13.021486723529412	54.0402362745098	54	1	0	0	0	0
2024-10-17 22:56:50	12.997119177142856	54.134345311428575	54	1	0	0	0	0
2024-10-17 22:57:00	13.015727111864406	53.98305259661017	54	1	0	0	0	0
2024-10-17 22:57:10	13.022820040000001	53.96969431333333	54	1	0	0	0	0
2024-10-17 22:57:20	13.039808107999999	53.96270218	54	1	0	0	0	0
2024-10-17 22:57:30	13.04606876	53.94782254	54	1	0	0	0	0
2024-10-17 22:57:40	13.036691322580644	54.02251332580645	54	1	0	0	0	0
2024-10-17 22:57:50	13.031955713043478	54.01371582608696	54	1	0	0	0	0
2024-10-17 22:58:00	13.041184103278688	53.92067944262295	54	1	0	0	0	0
2024-10-17 22:58:10	13.01122806	54.056442864000005	54	1	0	0	0	0
2024-10-17 22:58:20	12.985294507142857	54.1275289	54	1	0	0	0	0
2024-10-17 22:58:30	13.005109155555555	54.005149	54	1	0	0	0	0
2024-10-17 22:58:40	13.019524765217392	53.98187642028986	54	1	0	0	0	0
2024-10-17 22:58:50	13.017227798305084	53.973342372881355	54	1	0	0	0	0
2024-10-17 22:59:00	13.037667313333333	53.89641228666667	54	1	0	0	0	0
2024-10-17 22:59:10	13.020036713114754	54.02222466065574	54	1	0	0	0	0
2024-10-17 22:59:20	13.027846085714286	53.9923205	54	1	0	0	0	0
2024-10-17 22:59:30	13.02474189322034	53.99491586610169	54	1	0	0	0	0
2024-10-17 22:59:40	12.98823515443038	54.13231329113924	54	1	0	0	0	0
2024-10-17 22:59:50	13.009678442857142	53.959403571428574	54	1	0	0	0	0
2024-10-17 23:00:00	12.990097	54.0975	54	1	0	0	0	0
2024-10-17 23:00:10	12.975489116	54.171293304	54	1	0	0	0	0
2024-10-17 23:00:20	12.989526888135593	54.04712379830509	54	1	0	0	0	0
2024-10-17 23:00:30	13.027230966197184	53.88400637183099	54	1	0	0	0	0
2024-10-17 23:00:40	13.07000933114754	53.75481691803279	54	1	0	0	0	0
2024-10-17 23:00:50	13.0354508	53.98778145822784	54	1	0	0	0	0
2024-10-17 23:01:00	13.060573853333334	53.919532053333334	54	1	0	0	0	0
2024-10-17 23:01:10	13.066186666666667	53.95859774666667	54	1	0	0	0	0
2024-10-17 23:01:20	13.03934752195122	54.101575731707314	54	1	0	0	0	0
2024-10-17 23:01:30	13.117573672727273	53.76874533939394	54	1	0	0	0	0
2024-10-17 23:01:40	13.068347260655738	54.032582047540984	54	1	0	0	0	0
2024-10-17 23:01:50	13.06541897341772	53.99912458860759	54	1	0	0	0	0
2024-10-17 23:02:00	13.0922995375	53.87035625	54	1	0	0	0	0
2024-10-17 23:02:10	13.01419651509434	54.23524268679245	54	1	0	0	0	0
2024-10-17 23:02:20	13.063099076	53.9483776	54	1	0	0	0	0
2024-10-17 23:02:30	13.082330729577464	53.882826866197185	54	1	0	0	0	0
2024-10-17 23:02:40	13.04981252	54.06041184	54	1	0	0	0	0
2024-10-17 23:02:50	13.05427469142857	54.03709813142857	54	1	0	0	0	0
2024-10-17 23:03:00	13.090381185714286	53.8915046	54	1	0	0	0	0
2024-10-17 23:03:10	13.200437173333333	53.43284856	54	1	0	0	0	0
2024-10-17 23:03:20	13.069611971428571	54.158005721428566	54	1	0	0	0	0
2024-10-17 23:03:30	13.003676633802817	54.36969967605634	54	1	0	0	0	0
2024-10-17 23:03:40	12.98795926857143	54.344899337142856	54	1	0	0	0	0
2024-10-17 23:03:50	12.944399882278482	54.42063835443038	54	1	0	0	0	0
2024-10-17 23:04:00	12.94525715	54.29974895	54	1	0	0	0	0
2024-10-17 23:04:10	12.903654172131146	54.3682584557377	54	1	0	0	0	0
2024-10-17 23:04:20	12.924259978571428	54.16607988571428	54	1	0	0	0	0
2024-10-17 23:04:30	12.942285505882353	54.061080952941175	54	1	0	0	0	0
2024-10-17 23:04:40	12.922703296721311	54.13026543606558	54	1	0	0	0	0
2024-10-17 23:04:50	12.951344801265822	53.962300288607594	54	1	0	0	0	0
2024-10-17 23:05:00	12.92060720625	54.098316787499996	54	1	0	0	0	0
2024-10-17 23:05:10	12.911764911764706	54.08205726470588	54	1	0	0	0	0
2024-10-17 23:05:20	12.880480228571429	54.20745857142857	54	1	0	0	0	0
2024-10-17 23:05:30	12.86907664117647	54.19360941176471	54	1	0	0	0	0
2024-10-17 23:05:40	12.899890914285713	54.03465432857143	54	1	0	0	0	0
2024-10-17 23:05:50	12.905712282022472	53.96975796853933	54	1	0	0	0	0
2024-10-17 23:06:00	12.905508519718309	53.99368970140845	54	1	0	0	0	0
2024-10-17 23:06:10	12.96759196	53.724769165714285	54	1	0	0	0	0
2024-10-17 23:06:20	12.905872732	54.066044028	54	1	0	0	0	0
2024-10-17 23:06:30	12.901729271014492	54.045510514492754	54	1	0	0	0	0
2024-10-17 23:06:40	12.89991385882353	54.05629780980392	54	1	0	0	0	0
2024-10-17 23:06:50	12.878201944303798	54.109001368354434	54	1	0	0	0	0
2024-10-17 23:07:00	12.88149530625	54.0484229	54	1	0	0	0	0
2024-10-17 23:07:10	12.8540964	54.116935749999996	54	1	0	0	0	0
2024-10-17 23:07:20	12.835768285365853	54.14692975609756	54	1	0	0	0	0
2024-10-17 23:07:30	12.887730098360656	53.9168388	54	1	0	0	0	0
2024-10-17 23:07:40	12.875261384	53.9629076	54	1	0	0	0	0
2024-10-17 23:07:50	12.919620495505619	53.81219041123595	54	1	0	0	0	0
2024-10-17 23:08:00	12.93962976	53.77334888	54	1	0	0	0	0
2024-10-17 23:08:10	12.88742154	54.072878096	54	1	0	0	0	0
2024-10-17 23:08:20	12.860391803999999	54.17319612	54	1	0	0	0	0
2024-10-17 23:08:30	12.875019401960783	54.062059835294114	54	1	0	0	0	0
2024-10-17 23:08:40	12.878276971428571	54.04034307142857	54	1	0	0	0	0
2024-10-17 23:08:50	12.869546176811594	54.077930644927534	54	1	0	0	0	0
2024-10-17 23:09:00	12.876934437500001	54.01500179375	54	1	0	0	0	0
2024-10-17 23:09:10	12.93014721875	53.77895665625	54	1	0	0	0	0
2024-10-17 23:09:20	12.95819473448276	53.74169683103448	54	1	0	0	0	0
2024-10-17 23:09:30	12.909825354545454	54.040313545454545	54	1	0	0	0	0
2024-10-17 23:09:40	12.912865244	53.982127024	54	1	0	0	0	0
2024-10-17 23:09:50	12.925469696666667	53.92687716333334	54	1	0	0	0	0
2024-10-17 23:10:00	12.961849411392405	53.8072972	54	1	0	0	0	0
2024-10-17 23:10:10	12.923119588888888	54.025780197530864	54	1	0	0	0	0
2024-10-17 23:10:20	12.94739806	53.89716358857143	54	1	0	0	0	0
2024-10-17 23:10:30	12.999891410169491	53.71618627118644	54	1	0	0	0	0
2024-10-17 23:10:40	13.015135284	53.757199468	54	1	0	0	0	0
2024-10-17 23:10:50	12.989681865573772	53.94008801639344	54	1	0	0	0	0
2024-10-17 23:11:00	12.983224314285714	53.97645266428571	54	1	0	0	0	0
2024-10-17 23:11:10	12.992143228571429	53.941065092857144	54	1	0	0	0	0
2024-10-17 23:11:20	12.991527835294116	53.97713874117647	54	1	0	0	0	0
2024-10-17 23:11:30	12.947301024	54.16505112	54	1	0	0	0	0
2024-10-17 23:11:40	12.955394940983608	54.0487313442623	54	1	0	0	0	0
2024-10-17 23:11:50	12.9621811	54.02749714285714	54	1	0	0	0	0
2024-10-17 23:12:00	13.007802	53.830127950000005	54	1	0	0	0	0
2024-10-17 23:12:10	13.017258199999999	53.83356853777778	54	1	0	0	0	0
2024-10-17 23:12:20	12.977034066666667	54.09725458405797	54	1	0	0	0	0
2024-10-17 23:12:30	12.974921233333333	54.063772199999995	54	1	0	0	0	0
2024-10-17 23:12:40	13.001138459615385	53.96131002884615	54	1	0	0	0	0
2024-10-17 23:12:50	13.01826922173913	53.88316806666666	54	1	0	0	0	0
2024-10-17 23:13:00	13.0308942	53.82452328888889	54	1	0	0	0	0
2024-10-17 23:13:10	13.012785	53.94351904	54	1	0	0	0	0
2024-10-17 23:13:20	13.060142081355933	53.737783262711865	54	1	0	0	0	0
2024-10-17 23:13:30	13.066443128813559	53.80439047288136	54	1	0	0	0	0
2024-10-17 23:13:40	12.971381035714286	54.27226962142857	54	1	0	0	0	0
2024-10-17 23:13:50	13.001441078688526	54.04765631967213	54	1	0	0	0	0
2024-10-17 23:14:00	13.026406001265823	53.919072784810126	54	1	0	0	0	0
2024-10-17 23:14:10	13.013494128571429	54.00544714285714	54	1	0	0	0	0
2024-10-17 23:14:20	12.980517011392404	54.15946785316456	54	1	0	0	0	0
2024-10-17 23:14:30	12.9966929125	54.0130977875	54	1	0	0	0	0
2024-10-17 23:14:40	12.99270618235294	54.02868358235294	54	1	0	0	0	0
2024-10-17 23:14:50	12.978121940000001	54.12543944666667	54	1	0	0	0	0
2024-10-17 23:15:00	12.96272864	54.186352551999995	54	1	0	0	0	0
2024-10-17 23:15:10	12.957802392771084	54.118655438554214	54	1	0	0	0	0
2024-10-17 23:15:20	13.00809935	53.851646638709674	54	1	0	0	0	0
2024-10-17 23:15:30	12.965317173333334	54.066199590000004	54	1	0	0	0	0
2024-10-17 23:15:40	12.971250576470588	54.003978888235295	54	1	0	0	0	0
2024-10-17 23:15:50	12.965665640000001	54.02745936	54	1	0	0	0	0
2024-10-17 23:16:00	12.95523656	54.064315576	54	1	0	0	0	0
2024-10-17 23:16:10	12.897877853333334	54.270643793333335	54	1	0	0	0	0
2024-10-17 23:16:20	12.868059471999999	54.312788464	54	1	0	0	0	0
2024-10-17 23:16:30	12.897108615	54.04336646	54	1	0	0	0	0
2024-10-17 23:16:40	12.85325422	54.193441308	54	1	0	0	0	0
2024-10-17 23:16:50	12.83257516	54.19049804285714	54	1	0	0	0	0
2024-10-17 23:17:00	12.8515911	54.0556221	54	1	0	0	0	0
2024-10-17 23:17:10	12.889260047252748	53.91254897802198	54	1	0	0	0	0
2024-10-17 23:17:20	12.83933024489796	54.14862886122449	54	1	0	0	0	0
2024-10-17 23:17:30	12.833188625352111	54.132213309859154	54	1	0	0	0	0
2024-10-17 23:17:40	12.846949246666666	54.03147612	54	1	0	0	0	0
2024-10-17 23:17:50	12.82527254	54.117100539999996	54	1	0	0	0	0
2024-10-17 23:18:00	12.82911148	54.03742216571429	54	1	0	0	0	0
2024-10-17 23:18:10	12.847601661797754	53.90469752808988	54	1	0	0	0	0
2024-10-17 23:18:20	12.848511569512196	53.94481766463415	54	1	0	0	0	0
2024-10-17 23:18:30	12.85234153846154	53.98203773717948	54	1	0	0	0	0
2024-10-17 23:18:40	12.814692670588235	54.11491122352941	54	1	0	0	0	0
2024-10-17 23:18:50	12.863130173770491	53.876421580327865	54	1	0	0	0	0
2024-10-17 23:19:00	12.820340878688524	54.13344521967213	54	1	0	0	0	0
2024-10-17 23:19:10	12.781847947222223	54.21166389305556	54	1	0	0	0	0
2024-10-17 23:19:20	12.811789615384615	54.005101426923076	54	1	0	0	0	0
2024-10-17 23:19:30	12.82169466	53.99808828	54	1	0	0	0	0
2024-10-17 23:19:40	12.789622532	54.139384768	54	1	0	0	0	0
2024-10-17 23:19:50	12.803911679999999	54.02133617142857	54	1	0	0	0	0
2024-10-17 23:20:00	12.83116934	53.91355055	54	1	0	0	0	0
2024-10-17 23:20:10	12.79115298	54.116069040000006	54	1	0	0	0	0
2024-10-17 23:20:20	12.763734166666667	54.17107933333333	54	1	0	0	0	0
2024-10-17 23:20:30	12.81865423125	53.867231637500005	54	1	0	0	0	0
2024-10-17 23:20:40	12.797963122950819	54.01999600819672	54	1	0	0	0	0
2024-10-17 23:20:50	12.797880236	54.044583280000005	54	1	0	0	0	0
2024-10-17 23:21:00	12.796987011764706	54.05149198431372	54	1	0	0	0	0
2024-10-17 23:21:10	12.875492347826087	53.685284343478266	54	1	0	0	0	0
2024-10-17 23:21:20	12.830813488135593	53.98098950677966	54	1	0	0	0	0
2024-10-17 23:21:30	12.842223966666667	53.931611966666665	54	1	0	0	0	0
2024-10-17 23:21:40	12.87330623220339	53.81790509661017	54	1	0	0	0	0
2024-10-17 23:21:50	12.8796409	53.83404253	54	1	0	0	0	0
2024-10-17 23:22:00	12.862313484745762	53.95998706440678	54	1	0	0	0	0
2024-10-17 23:22:10	12.87502441372549	53.907915662745104	54	1	0	0	0	0
2024-10-17 23:22:20	12.861761033333334	54.00985585797101	54	1	0	0	0	0
2024-10-17 23:22:30	12.838759875000001	54.12952235	54	1	0	0	0	0
2024-10-17 23:22:40	12.828388477777779	54.10869303888889	54	1	0	0	0	0
2024-10-17 23:22:50	12.81867774	54.05413232	54	1	0	0	0	0
2024-10-17 23:23:00	12.801935158823529	54.09353403921569	54	1	0	0	0	0
2024-10-17 23:23:10	12.76519363442623	54.2251891704918	54	1	0	0	0	0
2024-10-17 23:23:20	12.75652887457627	54.1754037220339	54	1	0	0	0	0
2024-10-17 23:23:30	12.765281225	54.084763725	54	1	0	0	0	0
2024-10-17 23:23:40	12.764370511267606	54.07255549295775	54	1	0	0	0	0
2024-10-17 23:23:50	12.724473988	54.213388720000005	54	1	0	0	0	0
2024-10-17 23:24:00	12.74939028	54.04163112	54	1	0	0	0	0
2024-10-17 23:24:10	12.705200635211268	54.185517174647885	54	1	0	0	0	0
2024-10-17 23:24:20	12.680738550000001	54.21302245	54	1	0	0	0	0
2024-10-17 23:24:30	12.66410846	54.189074775555554	54	1	0	0	0	0
2024-10-17 23:24:40	12.67799346521739	54.08460072463768	54	1	0	0	0	0
2024-10-17 23:24:50	12.695899219672132	53.96401992622951	54	1	0	0	0	0
2024-10-17 23:25:00	12.67592616	54.071910088	54	1	0	0	0	0
2024-10-17 23:25:10	12.697724748571428	53.95782189142857	54	1	0	0	0	0
2024-10-17 23:25:20	12.735320253061225	53.80665017959184	54	1	0	0	0	0
2024-10-17 23:25:30	12.7047394	53.9627724	54	1	0	0	0	0
2024-10-17 23:25:40	12.690849862857144	54.03180030857143	54	1	0	0	0	0
2024-10-17 23:25:50	12.629574582857142	54.28330865142857	54	1	0	0	0	0
2024-10-17 23:26:00	12.652126296774194	54.12631830322581	54	1	0	0	0	0
2024-10-17 23:26:10	12.672152129411764	54.04037025882353	54	1	0	0	0	0
2024-10-17 23:26:20	12.63429238235294	54.183099788235296	54	1	0	0	0	0
2024-10-17 23:26:30	12.652076302857143	54.01121775428572	54	1	0	0	0	0
2024-10-17 23:26:40	12.654216637254903	54.01302333333334	54	1	0	0	0	0
2024-10-17 23:26:50	12.63365429710145	54.122227898550726	54	1	0	0	0	0
2024-10-17 23:27:00	12.646986740000001	54.0196411	54	1	0	0	0	0
2024-10-17 23:27:10	12.620176263380282	54.10368544366197	54	1	0	0	0	0
2024-10-17 23:27:20	12.64024988292683	53.96621485853659	54	1	0	0	0	0
2024-10-17 23:27:30	12.595482811267605	54.13604963380282	54	1	0	0	0	0
2024-10-17 23:27:40	12.567921815714286	54.14429486142857	54	1	0	0	0	0
2024-10-17 23:27:50	12.545980614285714	54.214101289999995	54	1	0	0	0	0
2024-10-17 23:28:00	12.597260180392157	53.929707372549025	54	1	0	0	0	0
2024-10-17 23:28:10	12.564917495	54.106365833333335	54	1	0	0	0	0
2024-10-17 23:28:20	12.590138774	53.980424386	54	1	0	0	0	0
2024-10-17 23:28:30	12.60055472622951	53.9528542295082	54	1	0	0	0	0
2024-10-17 23:28:40	12.585925265517242	54.02842438620689	54	1	0	0	0	0
2024-10-17 23:28:50	12.562883823750001	54.0864983775	54	1	0	0	0	0
2024-10-17 23:29:00	12.5746648075	54.0096471475	54	1	0	0	0	0
2024-10-17 23:29:10	12.533044161666666	54.192779191666666	54	1	0	0	0	0
2024-10-17 23:29:20	12.536927826190476	54.11379275	54	1	0	0	0	0
2024-10-17 23:29:30	12.557376629411765	54.02034039803922	54	1	0	0	0	0
2024-10-17 23:29:40	12.57227542	53.99617836428571	54	1	0	0	0	0
2024-10-17 23:29:50	12.582880365555555	53.96035235333333	54	1	0	0	0	0
2024-10-17 23:30:00	12.636342055696202	53.76194243037975	54	1	0	0	0	0
2024-10-17 23:30:10	12.638896676923077	53.83409061538462	54	1	0	0	0	0
2024-10-17 23:30:20	12.592513596	54.06063392	54	1	0	0	0	0
2024-10-17 23:30:30	12.623175468571429	53.90699449428571	54	1	0	0	0	0
2024-10-17 23:30:40	12.61431982463768	53.94139073043478	54	1	0	0	0	0
2024-10-17 23:30:50	12.6039628875	53.995765825	54	1	0	0	0	0
2024-10-17 23:31:00	12.626722749999999	53.925894166666666	54	1	0	0	0	0
2024-10-17 23:31:10	12.616854682857143	53.98195885714286	54	1	0	0	0	0
2024-10-17 23:31:20	12.63726310487805	53.91399365853658	54	1	0	0	0	0
2024-10-17 23:31:30	12.65155674509804	53.87563568627451	54	1	0	0	0	0
2024-10-17 23:31:40	12.648441657142858	53.90899157142857	54	1	0	0	0	0
2024-10-17 23:31:50	12.6223946	54.01267634285714	54	1	0	0	0	0
2024-10-17 23:32:00	12.679906525925926	53.76956750864198	54	1	0	0	0	0
2024-10-17 23:32:10	12.653662322857143	53.95733787714286	54	1	0	0	0	0
2024-10-17 23:32:20	12.663510134	53.936522918	54	1	0	0	0	0
2024-10-17 23:32:30	12.641979426582278	54.03438085189873	54	1	0	0	0	0
2024-10-17 23:32:40	12.692416123529412	53.799305915686276	54	1	0	0	0	0
2024-10-17 23:32:50	12.721526218000001	53.751454666	54	1	0	0	0	0
2024-10-17 23:33:00	12.712468765	53.90091683	54	1	0	0	0	0
2024-10-17 23:33:10	12.720349461249999	53.90873596875	54	1	0	0	0	0
2024-10-17 23:33:20	12.65950858367347	54.194035269387754	54	1	0	0	0	0
2024-10-17 23:33:30	12.710108063414634	53.927048963414634	54	1	0	0	0	0
2024-10-17 23:33:40	12.68515992	54.050520585	54	1	0	0	0	0
2024-10-17 23:33:50	12.678206342222222	54.07246876888889	54	1	0	0	0	0
2024-10-17 23:34:00	12.73687600125	53.82957561125	54	1	0	0	0	0
2024-10-17 23:34:10	12.770371012658227	53.74292616455696	54	1	0	0	0	0
2024-10-17 23:34:20	12.724283333333334	54.062102083333336	54	1	0	0	0	0
2024-10-17 23:34:30	12.774751959016394	53.85628366229508	54	1	0	0	0	0
2024-10-17 23:34:40	12.818760371428572	53.686939061224486	54	1	0	0	0	0
2024-10-17 23:34:50	12.844214785	53.6806096675	54	1	0	0	0	0
2024-10-17 23:35:00	12.844214785	53.6806096675	54	1	0	0	0	0
2024-10-17 23:35:10	12.793621284507044	54.01318956056338	54	1	0	0	0	0
2024-10-17 23:35:20	12.842917670731707	53.79309658536585	54	1	0	0	0	0
2024-10-17 23:35:30	12.842917670731707	53.79309658536585	54	1	0	0	0	0
2024-10-17 23:35:40	12.78853504	54.13921928	54	1	0	0	0	0
2024-10-17 23:35:50	12.780910075714285	54.10509296285714	54	1	0	0	0	0
2024-10-17 23:36:00	12.777482053750001	54.036623095	54	1	0	0	0	0
2024-10-17 23:36:10	12.7829981	54.0247269	54	1	0	0	0	0
2024-10-17 23:36:20	12.768501109803923	54.109328431372546	54	1	0	0	0	0
2024-10-17 23:36:30	12.779879532857144	54.01168731142857	54	1	0	0	0	0
2024-10-17 23:36:40	12.772006395	54.045975250000005	54	1	0	0	0	0
2024-10-17 23:36:50	12.847560060000001	53.718153918	54	1	0	0	0	0
2024-10-17 23:37:00	12.8257074	53.9076042	54	1	0	0	0	0
2024-10-17 23:37:10	12.810717747887324	54.03093593802817	54	1	0	0	0	0
2024-10-17 23:37:20	12.80614042542373	54.052268376271186	54	1	0	0	0	0
2024-10-17 23:37:30	12.753025174509803	54.29382036862745	54	1	0	0	0	0
2024-10-17 23:37:40	12.815416273770492	53.95644973442623	54	1	0	0	0	0
2024-10-17 23:37:50	12.78977043768116	54.092535295652176	54	1	0	0	0	0
2024-10-17 23:38:00	12.773911127868852	54.12615815737705	54	1	0	0	0	0
2024-10-17 23:38:10	12.76138335	54.126242425	54	1	0	0	0	0
2024-10-17 23:38:20	12.78936145443038	53.95935901012658	54	1	0	0	0	0
2024-10-17 23:38:30	12.782756030434783	54.006325134782614	54	1	0	0	0	0
2024-10-17 23:38:40	12.761144309836066	54.08496843770492	54	1	0	0	0	0
2024-10-17 23:38:50	12.755312181999999	54.058438608	54	1	0	0	0	0
2024-10-17 23:39:00	12.789760602500001	53.89703199	54	1	0	0	0	0
2024-10-17 23:39:10	12.757985776056339	54.089991830985916	54	1	0	0	0	0
2024-10-17 23:39:20	12.796510791304348	53.90794739130435	54	1	0	0	0	0
2024-10-17 23:39:30	12.781202938	54.011515838	54	1	0	0	0	0
2024-10-17 23:39:40	12.831571891836735	53.794755440816324	54	1	0	0	0	0
2024-10-17 23:39:50	12.85623141764706	53.75361852941176	54	1	0	0	0	0
2024-10-17 23:40:00	12.792802340983606	54.11463057377049	54	1	0	0	0	0
2024-10-17 23:40:10	12.8370116	53.888791625	54	1	0	0	0	0
2024-10-17 23:40:20	12.804850832786885	54.03780495081968	54	1	0	0	0	0
2024-10-17 23:40:30	12.807860684090908	53.99244579545454	54	1	0	0	0	0
2024-10-17 23:40:40	12.796631170491803	54.02486719672131	54	1	0	0	0	0
2024-10-17 23:40:50	12.779063725	54.067162582692305	54	1	0	0	0	0
2024-10-17 23:41:00	12.762950267647058	54.08089712352941	54	1	0	0	0	0
2024-10-17 23:41:10	12.754560932394366	54.08764845070422	54	1	0	0	0	0
2024-10-17 23:41:20	12.71277	54.26931	54	1	0	0	0	0
2024-10-17 23:41:30	12.749175366666666	54.000411533333335	54	1	0	0	0	0
2024-10-17 23:41:40	12.731243153521127	54.08384690140845	54	1	0	0	0	0
2024-10-17 23:41:50	12.774132776923077	53.906444615384615	54	1	0	0	0	0
2024-10-17 23:42:00	12.821171356666666	53.781883830000005	54	1	0	0	0	0
2024-10-17 23:42:10	12.7768545	54.0309219	54	1	0	0	0	0
2024-10-17 23:42:20	12.826093685	53.842909596666665	54	1	0	0	0	0
2024-10-17 23:42:30	12.84507388181818	53.81690732840909	54	1	0	0	0	0
2024-10-17 23:42:40	12.8698092	53.75995	54	1	0	0	0	0
2024-10-17 23:42:50	12.818881958	54.025310276	54	1	0	0	0	0
2024-10-17 23:43:00	12.84658625	53.907999000000004	54	1	0	0	0	0
2024-10-17 23:43:10	12.869709	53.84552	54	1	0	0	0	0
2024-10-17 23:43:20	12.860174688	53.936926872	54	1	0	0	0	0
2024-10-17 23:43:30	12.8847191278481	53.88538620253165	54	1	0	0	0	0
2024-10-17 23:43:40	12.88504475915493	53.942139126760566	54	1	0	0	0	0
2024-10-17 23:43:50	12.889665362962964	53.93698135555555	54	1	0	0	0	0
2024-10-17 23:44:00	12.89741494	53.94535886	54	1	0	0	0	0
2024-10-17 23:44:10	12.867665136666666	54.07067388888889	54	1	0	0	0	0
2024-10-17 23:44:20	12.873202304347826	54.041768221739126	54	1	0	0	0	0
2024-10-17 23:44:30	12.90317125	53.87911353333334	54	1	0	0	0	0
2024-10-17 23:44:40	12.958120698039217	53.72053439803921	54	1	0	0	0	0
2024-10-17 23:44:50	12.955975994444445	53.84863844583333	54	1	0	0	0	0
2024-10-17 23:45:00	12.961032115	53.95458698	54	1	0	0	0	0
2024-10-17 23:45:10	12.923044337735849	54.13168660377358	54	1	0	0	0	0
2024-10-17 23:45:20	12.986303740983606	53.81899692786885	54	1	0	0	0	0
2024-10-17 23:45:30	12.924210985714286	54.129252314285715	54	1	0	0	0	0
2024-10-17 23:45:40	12.950054480246912	53.97827385925926	54	1	0	0	0	0
2024-10-17 23:45:50	12.92794022857143	54.04514581190476	54	1	0	0	0	0
2024-10-17 23:46:00	12.92793322	54.063283424	54	1	0	0	0	0
2024-10-17 23:46:10	12.951089465573771	53.98027883278688	54	1	0	0	0	0
2024-10-17 23:46:20	12.979623244155844	53.87257276363636	54	1	0	0	0	0
2024-10-17 23:46:30	12.974178776404493	53.930048786516856	54	1	0	0	0	0
2024-10-17 23:46:40	12.949747069014084	54.033797915492954	54	1	0	0	0	0
2024-10-17 23:46:50	12.926635184285713	54.113553857142854	54	1	0	0	0	0
2024-10-17 23:47:00	12.9438181	54.0172	54	1	0	0	0	0
2024-10-17 23:47:10	12.9216375	54.09803	54	1	0	0	0	0
2024-10-17 23:47:20	12.87221722173913	54.28355086956522	54	1	0	0	0	0
2024-10-17 23:47:30	12.885014810126583	54.13037611392405	54	1	0	0	0	0
2024-10-17 23:47:40	12.899961971830987	53.992855	54	1	0	0	0	0
2024-10-17 23:47:50	12.884081776811595	54.07071018985507	54	1	0	0	0	0
2024-10-17 23:48:00	12.865167174647887	54.112800012676054	54	1	0	0	0	0
2024-10-17 23:48:10	12.859139984	54.101318674	54	1	0	0	0	0
2024-10-17 23:48:20	12.8791663	53.97261566666666	54	1	0	0	0	0
2024-10-17 23:48:30	12.86304006056338	54.01573598591549	54	1	0	0	0	0
2024-10-17 23:48:40	12.83904860967742	54.085577196774196	54	1	0	0	0	0
2024-10-17 23:48:50	12.805860865	54.199677075	54	1	0	0	0	0
2024-10-17 23:49:00	12.794327538000001	54.186272498	54	1	0	0	0	0
2024-10-17 23:49:10	12.817409547142859	54.02482458	54	1	0	0	0	0
2024-10-17 23:49:20	12.795778788095237	54.09717647380952	54	1	0	0	0	0
2024-10-17 23:49:30	12.818669020689656	53.96586517241379	54	1	0	0	0	0
2024-10-17 23:49:40	12.848975713114754	53.83337307704918	54	1	0	0	0	0
2024-10-17 23:49:50	12.77740785	54.16992071	54	1	0	0	0	0
2024-10-17 23:50:00	12.79390326	54.057312514	54	1	0	0	0	0
2024-10-17 23:50:10	12.805156898333333	53.985049984999996	54	1	0	0	0	0
2024-10-17 23:50:20	12.793777808	54.053853036	54	1	0	0	0	0
2024-10-17 23:50:30	12.802862786666667	54.00949898777778	54	1	0	0	0	0
2024-10-17 23:50:40	12.812931573913044	54.00506573043478	54	1	0	0	0	0
2024-10-17 23:50:50	12.803411822535212	54.029448628169014	54	1	0	0	0	0
2024-10-17 23:51:00	12.829279726	53.876951401999996	54	1	0	0	0	0
2024-10-17 23:51:10	12.766937483333333	54.212781575	54	1	0	0	0	0
2024-10-17 23:51:20	12.816762	53.9354324	54	1	0	0	0	0
2024-10-17 23:51:30	12.8212297278481	53.933386006329116	54	1	0	0	0	0
2024-10-17 23:51:40	12.765631832786886	54.1668019590164	54	1	0	0	0	0
2024-10-17 23:51:50	12.78424910989011	54.01222495054945	54	1	0	0	0	0
2024-10-17 23:52:00	12.784694470588235	54.0017366372549	54	1	0	0	0	0
2024-10-17 23:52:10	12.789834783749999	53.97654276125	54	1	0	0	0	0
2024-10-17 23:52:20	12.771263220408164	54.110484489795915	54	1	0	0	0	0
2024-10-17 23:52:30	12.763507059322034	54.11201555932203	54	1	0	0	0	0
2024-10-17 23:52:40	12.799361450617285	53.92541932098765	54	1	0	0	0	0
2024-10-17 23:52:50	12.774497935897436	54.04046074871795	54	1	0	0	0	0
2024-10-17 23:53:00	12.7483225	54.133403175	54	1	0	0	0	0
2024-10-17 23:53:10	12.756064215	54.058079920000004	54	1	0	0	0	0
2024-10-17 23:53:20	12.772352960000001	53.97558346	54	1	0	0	0	0
2024-10-17 23:53:30	12.731591958823529	54.128706717647056	54	1	0	0	0	0
2024-10-17 23:53:40	12.79079250869565	53.82914627536231	54	1	0	0	0	0
2024-10-17 23:53:50	12.77013708625	53.990469625	54	1	0	0	0	0
2024-10-17 23:54:00	12.794159412658228	53.86492195189874	54	1	0	0	0	0
2024-10-17 23:54:10	12.778338413043478	53.968475652173915	54	1	0	0	0	0
2024-10-17 23:54:20	12.809302633333333	53.8421114	54	1	0	0	0	0
2024-10-17 23:54:30	12.855595803921569	53.687792	54	1	0	0	0	0
2024-10-17 23:54:40	12.877948567142857	53.68060139285714	54	1	0	0	0	0
2024-10-17 23:54:50	12.86160312625	53.8345505	54	1	0	0	0	0
2024-10-17 23:55:00	12.897423565714286	53.699881635714284	54	1	0	0	0	0
2024-10-17 23:55:10	12.852347329411765	53.97120775882353	54	1	0	0	0	0
2024-10-17 23:55:20	12.8524986	53.964706400000004	54	1	0	0	0	0
2024-10-17 23:55:30	12.828442818032787	54.08716115409836	54	1	0	0	0	0
2024-10-17 23:55:40	12.796318446	54.188159332	54	1	0	0	0	0
2024-10-17 23:55:50	12.85468809	53.894456000000005	54	1	0	0	0	0
2024-10-17 23:56:00	12.87587074125	53.830103924999996	54	1	0	0	0	0
2024-10-17 23:56:10	12.87039152222222	53.913866355555555	54	1	0	0	0	0
2024-10-17 23:56:20	12.89314834117647	53.84273665294118	54	1	0	0	0	0
2024-10-17 23:56:30	12.903874305882352	53.83166851764706	54	1	0	0	0	0
2024-10-17 23:56:40	12.889241396	53.9485424	54	1	0	0	0	0
2024-10-17 23:56:50	12.867022083750001	54.06872522625	54	1	0	0	0	0
2024-10-17 23:57:00	12.887332940579709	54.005589263768115	54	1	0	0	0	0
2024-10-17 23:57:10	12.876800581012658	54.032740622784814	54	1	0	0	0	0
2024-10-17 23:57:20	12.841200091666666	54.191732585416666	54	1	0	0	0	0
2024-10-17 23:57:30	12.875877429268293	53.95665522195122	54	1	0	0	0	0
2024-10-17 23:57:40	12.889007725999999	53.894886918	54	1	0	0	0	0
2024-10-17 23:57:50	12.876467357971014	53.982426733333334	54	1	0	0	0	0
2024-10-17 23:58:00	12.823381578688524	54.208020613114755	54	1	0	0	0	0
2024-10-17 23:58:10	12.839770756666667	54.07016476555556	54	1	0	0	0	0
2024-10-17 23:58:20	12.846209569565216	54.01992753333333	54	1	0	0	0	0
2024-10-17 23:58:30	12.83005370327869	54.05004211967213	54	1	0	0	0	0
2024-10-17 23:58:40	12.815217409999999	54.102646	54	1	0	0	0	0
2024-10-17 23:58:50	12.826257588235293	54.05754088235294	54	1	0	0	0	0
2024-10-17 23:59:00	12.844130873333334	53.954972766666664	54	1	0	0	0	0
2024-10-17 23:59:10	12.85044478	53.94815342	54	1	0	0	0	0
2024-10-17 23:59:20	12.8525326942029	53.97715945942029	54	1	0	0	0	0
2024-10-17 23:59:30	12.8482418	54.00473	54	1	0	0	0	0
2024-10-17 23:59:40	12.8194108	54.12167597333333	54	1	0	0	0	0
2024-10-17 23:59:50	12.833802023188404	53.99512086956522	54	1	0	0	0	0
2024-10-18 00:00:00	12.84369332857143	53.97041864285715	54	1	0	0	0	0
