PROCESSDATA	2111FIC51001 Data	yyyy-MM-dd HH:mm:ss
8	10	2024-06-09 21:55:00	751
tagname	2111FIC51001.MV	2111FIC51001.PV	2111FIC51001.SV	2111FIC51001.MODE	bOpOFL	bPvOFL	bSpOFL	bAutOFL
desc	E521A壳程入口管_OP	E521A壳程入口管_PV	E521A壳程入口管_SP	Aut	bOpOFL	bPvOFL	bSpOFL	bAutOFL
fsMax=5.760349348064924	fsMin=0	fsGridNum=10	fdMax=5.760349348064924tfdMin=0	fdGridNum=10	v0GridNum=10	L=24
2024-06-09 21:55:00	68.06040878	387.8800008	391.3037733	1	0	0	0	0
2024-06-09 21:55:10	67.58038393	396.9505544	392.372742	1	0	0	0	0
2024-06-09 21:55:20	67.9189206	390.283516	392.5724263	1	0	0	0	0
2024-06-09 21:55:30	67.94855776	392.7712405	393.5832212	1	0	0	0	0
2024-06-09 21:55:40	67.65004848	395.2944049	392.3214	1	0	0	0	0
2024-06-09 21:55:50	67.68257755	392.7390936	391.659515	1	0	0	0	0
2024-06-09 21:56:00	68.2348952	386.3041795	392.3562826	1	0	0	0	0
2024-06-09 21:56:10	67.79324398	394.9570364	392.7204762	1	0	0	0	0
2024-06-09 21:56:20	67.63234476	394.833026	392.012268	1	0	0	0	0
2024-06-09 21:56:30	68.32424035	386.2422594	392.2589167	1	0	0	0	0
2024-06-09 21:56:40	67.94940591	393.0352862	391.6261932	1	0	0	0	0
2024-06-09 21:56:50	67.7901102	393.776632	391.569224	1	0	0	0	0
2024-06-09 21:57:00	68.29159244	388.1535201	392.6365	1	0	0	0	0
2024-06-09 21:57:10	67.84469164	395.5058391	392.7596	1	0	0	0	0
2024-06-09 21:57:20	67.83583197	392.714316	391.442329	1	0	0	0	0
2024-06-09 21:57:30	68.20139043	389.9315147	392.7007495	1	0	0	0	0
2024-06-09 21:57:40	67.78380756	396.5772816	393.181641	1	0	0	0	0
2024-06-09 21:57:50	67.9457192	391.0960322	392.192078	1	0	0	0	0
2024-06-09 21:58:00	68.18265325	390.0529475	392.405602	1	0	0	0	0
2024-06-09 21:58:10	67.7462254	396.3744424	392.558102	1	0	0	0	0
2024-06-09 21:58:20	68.1516698	389.3747711	392.650482	1	0	0	0	0
2024-06-09 21:58:30	67.9694784	393.7749243	392.6805643	1	0	0	0	0
2024-06-09 21:58:40	67.78405688	394.8753624	392.1080747	1	0	0	0	0
2024-06-09 21:58:50	67.78405688	394.8753624	392.1080747	1	0	0	0	0
2024-06-09 21:59:00	67.78405688	394.8753624	392.1080747	1	0	0	0	0
2024-06-09 21:59:10	67.78405688	394.8753624	392.1080747	1	0	0	0	0
2024-06-09 21:59:20	67.78405688	394.8753624	392.1080747	1	0	0	0	0
2024-06-09 21:59:30	67.78405688	394.8753624	392.1080747	1	0	0	0	0
2024-06-09 21:59:40	67.78405688	394.8753624	392.1080747	1	0	0	0	0
2024-06-09 21:59:50	67.78405688	394.8753624	392.1080747	1	0	0	0	0
2024-06-09 22:00:00	67.78405688	394.8753624	392.1080747	1	0	0	0	0
2024-06-09 22:00:10	68.1999326	392.099406	392.9179833	1	0	0	0	0
2024-06-09 22:00:20	68.16266795	394.5974966	394.175842	1	0	0	0	0
2024-06-09 22:00:30	67.90223714	395.3198673	392.1908172	1	0	0	0	0
2024-06-09 22:00:40	68.18354489	390.4250121	392.6748213	1	0	0	0	0
2024-06-09 22:00:50	68.332266	391.3658041	393.3540094	1	0	0	0	0
2024-06-09 22:01:00	67.9816646	395.5101502	392.57132	1	0	0	0	0
2024-06-09 22:01:10	68.3733158	388.2196779	391.733948	1	0	0	0	0
2024-06-09 22:01:20	68.48359259	389.7343581	391.9882395	1	0	0	0	0
2024-06-09 22:01:30	67.97639114	396.9681609	392.2106649	1	0	0	0	0
2024-06-09 22:01:40	68.36381222	390.4646976	392.708862	1	0	0	0	0
2024-06-09 22:01:50	68.56883938	389.9145102	392.8274	1	0	0	0	0
2024-06-09 22:02:00	68.13126175	395.2238883	391.8024093	1	0	0	0	0
2024-06-09 22:02:10	68.505061	389.1891235	392.5634813	1	0	0	0	0
2024-06-09 22:02:20	68.5573836	390.8336655	392.4877	1	0	0	0	0
2024-06-09 22:02:30	68.25996843	394.11842	391.6277865	1	0	0	0	0
2024-06-09 22:02:40	68.41083392	391.5509252	392.543777	1	0	0	0	0
2024-06-09 22:02:50	68.5776908	390.6905996	392.4640757	1	0	0	0	0
2024-06-09 22:03:00	68.2600826	394.4591755	391.825684	1	0	0	0	0
2024-06-09 22:03:10	68.5634276	388.8131827	391.6268	1	0	0	0	0
2024-06-09 22:03:20	68.4838088	393.6257556	392.8394971	1	0	0	0	0
2024-06-09 22:03:30	68.15861226	396.2661553	392.6484932	1	0	0	0	0
2024-06-09 22:03:40	68.15861226	396.2661553	392.6484932	1	0	0	0	0
2024-06-09 22:03:50	68.15861226	396.2661553	392.6484932	1	0	0	0	0
2024-06-09 22:04:00	68.15861226	396.2661553	392.6484932	1	0	0	0	0
2024-06-09 22:04:10	68.15861226	396.2661553	392.6484932	1	0	0	0	0
2024-06-09 22:04:20	68.15861226	396.2661553	392.6484932	1	0	0	0	0
2024-06-09 22:04:30	68.15861226	396.2661553	392.6484932	1	0	0	0	0
2024-06-09 22:04:40	68.15861226	396.2661553	392.6484932	1	0	0	0	0
2024-06-09 22:04:50	68.15861226	396.2661553	392.6484932	1	0	0	0	0
2024-06-09 22:05:00	68.15861226	396.2661553	392.6484932	1	0	0	0	0
2024-06-09 22:05:10	69.0138342	386.4211546	392.306122	1	0	0	0	0
2024-06-09 22:05:20	68.6160357	393.5029526	391.4867704	1	0	0	0	0
2024-06-09 22:05:30	68.65787249	391.3072748	391.6937783	1	0	0	0	0
2024-06-09 22:05:40	69.12459342	386.7690146	392.262878	1	0	0	0	0
2024-06-09 22:05:50	68.6951118	393.8923464	392.0248	1	0	0	0	0
2024-06-09 22:06:00	68.73128177	391.3381546	391.8673822	1	0	0	0	0
2024-06-09 22:06:10	68.96369702	389.888896	392.2027332	1	0	0	0	0
2024-06-09 22:06:20	68.57554519	394.9437956	391.6693	1	0	0	0	0
2024-06-09 22:06:30	68.82697412	391.3551118	393.1511436	1	0	0	0	0
2024-06-09 22:06:40	68.83954283	392.3977521	393.0269276	1	0	0	0	0
2024-06-09 22:06:50	68.67904187	393.431148	391.7856106	1	0	0	0	0
2024-06-09 22:07:00	68.5799102	394.0991956	391.902222	1	0	0	0	0
2024-06-09 22:07:10	68.9083116	389.4680091	392.648926	1	0	0	0	0
2024-06-09 22:07:20	69.1229412	388.0050061	391.4235474	1	0	0	0	0
2024-06-09 22:07:30	68.81114878	393.0731883	391.252772	1	0	0	0	0
2024-06-09 22:07:40	68.96436958	390.6667089	392.146545	1	0	0	0	0
2024-06-09 22:07:50	69.2154122	389.574136	392.573669	1	0	0	0	0
2024-06-09 22:08:00	69.00474364	391.4443853	390.7187696	1	0	0	0	0
2024-06-09 22:08:10	68.8562736	392.9514194	391.0789405	1	0	0	0	0
2024-06-09 22:08:20	69.3437706	387.538856	392.355316	1	0	0	0	0
2024-06-09 22:08:30	68.97617224	393.4223008	391.0994893	1	0	0	0	0
2024-06-09 22:08:40	68.97617224	393.4223008	391.0994893	1	0	0	0	0
2024-06-09 22:08:50	68.97617224	393.4223008	391.0994893	1	0	0	0	0
2024-06-09 22:09:00	68.97617224	393.4223008	391.0994893	1	0	0	0	0
2024-06-09 22:09:10	68.97617224	393.4223008	391.0994893	1	0	0	0	0
2024-06-09 22:09:20	68.97617224	393.4223008	391.0994893	1	0	0	0	0
2024-06-09 22:09:30	68.97617224	393.4223008	391.0994893	1	0	0	0	0
2024-06-09 22:09:40	68.97617224	393.4223008	391.0994893	1	0	0	0	0
2024-06-09 22:09:50	68.97617224	393.4223008	391.0994893	1	0	0	0	0
2024-06-09 22:10:00	68.97617224	393.4223008	391.0994893	1	0	0	0	0
2024-06-09 22:10:10	68.9662976	396.4078926	391.9012483	1	0	0	0	0
2024-06-09 22:10:20	69.10367	392.6688222	392.434	1	0	0	0	0
2024-06-09 22:10:30	69.2387251	392.3192812	393.1480852	1	0	0	0	0
2024-06-09 22:10:40	68.79907609	397.4658158	392.6161171	1	0	0	0	0
2024-06-09 22:10:50	69.0917654	390.8318164	392.3131789	1	0	0	0	0
2024-06-09 22:11:00	69.32232944	389.8890318	392.7086	1	0	0	0	0
2024-06-09 22:11:10	68.9173518	395.0748499	391.890869	1	0	0	0	0
2024-06-09 22:11:20	69.1751286	390.5090384	392.4892065	1	0	0	0	0
2024-06-09 22:11:30	69.43706837	389.0309143	392.0780939	1	0	0	0	0
2024-06-09 22:11:40	69.06763689	394.0186067	391.256836	1	0	0	0	0
2024-06-09 22:11:50	69.07484756	392.5178951	391.723877	1	0	0	0	0
2024-06-09 22:12:00	69.46971091	388.0870996	391.9737889	1	0	0	0	0
2024-06-09 22:12:10	69.19868142	392.4586503	391.2857717	1	0	0	0	0
2024-06-09 22:12:20	68.98743993	394.3401626	391.3095	1	0	0	0	0
2024-06-09 22:12:30	69.4399549	388.3532461	392.1628369	1	0	0	0	0
2024-06-09 22:12:40	69.28526487	391.7913904	391.5847197	1	0	0	0	0
2024-06-09 22:12:50	69.00301159	394.0415628	390.8191008	1	0	0	0	0
2024-06-09 22:13:00	69.41839093	387.632017	391.074371	1	0	0	0	0
2024-06-09 22:13:10	69.23165549	393.5546105	392.395721	1	0	0	0	0
2024-06-09 22:13:20	68.85715463	396.6044802	391.6324008	1	0	0	0	0
2024-06-09 22:13:30	69.43999945	387.3755682	391.6810035	1	0	0	0	0
2024-06-09 22:13:40	69.43999945	387.3755682	391.6810035	1	0	0	0	0
2024-06-09 22:13:50	69.43999945	387.3755682	391.6810035	1	0	0	0	0
2024-06-09 22:14:00	69.43999945	387.3755682	391.6810035	1	0	0	0	0
2024-06-09 22:14:10	69.43999945	387.3755682	391.6810035	1	0	0	0	0
2024-06-09 22:14:20	69.43999945	387.3755682	391.6810035	1	0	0	0	0
2024-06-09 22:14:30	69.43999945	387.3755682	391.6810035	1	0	0	0	0
2024-06-09 22:14:40	69.43999945	387.3755682	391.6810035	1	0	0	0	0
2024-06-09 22:14:50	69.43999945	387.3755682	391.6810035	1	0	0	0	0
2024-06-09 22:15:00	69.43999945	387.3755682	391.6810035	1	0	0	0	0
2024-06-09 22:15:10	69.3849032	392.0463617	391.701874	1	0	0	0	0
2024-06-09 22:15:20	69.16052449	393.4048733	390.8344109	1	0	0	0	0
2024-06-09 22:15:30	69.72851898	385.7088676	391.2070284	1	0	0	0	0
2024-06-09 22:15:40	69.484214	392.161326	391.670441	1	0	0	0	0
2024-06-09 22:15:50	69.0558866	396.3377465	391.1627	1	0	0	0	0
2024-06-09 22:16:00	69.7018284	386.5622137	391.399319	1	0	0	0	0
2024-06-09 22:16:10	69.434626	392.7301716	391.3458351	1	0	0	0	0
2024-06-09 22:16:20	69.2178778	393.6896145	391.035583	1	0	0	0	0
2024-06-09 22:16:30	69.77582327	386.254498	391.2645969	1	0	0	0	0
2024-06-09 22:16:40	69.36306596	394.0272909	391.3623044	1	0	0	0	0
2024-06-09 22:16:50	69.1589837	394.0832176	390.8396799	1	0	0	0	0
2024-06-09 22:17:00	69.52377739	389.185814	391.553467	1	0	0	0	0
2024-06-09 22:17:10	69.3707144	393.4658381	392.526733	1	0	0	0	0
2024-06-09 22:17:20	69.0068818	395.5158595	391.0483455	1	0	0	0	0
2024-06-09 22:17:30	69.5558698	386.5657296	390.868134	1	0	0	0	0
2024-06-09 22:17:40	69.45825756	391.2771396	391.802155	1	0	0	0	0
2024-06-09 22:17:50	69.1574036	393.7688864	390.815338	1	0	0	0	0
2024-06-09 22:18:00	69.5796308	386.6426882	390.731078	1	0	0	0	0
2024-06-09 22:18:10	69.58645465	389.5748095	391.19023	1	0	0	0	0
2024-06-09 22:18:20	69.1993702	394.1082494	390.5528	1	0	0	0	0
2024-06-09 22:18:30	69.58818959	386.9838917	390.5220934	1	0	0	0	0
2024-06-09 22:18:40	69.58818959	386.9838917	390.5220934	1	0	0	0	0
2024-06-09 22:18:50	69.58818959	386.9838917	390.5220934	1	0	0	0	0
2024-06-09 22:19:00	69.58818959	386.9838917	390.5220934	1	0	0	0	0
2024-06-09 22:19:10	69.58818959	386.9838917	390.5220934	1	0	0	0	0
2024-06-09 22:19:20	69.58818959	386.9838917	390.5220934	1	0	0	0	0
2024-06-09 22:19:30	69.58818959	386.9838917	390.5220934	1	0	0	0	0
2024-06-09 22:19:40	69.58818959	386.9838917	390.5220934	1	0	0	0	0
2024-06-09 22:19:50	69.58818959	386.9838917	390.5220934	1	0	0	0	0
2024-06-09 22:20:00	69.58818959	386.9838917	390.5220934	1	0	0	0	0
2024-06-09 22:20:10	69.67483499	389.0387394	391.3674627	1	0	0	0	0
2024-06-09 22:20:20	69.15687043	396.0991757	391.2324	1	0	0	0	0
2024-06-09 22:20:30	69.61316184	386.9533592	390.8855933	1	0	0	0	0
2024-06-09 22:20:40	69.74015776	388.0842276	390.8976092	1	0	0	0	0
2024-06-09 22:20:50	69.2682808	394.5468531	390.6330002	1	0	0	0	0
2024-06-09 22:21:00	69.6550242	388.3992558	391.454163	1	0	0	0	0
2024-06-09 22:21:10	69.8167904	388.0140018	391.075928	1	0	0	0	0
2024-06-09 22:21:20	69.4297514	392.7073081	390.253434	1	0	0	0	0
2024-06-09 22:21:30	69.56907184	389.6472551	390.6268294	1	0	0	0	0
2024-06-09 22:21:40	69.90557274	386.8456267	391.177429	1	0	0	0	0
2024-06-09 22:21:50	69.5436525	391.623065	389.519318	1	0	0	0	0
2024-06-09 22:22:00	69.41329035	392.4851145	390.505414	1	0	0	0	0
2024-06-09 22:22:10	69.9231836	385.493972	390.4797139	1	0	0	0	0
2024-06-09 22:22:20	69.45821	392.9152179	390.051483	1	0	0	0	0
2024-06-09 22:22:30	69.45062696	390.7671308	389.8578245	1	0	0	0	0
2024-06-09 22:22:40	69.88075227	385.1851908	389.8538921	1	0	0	0	0
2024-06-09 22:22:50	69.4286188	393.3471447	389.9548303	1	0	0	0	0
2024-06-09 22:23:00	69.29683447	392.9458206	390.1803	1	0	0	0	0
2024-06-09 22:23:10	69.73492722	386.2397233	390.07785	1	0	0	0	0
2024-06-09 22:23:20	69.4927688	391.228762	390.061512	1	0	0	0	0
2024-06-09 22:23:30	69.0172038	396.5419765	390.5619673	1	0	0	0	0
2024-06-09 22:23:40	69.0172038	396.5419765	390.5619673	1	0	0	0	0
2024-06-09 22:23:50	69.0172038	396.5419765	390.5619673	1	0	0	0	0
2024-06-09 22:24:00	69.0172038	396.5419765	390.5619673	1	0	0	0	0
2024-06-09 22:24:10	69.0172038	396.5419765	390.5619673	1	0	0	0	0
2024-06-09 22:24:20	69.0172038	396.5419765	390.5619673	1	0	0	0	0
2024-06-09 22:24:30	69.0172038	396.5419765	390.5619673	1	0	0	0	0
2024-06-09 22:24:40	69.0172038	396.5419765	390.5619673	1	0	0	0	0
2024-06-09 22:24:50	69.0172038	396.5419765	390.5619673	1	0	0	0	0
2024-06-09 22:25:00	69.0172038	396.5419765	390.5619673	1	0	0	0	0
2024-06-09 22:25:10	69.19521893	390.0466293	389.2671	1	0	0	0	0
2024-06-09 22:25:20	69.56531863	385.8515114	389.702455	1	0	0	0	0
2024-06-09 22:25:30	69.22421812	391.4149641	389.1335724	1	0	0	0	0
2024-06-09 22:25:40	69.00493406	392.9979162	389.160217	1	0	0	0	0
2024-06-09 22:25:50	69.36779421	387.1720664	389.4035	1	0	0	0	0
2024-06-09 22:26:00	69.31847033	389.7922993	389.4767585	1	0	0	0	0
2024-06-09 22:26:10	69.03733173	392.1644401	388.8743776	1	0	0	0	0
2024-06-09 22:26:20	69.5003307	385.7652122	389.508972	1	0	0	0	0
2024-06-09 22:26:30	69.21536629	391.8355117	389.6984169	1	0	0	0	0
2024-06-09 22:26:40	68.81789409	395.2957741	389.4557312	1	0	0	0	0
2024-06-09 22:26:50	69.3974376	386.2154795	389.8299398	1	0	0	0	0
2024-06-09 22:27:00	69.1555208	391.6888285	390.1762	1	0	0	0	0
2024-06-09 22:27:10	68.7037968	395.3940838	389.72345	1	0	0	0	0
2024-06-09 22:27:20	69.260894	387.0586257	390.3397014	1	0	0	0	0
2024-06-09 22:27:30	69.02781388	390.8174354	389.5882	1	0	0	0	0
2024-06-09 22:27:40	69.02781388	390.8174354	389.5882	1	0	0	0	0
2024-06-09 22:27:50	68.9189056	389.6226511	389.141541	1	0	0	0	0
2024-06-09 22:28:00	69.1544284	387.9783051	389.8141756	1	0	0	0	0
2024-06-09 22:28:10	69.1544284	387.9783051	389.8141756	1	0	0	0	0
2024-06-09 22:28:20	68.8281932	389.6997095	388.698059	1	0	0	0	0
2024-06-09 22:28:30	68.8281932	389.6997095	388.698059	1	0	0	0	0
2024-06-09 22:28:40	68.8281932	389.6997095	388.698059	1	0	0	0	0
2024-06-09 22:28:50	68.8281932	389.6997095	388.698059	1	0	0	0	0
2024-06-09 22:29:00	68.8281932	389.6997095	388.698059	1	0	0	0	0
2024-06-09 22:29:10	68.8281932	389.6997095	388.698059	1	0	0	0	0
2024-06-09 22:29:20	68.8281932	389.6997095	388.698059	1	0	0	0	0
2024-06-09 22:29:30	68.8281932	389.6997095	388.698059	1	0	0	0	0
2024-06-09 22:29:40	68.8281932	389.6997095	388.698059	1	0	0	0	0
2024-06-09 22:29:50	68.8281932	389.6997095	388.698059	1	0	0	0	0
2024-06-09 22:30:00	68.8281932	389.6997095	388.698059	1	0	0	0	0
2024-06-09 22:30:10	68.96627254	387.5241635	390.8414117	1	0	0	0	0
2024-06-09 22:30:20	68.45236096	394.5835825	390.388458	1	0	0	0	0
2024-06-09 22:30:30	68.47992837	391.120934	390.3127496	1	0	0	0	0
2024-06-09 22:30:40	68.92518402	385.5550211	390.3013537	1	0	0	0	0
2024-06-09 22:30:50	68.5779294	392.1663272	390.1214086	1	0	0	0	0
2024-06-09 22:31:00	68.49387163	391.1775134	389.757324	1	0	0	0	0
2024-06-09 22:31:10	68.49387163	391.1775134	389.757324	1	0	0	0	0
2024-06-09 22:31:20	68.7344908	390.4785313	389.9084168	1	0	0	0	0
2024-06-09 22:31:30	68.7344908	390.4785313	389.9084168	1	0	0	0	0
2024-06-09 22:31:40	68.90852891	385.6917755	390.1914	1	0	0	0	0
2024-06-09 22:31:50	68.90852891	385.6917755	390.1914	1	0	0	0	0
2024-06-09 22:32:00	68.3257052	395.5618465	389.9346751	1	0	0	0	0
2024-06-09 22:32:10	68.73821279	388.8723264	390.9547548	1	0	0	0	0
2024-06-09 22:32:20	68.7681466	390.080912	390.916656	1	0	0	0	0
2024-06-09 22:32:30	68.35204143	394.6298889	390.4370623	1	0	0	0	0
2024-06-09 22:32:40	68.53992311	390.5965022	390.9046928	1	0	0	0	0
2024-06-09 22:32:50	68.8434434	388.1246045	391.85404	1	0	0	0	0
2024-06-09 22:33:00	68.41657887	394.2905971	391.134338	1	0	0	0	0
2024-06-09 22:33:10	68.4066758	391.7837778	390.48822	1	0	0	0	0
2024-06-09 22:33:20	68.8502796	387.104582	391.525346	1	0	0	0	0
2024-06-09 22:33:30	68.8502796	387.104582	391.525346	1	0	0	0	0
2024-06-09 22:33:40	68.8502796	387.104582	391.525346	1	0	0	0	0
2024-06-09 22:33:50	68.8502796	387.104582	391.525346	1	0	0	0	0
2024-06-09 22:34:00	68.8502796	387.104582	391.525346	1	0	0	0	0
2024-06-09 22:34:10	68.8502796	387.104582	391.525346	1	0	0	0	0
2024-06-09 22:34:20	68.8502796	387.104582	391.525346	1	0	0	0	0
2024-06-09 22:34:30	68.8502796	387.104582	391.525346	1	0	0	0	0
2024-06-09 22:34:40	68.8502796	387.104582	391.525346	1	0	0	0	0
2024-06-09 22:34:50	68.8502796	387.104582	391.525346	1	0	0	0	0
2024-06-09 22:35:00	68.8502796	387.104582	391.525346	1	0	0	0	0
2024-06-09 22:35:10	68.4187172	392.7364431	391.268372	1	0	0	0	0
2024-06-09 22:35:20	68.1579832	395.390244	391.7386649	1	0	0	0	0
2024-06-09 22:35:30	68.60056253	389.2615016	392.369961	1	0	0	0	0
2024-06-09 22:35:40	68.659372	390.273356	392.171051	1	0	0	0	0
2024-06-09 22:35:50	68.23950638	394.5236188	390.8661	1	0	0	0	0
2024-06-09 22:36:00	68.553887	389.5097525	391.6840427	1	0	0	0	0
2024-06-09 22:36:10	68.68649402	389.6780628	392.0756105	1	0	0	0	0
2024-06-09 22:36:20	68.150901	396.8044062	391.762329	1	0	0	0	0
2024-06-09 22:36:30	68.41548064	390.529149	391.7097345	1	0	0	0	0
2024-06-09 22:36:40	68.80640761	386.5104814	391.8021783	1	0	0	0	0
2024-06-09 22:36:50	68.27230881	395.2293399	391.437682	1	0	0	0	0
2024-06-09 22:37:00	68.2595038	393.0249905	391.592346	1	0	0	0	0
2024-06-09 22:37:10	68.62899716	388.1689529	391.553528	1	0	0	0	0
2024-06-09 22:37:20	68.4565178	393.081168	391.973716	1	0	0	0	0
2024-06-09 22:37:30	68.11778713	395.5160375	392.0217122	1	0	0	0	0
2024-06-09 22:37:40	68.43578667	390.5467103	392.507721	1	0	0	0	0
2024-06-09 22:37:50	68.48064963	391.1733169	392.640961	1	0	0	0	0
2024-06-09 22:38:00	68.1049179	396.1466606	392.4804061	1	0	0	0	0
2024-06-09 22:38:10	68.1238561	393.3853507	392.144516	1	0	0	0	0
2024-06-09 22:38:20	68.5762829	387.6458626	392.416748	1	0	0	0	0
2024-06-09 22:38:30	68.47580673	391.8129573	392.4484408	1	0	0	0	0
2024-06-09 22:38:40	68.47580673	391.8129573	392.4484408	1	0	0	0	0
2024-06-09 22:38:50	68.47580673	391.8129573	392.4484408	1	0	0	0	0
2024-06-09 22:39:00	68.47580673	391.8129573	392.4484408	1	0	0	0	0
2024-06-09 22:39:10	68.47580673	391.8129573	392.4484408	1	0	0	0	0
2024-06-09 22:39:20	68.47580673	391.8129573	392.4484408	1	0	0	0	0
2024-06-09 22:39:30	68.47580673	391.8129573	392.4484408	1	0	0	0	0
2024-06-09 22:39:40	68.47580673	391.8129573	392.4484408	1	0	0	0	0
2024-06-09 22:39:50	68.47580673	391.8129573	392.4484408	1	0	0	0	0
2024-06-09 22:40:00	68.47580673	391.8129573	392.4484408	1	0	0	0	0
2024-06-09 22:40:10	68.68318175	388.3904525	392.402402	1	0	0	0	0
2024-06-09 22:40:20	68.09073288	397.40992	392.397156	1	0	0	0	0
2024-06-09 22:40:30	68.21303184	393.6982832	393.4342171	1	0	0	0	0
2024-06-09 22:40:40	68.57000635	389.0962773	393.1186705	1	0	0	0	0
2024-06-09 22:40:50	68.46805744	392.504754	392.653445	1	0	0	0	0
2024-06-09 22:41:00	68.12304799	395.4618772	391.956573	1	0	0	0	0
2024-06-09 22:41:10	68.63445895	388.5758998	392.494781	1	0	0	0	0
2024-06-09 22:41:20	68.6955954	390.5905138	392.979488	1	0	0	0	0
2024-06-09 22:41:30	68.21719991	396.6496347	392.4941504	1	0	0	0	0
2024-06-09 22:41:40	68.4914856	390.4868532	392.192169	1	0	0	0	0
2024-06-09 22:41:50	68.7997608	387.7839481	392.2315	1	0	0	0	0
2024-06-09 22:42:00	68.2446124	397.2804672	392.7205218	1	0	0	0	0
2024-06-09 22:42:10	68.2762574	393.8649112	392.5531517	1	0	0	0	0
2024-06-09 22:42:20	68.6274388	389.9418395	393.1904	1	0	0	0	0
2024-06-09 22:42:30	68.42703698	394.5962365	393.2280563	1	0	0	0	0
2024-06-09 22:42:40	68.03545173	398.1927837	392.9997726	1	0	0	0	0
2024-06-09 22:42:50	68.4313414	391.4919617	393.2780427	1	0	0	0	0
2024-06-09 22:43:00	68.56206764	391.5919047	393.9179	1	0	0	0	0
2024-06-09 22:43:10	68.195365	396.1754877	393.1065	1	0	0	0	0
2024-06-09 22:43:20	68.14393812	394.3283141	392.7050661	1	0	0	0	0
2024-06-09 22:43:30	68.55900918	389.3223082	393.0202902	1	0	0	0	0
2024-06-09 22:43:40	68.55900918	389.3223082	393.0202902	1	0	0	0	0
2024-06-09 22:43:50	68.55900918	389.3223082	393.0202902	1	0	0	0	0
2024-06-09 22:44:00	68.55900918	389.3223082	393.0202902	1	0	0	0	0
2024-06-09 22:44:10	68.55900918	389.3223082	393.0202902	1	0	0	0	0
2024-06-09 22:44:20	68.55900918	389.3223082	393.0202902	1	0	0	0	0
2024-06-09 22:44:30	68.55900918	389.3223082	393.0202902	1	0	0	0	0
2024-06-09 22:44:40	68.55900918	389.3223082	393.0202902	1	0	0	0	0
2024-06-09 22:44:50	68.55900918	389.3223082	393.0202902	1	0	0	0	0
2024-06-09 22:45:00	68.55900918	389.3223082	393.0202902	1	0	0	0	0
2024-06-09 22:45:10	68.3795062	391.8214155	392.2201	1	0	0	0	0
2024-06-09 22:45:20	68.67213921	389.6460693	393.2556883	1	0	0	0	0
2024-06-09 22:45:30	68.2097904	397.1203601	393.3476879	1	0	0	0	0
2024-06-09 22:45:40	68.069332	396.1277637	392.965759	1	0	0	0	0
2024-06-09 22:45:50	68.569711	389.1495994	393.133362	1	0	0	0	0
2024-06-09 22:46:00	68.4889676	393.3860847	393.9953076	1	0	0	0	0
2024-06-09 22:46:10	68.06614017	397.8063712	393.1967911	1	0	0	0	0
2024-06-09 22:46:20	68.3957916	391.2036449	392.870361	1	0	0	0	0
2024-06-09 22:46:30	68.67706082	389.2826811	393.4329412	1	0	0	0	0
2024-06-09 22:46:40	68.27719378	396.2100251	393.4589935	1	0	0	0	0
2024-06-09 22:46:50	68.09642913	395.810713	392.5909024	1	0	0	0	0
2024-06-09 22:47:00	68.43759238	391.276312	393.466248	1	0	0	0	0
2024-06-09 22:47:10	68.59010078	390.5262452	393.318726	1	0	0	0	0
2024-06-09 22:47:20	68.2197714	395.8541552	392.9172716	1	0	0	0	0
2024-06-09 22:47:30	68.23206869	393.9102431	392.5341688	1	0	0	0	0
2024-06-09 22:47:40	68.57445719	389.9225879	393.339966	1	0	0	0	0
2024-06-09 22:47:50	68.78741279	388.9175521	393.251129	1	0	0	0	0
2024-06-09 22:48:00	68.3835982	395.3988784	392.5057071	1	0	0	0	0
2024-06-09 22:48:10	68.2270154	395.6786308	392.6872533	1	0	0	0	0
2024-06-09 22:48:20	68.5847384	390.4831076	393.113281	1	0	0	0	0
2024-06-09 22:48:30	68.5847384	390.4831076	393.113281	1	0	0	0	0
2024-06-09 22:48:40	68.5847384	390.4831076	393.113281	1	0	0	0	0
2024-06-09 22:48:50	68.5847384	390.4831076	393.113281	1	0	0	0	0
2024-06-09 22:49:00	68.5847384	390.4831076	393.113281	1	0	0	0	0
2024-06-09 22:49:10	68.5847384	390.4831076	393.113281	1	0	0	0	0
2024-06-09 22:49:20	68.5847384	390.4831076	393.113281	1	0	0	0	0
2024-06-09 22:49:30	68.5847384	390.4831076	393.113281	1	0	0	0	0
2024-06-09 22:49:40	68.5847384	390.4831076	393.113281	1	0	0	0	0
2024-06-09 22:49:50	68.5847384	390.4831076	393.113281	1	0	0	0	0
2024-06-09 22:50:00	68.5847384	390.4831076	393.113281	1	0	0	0	0
2024-06-09 22:50:10	68.72577	389.0808292	392.6440259	1	0	0	0	0
2024-06-09 22:50:20	68.52781756	394.4823049	393.731232	1	0	0	0	0
2024-06-09 22:50:30	68.13330384	397.9616281	392.9162	1	0	0	0	0
2024-06-09 22:50:40	68.57411607	390.2596882	393.130555	1	0	0	0	0
2024-06-09 22:50:50	68.821493	388.9818647	393.2460616	1	0	0	0	0
2024-06-09 22:51:00	68.431271	395.5686179	393.13443	1	0	0	0	0
2024-06-09 22:51:10	68.2731538	395.3711564	392.661133	1	0	0	0	0
2024-06-09 22:51:20	68.7343596	389.6064366	393.3725796	1	0	0	0	0
2024-06-09 22:51:30	68.68037612	392.9807016	393.6371984	1	0	0	0	0
2024-06-09 22:51:40	68.26976956	397.9101068	393.330872	1	0	0	0	0
2024-06-09 22:51:50	68.4236288	393.4830058	393.131317	1	0	0	0	0
2024-06-09 22:52:00	68.6678522	390.955506	393.5562134	1	0	0	0	0
2024-06-09 22:52:10	68.70017442	392.3758304	393.7259952	1	0	0	0	0
2024-06-09 22:52:20	68.32198844	396.5817343	392.851044	1	0	0	0	0
2024-06-09 22:52:30	68.4894964	392.7748698	393.1364548	1	0	0	0	0
2024-06-09 22:52:40	68.81380405	389.0035814	392.9651744	1	0	0	0	0
2024-06-09 22:52:50	68.8096606	391.7475143	393.3188951	1	0	0	0	0
2024-06-09 22:53:00	68.40690547	396.2883022	392.313751	1	0	0	0	0
2024-06-09 22:53:10	68.54054624	392.2032381	392.228821	1	0	0	0	0
2024-06-09 22:53:20	68.9323324	388.937567	393.340878	1	0	0	0	0
2024-06-09 22:53:30	68.69550918	393.8287375	392.6967816	1	0	0	0	0
2024-06-09 22:53:40	68.69550918	393.8287375	392.6967816	1	0	0	0	0
2024-06-09 22:53:50	68.69550918	393.8287375	392.6967816	1	0	0	0	0
2024-06-09 22:54:00	68.69550918	393.8287375	392.6967816	1	0	0	0	0
2024-06-09 22:54:10	68.69550918	393.8287375	392.6967816	1	0	0	0	0
2024-06-09 22:54:20	68.69550918	393.8287375	392.6967816	1	0	0	0	0
2024-06-09 22:54:30	68.69550918	393.8287375	392.6967816	1	0	0	0	0
2024-06-09 22:54:40	68.69550918	393.8287375	392.6967816	1	0	0	0	0
2024-06-09 22:54:50	68.69550918	393.8287375	392.6967816	1	0	0	0	0
2024-06-09 22:55:00	68.69550918	393.8287375	392.6967816	1	0	0	0	0
2024-06-09 22:55:10	68.8695694	390.868982	393.307281	1	0	0	0	0
2024-06-09 22:55:20	68.422937	396.8025832	392.8216547	1	0	0	0	0
2024-06-09 22:55:30	68.62110694	391.9601671	393.0430918	1	0	0	0	0
2024-06-09 22:55:40	68.88708733	389.3221622	393.115173	1	0	0	0	0
2024-06-09 22:55:50	68.7676623	392.6259197	392.693359	1	0	0	0	0
2024-06-09 22:56:00	68.39543561	396.7635176	392.4968355	1	0	0	0	0
2024-06-09 22:56:10	68.7419638	390.7464871	392.6772164	1	0	0	0	0
2024-06-09 22:56:20	68.9825794	388.8859148	392.940033	1	0	0	0	0
2024-06-09 22:56:30	68.63755322	394.1830888	392.035659	1	0	0	0	0
2024-06-09 22:56:40	68.43466044	395.7425377	392.0598319	1	0	0	0	0
2024-06-09 22:56:50	68.7232558	391.2038493	392.8295443	1	0	0	0	0
2024-06-09 22:57:00	69.064374	388.0999307	393.106171	1	0	0	0	0
2024-06-09 22:57:10	68.6772892	395.2676118	392.724335	1	0	0	0	0
2024-06-09 22:57:20	68.4515338	396.3786996	393.1909794	1	0	0	0	0
2024-06-09 22:57:30	68.78722066	391.2460772	393.276299	1	0	0	0	0
2024-06-09 22:57:40	68.79187499	392.669896	393.303436	1	0	0	0	0
2024-06-09 22:57:50	68.2752328	399.1525664	393.2954	1	0	0	0	0
2024-06-09 22:58:00	68.4585616	394.0798269	393.5416827	1	0	0	0	0
2024-06-09 22:58:10	68.856825	388.789667	393.1252365	1	0	0	0	0
2024-06-09 22:58:20	68.7102855	393.3823623	393.263763	1	0	0	0	0
2024-06-09 22:58:30	68.7102855	393.3823623	393.263763	1	0	0	0	0
2024-06-09 22:58:40	68.7102855	393.3823623	393.263763	1	0	0	0	0
2024-06-09 22:58:50	68.7102855	393.3823623	393.263763	1	0	0	0	0
2024-06-09 22:59:00	68.7102855	393.3823623	393.263763	1	0	0	0	0
2024-06-09 22:59:10	68.7102855	393.3823623	393.263763	1	0	0	0	0
2024-06-09 22:59:20	68.7102855	393.3823623	393.263763	1	0	0	0	0
2024-06-09 22:59:30	68.7102855	393.3823623	393.263763	1	0	0	0	0
2024-06-09 22:59:40	68.7102855	393.3823623	393.263763	1	0	0	0	0
2024-06-09 22:59:50	68.7102855	393.3823623	393.263763	1	0	0	0	0
2024-06-09 23:00:00	68.7102855	393.3823623	393.263763	1	0	0	0	0
2024-06-09 23:00:10	68.53434	397.1225705	392.6095735	1	0	0	0	0
2024-06-09 23:00:20	68.55394627	394.2678316	392.746765	1	0	0	0	0
2024-06-09 23:00:30	68.98196837	389.1514545	393.1941894	1	0	0	0	0
2024-06-09 23:00:40	68.81482	393.2101289	392.7222141	1	0	0	0	0
2024-06-09 23:00:50	68.3615786	398.2603933	392.730754	1	0	0	0	0
2024-06-09 23:01:00	68.6515722	393.4600879	393.875183	1	0	0	0	0
2024-06-09 23:01:10	68.9112208	390.0566048	393.3262	1	0	0	0	0
2024-06-09 23:01:20	68.6205086	394.846666	392.7604358	1	0	0	0	0
2024-06-09 23:01:30	68.3846842	396.2681999	392.5266	1	0	0	0	0
2024-06-09 23:01:40	68.8473757	389.3365572	392.859039	1	0	0	0	0
2024-06-09 23:01:50	69.0614764	388.4521314	392.908569	1	0	0	0	0
2024-06-09 23:02:00	68.68175	394.7823411	392.4404988	1	0	0	0	0
2024-06-09 23:02:10	68.518747	395.0867919	392.2828875	1	0	0	0	0
2024-06-09 23:02:20	68.8616246	390.4117288	392.703156	1	0	0	0	0
2024-06-09 23:02:30	68.96652329	390.6267685	392.8617353	1	0	0	0	0
2024-06-09 23:02:40	68.59900467	395.3974439	391.8753381	1	0	0	0	0
2024-06-09 23:02:50	68.47509522	394.6661516	391.8539862	1	0	0	0	0
2024-06-09 23:03:00	68.96919304	388.5261605	392.891	1	0	0	0	0
2024-06-09 23:03:10	68.9349486	391.749491	393.051331	1	0	0	0	0
2024-06-09 23:03:20	68.5349812	395.0868459	391.08248	1	0	0	0	0
2024-06-09 23:03:30	68.5349812	395.0868459	391.08248	1	0	0	0	0
2024-06-09 23:03:40	68.5349812	395.0868459	391.08248	1	0	0	0	0
2024-06-09 23:03:50	68.5349812	395.0868459	391.08248	1	0	0	0	0
2024-06-09 23:04:00	68.5349812	395.0868459	391.08248	1	0	0	0	0
2024-06-09 23:04:10	68.5349812	395.0868459	391.08248	1	0	0	0	0
2024-06-09 23:04:20	68.5349812	395.0868459	391.08248	1	0	0	0	0
2024-06-09 23:04:30	68.5349812	395.0868459	391.08248	1	0	0	0	0
2024-06-09 23:04:40	68.5349812	395.0868459	391.08248	1	0	0	0	0
2024-06-09 23:04:50	68.5349812	395.0868459	391.08248	1	0	0	0	0
2024-06-09 23:05:00	68.5349812	395.0868459	391.08248	1	0	0	0	0
2024-06-09 23:05:10	68.410266	397.7429899	391.240326	1	0	0	0	0
2024-06-09 23:05:20	68.69059904	392.2351906	392.342409	1	0	0	0	0
2024-06-09 23:05:30	68.9987	388.5393706	392.1421246	1	0	0	0	0
2024-06-09 23:05:40	68.7907288	392.7432134	391.8653	1	0	0	0	0
2024-06-09 23:05:50	68.31167776	397.403426	391.422272	1	0	0	0	0
2024-06-09 23:06:00	68.7730737	389.7768524	391.8069978	1	0	0	0	0
2024-06-09 23:06:10	69.0269222	387.8652455	391.8894479	1	0	0	0	0
2024-06-09 23:06:20	68.5409012	395.1714663	391.31424	1	0	0	0	0
2024-06-09 23:06:30	68.58399176	392.6344	391.7766171	1	0	0	0	0
2024-06-09 23:06:40	69.04058733	387.1218533	391.9326953	1	0	0	0	0
2024-06-09 23:06:50	68.8501996	391.6804032	391.3456534	1	0	0	0	0
2024-06-09 23:07:00	68.3746032	396.5286552	391.046631	1	0	0	0	0
2024-06-09 23:07:10	68.8653975	389.1415281	391.856018	1	0	0	0	0
2024-06-09 23:07:20	69.0628206	388.3927001	391.8648161	1	0	0	0	0
2024-06-09 23:07:30	68.52535837	395.8806612	391.4312908	1	0	0	0	0
2024-06-09 23:07:40	68.68874511	391.4381527	391.4227	1	0	0	0	0
2024-06-09 23:07:50	69.06720237	387.2601284	391.626	1	0	0	0	0
2024-06-09 23:08:00	68.778072	393.0871539	391.2260264	1	0	0	0	0
2024-06-09 23:08:10	68.5369494	394.3641227	391.3375113	1	0	0	0	0
2024-06-09 23:08:20	68.91997287	389.1474301	392.070221	1	0	0	0	0
2024-06-09 23:08:30	68.91997287	389.1474301	392.070221	1	0	0	0	0
2024-06-09 23:08:40	68.91997287	389.1474301	392.070221	1	0	0	0	0
2024-06-09 23:08:50	68.91997287	389.1474301	392.070221	1	0	0	0	0
2024-06-09 23:09:00	68.91997287	389.1474301	392.070221	1	0	0	0	0
2024-06-09 23:09:10	68.91997287	389.1474301	392.070221	1	0	0	0	0
2024-06-09 23:09:20	68.91997287	389.1474301	392.070221	1	0	0	0	0
2024-06-09 23:09:30	68.91997287	389.1474301	392.070221	1	0	0	0	0
2024-06-09 23:09:40	68.91997287	389.1474301	392.070221	1	0	0	0	0
2024-06-09 23:09:50	68.91997287	389.1474301	392.070221	1	0	0	0	0
2024-06-09 23:10:00	68.91997287	389.1474301	392.070221	1	0	0	0	0
2024-06-09 23:10:10	68.9733068	387.4606876	391.3166664	1	0	0	0	0
2024-06-09 23:10:20	68.5695718	394.9868078	391.343	1	0	0	0	0
2024-06-09 23:10:30	68.47042245	393.5252655	391.4842138	1	0	0	0	0
2024-06-09 23:10:40	68.7985598	388.8535079	391.5971576	1	0	0	0	0
2024-06-09 23:10:50	68.98387783	387.5333026	390.8670941	1	0	0	0	0
2024-06-09 23:11:00	68.43903982	395.135455	390.518677	1	0	0	0	0
2024-06-09 23:11:10	68.59219047	390.9886826	390.822	1	0	0	0	0
2024-06-09 23:11:20	68.9177778	387.4645021	391.0667474	1	0	0	0	0
2024-06-09 23:11:30	68.764888	391.1406066	390.583618	1	0	0	0	0
2024-06-09 23:11:40	68.39445911	394.5113243	389.886261	1	0	0	0	0
2024-06-09 23:11:50	68.7465838	389.5544634	391.0553	1	0	0	0	0
2024-06-09 23:12:00	68.93981032	387.756108	390.8427741	1	0	0	0	0
2024-06-09 23:12:10	68.53518042	393.8081474	390.6113754	1	0	0	0	0
2024-06-09 23:12:20	68.42869118	393.806289	391.232452	1	0	0	0	0
2024-06-09 23:12:30	68.82815694	388.559533	391.7278731	1	0	0	0	0
2024-06-09 23:12:40	68.77579558	390.601958	391.8013885	1	0	0	0	0
2024-06-09 23:12:50	68.31409003	395.7512752	391.0846421	1	0	0	0	0
2024-06-09 23:13:00	68.36273373	392.3017861	390.752167	1	0	0	0	0
2024-06-09 23:13:10	68.7475973	387.7045451	391.174042	1	0	0	0	0
2024-06-09 23:13:20	68.8545818	388.619681	391.5347821	1	0	0	0	0
2024-06-09 23:13:30	68.8545818	388.619681	391.5347821	1	0	0	0	0
2024-06-09 23:13:40	68.8545818	388.619681	391.5347821	1	0	0	0	0
2024-06-09 23:13:50	68.8545818	388.619681	391.5347821	1	0	0	0	0
2024-06-09 23:14:00	68.8545818	388.619681	391.5347821	1	0	0	0	0
2024-06-09 23:14:10	68.8545818	388.619681	391.5347821	1	0	0	0	0
2024-06-09 23:14:20	68.8545818	388.619681	391.5347821	1	0	0	0	0
2024-06-09 23:14:30	68.8545818	388.619681	391.5347821	1	0	0	0	0
2024-06-09 23:14:40	68.8545818	388.619681	391.5347821	1	0	0	0	0
2024-06-09 23:14:50	68.8545818	388.619681	391.5347821	1	0	0	0	0
2024-06-09 23:15:00	68.8545818	388.619681	391.5347821	1	0	0	0	0
2024-06-09 23:15:10	68.3738848	393.0236262	390.7977	1	0	0	0	0
2024-06-09 23:15:20	68.70747925	389.1808014	391.82727	1	0	0	0	0
2024-06-09 23:15:30	68.72589945	390.4421824	391.5738429	1	0	0	0	0
2024-06-09 23:15:40	68.272275	395.3972483	390.858246	1	0	0	0	0
2024-06-09 23:15:50	68.38795804	391.7792184	391.2064	1	0	0	0	0
2024-06-09 23:16:00	68.6745936	388.135857	391.1018859	1	0	0	0	0
2024-06-09 23:16:10	68.6846766	389.8104791	390.6326516	1	0	0	0	0
2024-06-09 23:16:20	68.1793506	395.8218032	390.368622	1	0	0	0	0
2024-06-09 23:16:30	68.41317723	391.2559742	391.2643	1	0	0	0	0
2024-06-09 23:16:40	68.7311674	386.7037041	390.4397384	1	0	0	0	0
2024-06-09 23:16:50	68.6458494	389.7203539	389.9732796	1	0	0	0	0
2024-06-09 23:17:00	68.1505226	396.3016365	390.771423	1	0	0	0	0
2024-06-09 23:17:10	68.6023184	389.4341609	391.7533	1	0	0	0	0
2024-06-09 23:17:20	69.033892	383.6246454	389.8335455	1	0	0	0	0
2024-06-09 23:17:30	68.28126434	395.8371661	390.1709667	1	0	0	0	0
2024-06-09 23:17:40	68.35336919	393.0088585	391.183228	1	0	0	0	0
2024-06-09 23:17:50	68.72907	387.5472758	391.150421	1	0	0	0	0
2024-06-09 23:18:00	68.5769048	390.7780433	390.04558	1	0	0	0	0
2024-06-09 23:18:10	68.12896859	395.9714298	390.7794578	1	0	0	0	0
2024-06-09 23:18:20	68.40576315	391.3026296	391.7288	1	0	0	0	0
2024-06-09 23:18:30	68.40576315	391.3026296	391.7288	1	0	0	0	0
2024-06-09 23:18:40	68.40576315	391.3026296	391.7288	1	0	0	0	0
2024-06-09 23:18:50	68.40576315	391.3026296	391.7288	1	0	0	0	0
2024-06-09 23:19:00	68.40576315	391.3026296	391.7288	1	0	0	0	0
2024-06-09 23:19:10	68.40576315	391.3026296	391.7288	1	0	0	0	0
2024-06-09 23:19:20	68.40576315	391.3026296	391.7288	1	0	0	0	0
2024-06-09 23:19:30	68.40576315	391.3026296	391.7288	1	0	0	0	0
2024-06-09 23:19:40	68.40576315	391.3026296	391.7288	1	0	0	0	0
2024-06-09 23:19:50	68.40576315	391.3026296	391.7288	1	0	0	0	0
2024-06-09 23:20:00	68.40576315	391.3026296	391.7288	1	0	0	0	0
2024-06-09 23:20:10	68.15020794	393.8198813	389.4120944	1	0	0	0	0
2024-06-09 23:20:20	68.5083466	388.5587535	390.174	1	0	0	0	0
2024-06-09 23:20:30	68.64410673	388.1574986	390.5553327	1	0	0	0	0
2024-06-09 23:20:40	68.41094022	392.4128207	390.5664885	1	0	0	0	0
2024-06-09 23:20:50	67.9542842	396.9415756	390.841114	1	0	0	0	0
2024-06-09 23:21:00	68.3804272	390.0710931	391.820465	1	0	0	0	0
2024-06-09 23:21:10	68.638621	386.6479335	390.7708	1	0	0	0	0
2024-06-09 23:21:20	68.2638076	393.6428601	390.8536028	1	0	0	0	0
2024-06-09 23:21:30	67.96887388	395.329252	391.014896	1	0	0	0	0
2024-06-09 23:21:40	68.46537785	387.3566152	391.201843	1	0	0	0	0
2024-06-09 23:21:50	68.76875147	384.2998841	389.823944	1	0	0	0	0
2024-06-09 23:22:00	68.22142544	393.9174535	390.3587754	1	0	0	0	0
2024-06-09 23:22:10	68.1188694	393.4012552	390.8130558	1	0	0	0	0
2024-06-09 23:22:20	68.40179256	388.9951338	390.725281	1	0	0	0	0
2024-06-09 23:22:30	68.60813261	386.6708698	389.7922051	1	0	0	0	0
2024-06-09 23:22:40	68.19517156	393.1911528	389.7335907	1	0	0	0	0
2024-06-09 23:22:50	68.187514	391.499213	389.9848043	1	0	0	0	0
2024-06-09 23:23:00	68.400419	389.3116847	390.93158	1	0	0	0	0
2024-06-09 23:23:10	68.559752	388.1025648	391.084961	1	0	0	0	0
2024-06-09 23:23:20	68.2057738	393.3538985	390.3296225	1	0	0	0	0
2024-06-09 23:23:30	68.2057738	393.3538985	390.3296225	1	0	0	0	0
2024-06-09 23:23:40	68.2057738	393.3538985	390.3296225	1	0	0	0	0
2024-06-09 23:23:50	68.2057738	393.3538985	390.3296225	1	0	0	0	0
2024-06-09 23:24:00	68.2057738	393.3538985	390.3296225	1	0	0	0	0
2024-06-09 23:24:10	68.2057738	393.3538985	390.3296225	1	0	0	0	0
2024-06-09 23:24:20	68.2057738	393.3538985	390.3296225	1	0	0	0	0
2024-06-09 23:24:30	68.2057738	393.3538985	390.3296225	1	0	0	0	0
2024-06-09 23:24:40	68.2057738	393.3538985	390.3296225	1	0	0	0	0
2024-06-09 23:24:50	68.2057738	393.3538985	390.3296225	1	0	0	0	0
2024-06-09 23:25:00	68.2057738	393.3538985	390.3296225	1	0	0	0	0
2024-06-09 23:25:10	68.6118544	386.9815873	390.549744	1	0	0	0	0
2024-06-09 23:25:20	68.1613496	394.0291178	390.0170369	1	0	0	0	0
2024-06-09 23:25:30	68.20510571	390.8744174	390.2154269	1	0	0	0	0
2024-06-09 23:25:40	68.60429166	386.4084044	390.793762	1	0	0	0	0
2024-06-09 23:25:50	68.5202303	389.699438	390.4527	1	0	0	0	0
2024-06-09 23:26:00	68.1214272	393.8929329	389.7364982	1	0	0	0	0
2024-06-09 23:26:10	68.29783521	389.97709	390.398093	1	0	0	0	0
2024-06-09 23:26:20	68.560119	387.7455276	391.010834	1	0	0	0	0
2024-06-09 23:26:30	68.29552126	392.9293982	390.5182476	1	0	0	0	0
2024-06-09 23:26:40	67.97193841	394.767485	389.7997093	1	0	0	0	0
2024-06-09 23:26:50	68.32310267	389.7233476	390.9689773	1	0	0	0	0
2024-06-09 23:27:00	68.4420134	390.1452684	392.108734	1	0	0	0	0
2024-06-09 23:27:10	68.3025666	392.0596187	391.3546	1	0	0	0	0
2024-06-09 23:27:20	67.9940618	393.4015757	389.6863928	1	0	0	0	0
2024-06-09 23:27:30	68.42457519	386.9661992	390.208134	1	0	0	0	0
2024-06-09 23:27:40	68.59244156	387.42592	391.2671	1	0	0	0	0
2024-06-09 23:27:50	68.36377182	391.8876552	390.956757	1	0	0	0	0
2024-06-09 23:28:00	68.07521924	393.3280685	389.7755187	1	0	0	0	0
2024-06-09 23:28:10	68.419747	388.1864084	390.4718993	1	0	0	0	0
2024-06-09 23:28:20	68.58006654	387.7156415	390.853363	1	0	0	0	0
2024-06-09 23:28:30	68.26639406	392.7799834	390.0416645	1	0	0	0	0
2024-06-09 23:28:40	68.26639406	392.7799834	390.0416645	1	0	0	0	0
2024-06-09 23:28:50	68.26639406	392.7799834	390.0416645	1	0	0	0	0
2024-06-09 23:29:00	68.26639406	392.7799834	390.0416645	1	0	0	0	0
2024-06-09 23:29:10	68.26639406	392.7799834	390.0416645	1	0	0	0	0
2024-06-09 23:29:20	68.26639406	392.7799834	390.0416645	1	0	0	0	0
2024-06-09 23:29:30	68.26639406	392.7799834	390.0416645	1	0	0	0	0
2024-06-09 23:29:40	68.26639406	392.7799834	390.0416645	1	0	0	0	0
2024-06-09 23:29:50	68.26639406	392.7799834	390.0416645	1	0	0	0	0
2024-06-09 23:30:00	68.26639406	392.7799834	390.0416645	1	0	0	0	0
2024-06-09 23:30:10	68.1490224	390.6862612	391.5263429	1	0	0	0	0
2024-06-09 23:30:20	68.3163396	388.4713414	390.951263	1	0	0	0	0
2024-06-09 23:30:30	68.16439711	391.6866703	390.8438033	1	0	0	0	0
2024-06-09 23:30:40	67.75717178	396.6065014	391.0797035	1	0	0	0	0
2024-06-09 23:30:50	67.98423855	390.2658896	390.7135273	1	0	0	0	0
2024-06-09 23:31:00	68.44549849	384.7012892	390.185	1	0	0	0	0
2024-06-09 23:31:10	68.25944364	390.3498734	390.321136	1	0	0	0	0
2024-06-09 23:31:20	67.77147047	396.0162384	390.58518	1	0	0	0	0
2024-06-09 23:31:30	68.24084192	387.9575356	390.534271	1	0	0	0	0
2024-06-09 23:31:40	68.47621642	386.4743803	390.5945	1	0	0	0	0
2024-06-09 23:31:50	68.1575544	392.8854302	390.902954	1	0	0	0	0
2024-06-09 23:32:00	67.9527214	393.1699035	390.184206	1	0	0	0	0
2024-06-09 23:32:10	68.45982177	386.1818032	390.7497661	1	0	0	0	0
2024-06-09 23:32:20	68.47010971	388.7680304	390.68573	1	0	0	0	0
2024-06-09 23:32:30	67.96305367	394.0651259	389.3295918	1	0	0	0	0
2024-06-09 23:32:40	68.19634414	389.7637291	390.3879795	1	0	0	0	0
2024-06-09 23:32:50	68.2776422	389.8372821	391.022629	1	0	0	0	0
2024-06-09 23:33:00	68.32695624	389.439284	390.652771	1	0	0	0	0
2024-06-09 23:33:10	67.8729701	395.5236275	390.860474	1	0	0	0	0
2024-06-09 23:33:20	67.9048416	392.1893415	390.7275765	1	0	0	0	0
2024-06-09 23:33:30	68.25193735	387.097011	390.2594973	1	0	0	0	0
2024-06-09 23:33:40	68.25193735	387.097011	390.2594973	1	0	0	0	0
2024-06-09 23:33:50	68.25193735	387.097011	390.2594973	1	0	0	0	0
2024-06-09 23:34:00	68.25193735	387.097011	390.2594973	1	0	0	0	0
2024-06-09 23:34:10	68.25193735	387.097011	390.2594973	1	0	0	0	0
2024-06-09 23:34:20	68.25193735	387.097011	390.2594973	1	0	0	0	0
2024-06-09 23:34:30	68.25193735	387.097011	390.2594973	1	0	0	0	0
2024-06-09 23:34:40	68.25193735	387.097011	390.2594973	1	0	0	0	0
2024-06-09 23:34:50	68.25193735	387.097011	390.2594973	1	0	0	0	0
2024-06-09 23:35:00	68.25193735	387.097011	390.2594973	1	0	0	0	0
2024-06-09 23:35:10	68.12876571	390.2530387	389.844	1	0	0	0	0
2024-06-09 23:35:20	68.33807987	389.2013293	391.4188345	1	0	0	0	0
2024-06-09 23:35:30	68.24339898	391.1483947	390.3127694	1	0	0	0	0
2024-06-09 23:35:40	67.86393409	395.0107303	389.920349	1	0	0	0	0
2024-06-09 23:35:50	68.0082084	392.3289321	391.007355	1	0	0	0	0
2024-06-09 23:36:00	68.1833414	390.6155256	391.6574536	1	0	0	0	0
2024-06-09 23:36:10	68.15321859	391.2233614	390.9285223	1	0	0	0	0
2024-06-09 23:36:20	67.8903684	393.349531	390.337036	1	0	0	0	0
2024-06-09 23:36:30	68.02570484	390.7487697	391.2049392	1	0	0	0	0
2024-06-09 23:36:40	68.23622858	388.1476283	390.9363086	1	0	0	0	0
2024-06-09 23:36:50	68.2922368	389.1516434	391.1274354	1	0	0	0	0
2024-06-09 23:37:00	68.05926933	392.3038029	390.4873	1	0	0	0	0
2024-06-09 23:37:10	67.81019325	394.3411436	390.308716	1	0	0	0	0
2024-06-09 23:37:20	68.06849084	388.9004245	390.2900852	1	0	0	0	0
2024-06-09 23:37:30	68.49444798	385.1801712	390.6259091	1	0	0	0	0
2024-06-09 23:37:40	68.32000356	390.1504028	390.6965	1	0	0	0	0
2024-06-09 23:37:50	67.8528482	395.2362011	390.101746	1	0	0	0	0
2024-06-09 23:38:00	68.2945086	387.1312296	389.9430649	1	0	0	0	0
2024-06-09 23:38:10	68.4612784	387.3915221	390.9604891	1	0	0	0	0
2024-06-09 23:38:20	68.0173912	394.3395075	390.596222	1	0	0	0	0
2024-06-09 23:38:30	68.0173912	394.3395075	390.596222	1	0	0	0	0
2024-06-09 23:38:40	68.0173912	394.3395075	390.596222	1	0	0	0	0
2024-06-09 23:38:50	68.0173912	394.3395075	390.596222	1	0	0	0	0
2024-06-09 23:39:00	68.0173912	394.3395075	390.596222	1	0	0	0	0
2024-06-09 23:39:10	68.0173912	394.3395075	390.596222	1	0	0	0	0
2024-06-09 23:39:20	68.0173912	394.3395075	390.596222	1	0	0	0	0
2024-06-09 23:39:30	68.0173912	394.3395075	390.596222	1	0	0	0	0
2024-06-09 23:39:40	68.0173912	394.3395075	390.596222	1	0	0	0	0
2024-06-09 23:39:50	68.0173912	394.3395075	390.596222	1	0	0	0	0
2024-06-09 23:40:00	68.0173912	394.3395075	390.596222	1	0	0	0	0
2024-06-09 23:40:10	67.86574003	395.1649119	390.8866096	1	0	0	0	0
2024-06-09 23:40:20	68.0230782	389.5255202	389.72522	1	0	0	0	0
2024-06-09 23:40:30	68.44370163	385.3236653	390.264102	1	0	0	0	0
2024-06-09 23:40:40	68.07185591	392.7664041	390.4897088	1	0	0	0	0
2024-06-09 23:40:50	67.81586053	393.6354122	390.1169708	1	0	0	0	0
2024-06-09 23:41:00	68.2632796	387.2887199	390.83313	1	0	0	0	0
2024-06-09 23:41:10	68.34165853	387.9454479	390.501038	1	0	0	0	0
2024-06-09 23:41:20	67.85244967	394.6920964	390.3617253	1	0	0	0	0
2024-06-09 23:41:30	67.9966212	391.0290282	390.8692503	1	0	0	0	0
2024-06-09 23:41:40	68.26425526	388.418295	391.596863	1	0	0	0	0
2024-06-09 23:41:50	68.16107023	391.1147687	390.854584	1	0	0	0	0
2024-06-09 23:42:00	67.68535033	396.4440672	390.7544964	1	0	0	0	0
2024-06-09 23:42:10	67.9704276	391.4028014	391.8036506	1	0	0	0	0
2024-06-09 23:42:20	68.25164787	388.0254831	391.726624	1	0	0	0	0
2024-06-09 23:42:30	68.01089612	391.7386764	390.4445268	1	0	0	0	0
2024-06-09 23:42:40	67.75481444	394.110896	390.4187744	1	0	0	0	0
2024-06-09 23:42:50	68.02004587	389.1136177	390.842262	1	0	0	0	0
2024-06-09 23:43:00	68.33272045	386.5255068	391.108368	1	0	0	0	0
2024-06-09 23:43:10	68.1071502	392.1967078	391.5035	1	0	0	0	0
2024-06-09 23:43:20	67.776245	393.4672024	389.6036603	1	0	0	0	0
2024-06-09 23:43:30	68.25778	387.5006731	390.9155467	1	0	0	0	0
2024-06-09 23:43:40	68.25778	387.5006731	390.9155467	1	0	0	0	0
2024-06-09 23:43:50	68.25778	387.5006731	390.9155467	1	0	0	0	0
2024-06-09 23:44:00	68.25778	387.5006731	390.9155467	1	0	0	0	0
2024-06-09 23:44:10	68.25778	387.5006731	390.9155467	1	0	0	0	0
2024-06-09 23:44:20	68.25778	387.5006731	390.9155467	1	0	0	0	0
2024-06-09 23:44:30	68.25778	387.5006731	390.9155467	1	0	0	0	0
2024-06-09 23:44:40	68.25778	387.5006731	390.9155467	1	0	0	0	0
2024-06-09 23:44:50	68.25778	387.5006731	390.9155467	1	0	0	0	0
2024-06-09 23:45:00	68.25778	387.5006731	390.9155467	1	0	0	0	0
2024-06-09 23:45:10	67.6893276	395.2732164	390.921875	1	0	0	0	0
2024-06-09 23:45:20	68.11081765	388.7712442	391.1156925	1	0	0	0	0
2024-06-09 23:45:30	68.42125939	385.8682913	390.3039531	1	0	0	0	0
2024-06-09 23:45:40	67.79568937	395.3228336	390.1041	1	0	0	0	0
2024-06-09 23:45:50	67.9341688	391.1072358	390.3539	1	0	0	0	0
2024-06-09 23:46:00	68.3046232	386.9777418	390.750002	1	0	0	0	0
2024-06-09 23:46:10	68.0714549	391.5578927	390.173128	1	0	0	0	0
2024-06-09 23:46:20	67.73871383	394.111154	389.326843	1	0	0	0	0
2024-06-09 23:46:30	68.10580286	389.6279977	391.3044722	1	0	0	0	0
2024-06-09 23:46:40	68.29541978	387.6457638	390.9142246	1	0	0	0	0
2024-06-09 23:46:50	67.98114887	391.7067137	389.6167396	1	0	0	0	0
2024-06-09 23:47:00	67.843629	391.7476456	389.597443	1	0	0	0	0
2024-06-09 23:47:10	68.1363336	388.76544	390.755432	1	0	0	0	0
2024-06-09 23:47:20	68.2753323	387.7712235	390.207621	1	0	0	0	0
2024-06-09 23:47:30	67.90653306	392.9167104	389.7015242	1	0	0	0	0
2024-06-09 23:47:40	67.91235133	391.0292508	389.8427	1	0	0	0	0
2024-06-09 23:47:50	68.23760779	387.6104914	390.84726	1	0	0	0	0
2024-06-09 23:48:00	68.4198806	386.6339731	390.326748	1	0	0	0	0
2024-06-09 23:48:10	67.7551912	396.1429419	390.4974248	1	0	0	0	0
2024-06-09 23:48:20	68.058474	389.6636332	390.600861	1	0	0	0	0
2024-06-09 23:48:30	68.058474	389.6636332	390.600861	1	0	0	0	0
2024-06-09 23:48:40	68.058474	389.6636332	390.600861	1	0	0	0	0
2024-06-09 23:48:50	68.058474	389.6636332	390.600861	1	0	0	0	0
2024-06-09 23:49:00	68.058474	389.6636332	390.600861	1	0	0	0	0
2024-06-09 23:49:10	68.058474	389.6636332	390.600861	1	0	0	0	0
2024-06-09 23:49:20	68.058474	389.6636332	390.600861	1	0	0	0	0
2024-06-09 23:49:30	68.058474	389.6636332	390.600861	1	0	0	0	0
2024-06-09 23:49:40	68.058474	389.6636332	390.600861	1	0	0	0	0
2024-06-09 23:49:50	68.058474	389.6636332	390.600861	1	0	0	0	0
2024-06-09 23:50:00	68.058474	389.6636332	390.600861	1	0	0	0	0
2024-06-09 23:50:10	68.2069094	387.306436	390.1659735	1	0	0	0	0
2024-06-09 23:50:20	68.49162547	386.0866247	390.572784	1	0	0	0	0
2024-06-09 23:50:30	67.95043265	393.6785057	389.7210524	1	0	0	0	0
2024-06-09 23:50:40	67.90141689	392.189501	389.9931162	1	0	0	0	0
2024-06-09 23:50:50	68.35306376	386.482888	390.4008656	1	0	0	0	0
2024-06-09 23:51:00	68.1095346	392.445106	391.191925	1	0	0	0	0
2024-06-09 23:51:10	67.76062	394.3688584	389.8026	1	0	0	0	0
2024-06-09 23:51:20	68.23047107	386.827007	390.134017	1	0	0	0	0
2024-06-09 23:51:30	68.26414878	389.9625959	391.4380732	1	0	0	0	0
2024-06-09 23:51:40	67.73702178	396.3540267	390.8499	1	0	0	0	0
2024-06-09 23:51:50	67.991673	388.7861341	389.566132	1	0	0	0	0
2024-06-09 23:52:00	68.3502378	386.4379567	390.926722	1	0	0	0	0
2024-06-09 23:52:10	67.86801329	394.6632667	390.9929134	1	0	0	0	0
2024-06-09 23:52:20	67.77689824	392.5087411	389.9962	1	0	0	0	0
2024-06-09 23:52:30	68.27574659	385.6325151	389.9839386	1	0	0	0	0
2024-06-09 23:52:40	68.23363444	389.1777467	390.384314	1	0	0	0	0
2024-06-09 23:52:50	67.63441404	396.8163105	390.4321224	1	0	0	0	0
2024-06-09 23:53:00	68.0494446	389.148174	390.776855	1	0	0	0	0
2024-06-09 23:53:10	68.4207328	385.3827363	390.665222	1	0	0	0	0
2024-06-09 23:53:20	68.0409014	391.5000281	389.7347324	1	0	0	0	0
2024-06-09 23:53:30	68.0409014	391.5000281	389.7347324	1	0	0	0	0
2024-06-09 23:53:40	68.0409014	391.5000281	389.7347324	1	0	0	0	0
2024-06-09 23:53:50	68.0409014	391.5000281	389.7347324	1	0	0	0	0
2024-06-09 23:54:00	68.0409014	391.5000281	389.7347324	1	0	0	0	0
2024-06-09 23:54:10	68.0409014	391.5000281	389.7347324	1	0	0	0	0
2024-06-09 23:54:20	68.0409014	391.5000281	389.7347324	1	0	0	0	0
2024-06-09 23:54:30	68.0409014	391.5000281	389.7347324	1	0	0	0	0
2024-06-09 23:54:40	68.0409014	391.5000281	389.7347324	1	0	0	0	0
2024-06-09 23:54:50	68.0409014	391.5000281	389.7347324	1	0	0	0	0
2024-06-09 23:55:00	68.0409014	391.5000281	389.7347324	1	0	0	0	0
2024-06-09 23:55:10	67.81074718	394.1483584	390.723541	1	0	0	0	0
2024-06-09 23:55:20	67.964276	390.0107807	390.5393161	1	0	0	0	0
2024-06-09 23:55:30	67.964276	390.0107807	390.5393161	1	0	0	0	0
2024-06-09 23:55:40	68.30031865	386.6096381	390.8193404	1	0	0	0	0
2024-06-09 23:55:50	68.25834037	389.6729178	390.9554	1	0	0	0	0
2024-06-09 23:56:00	67.7518724	395.5750707	390.455658	1	0	0	0	0
2024-06-09 23:56:10	68.1776756	387.8350408	390.539636	1	0	0	0	0
2024-06-09 23:56:20	68.3872574	387.2587586	391.1802742	1	0	0	0	0
2024-06-09 23:56:30	67.96503678	393.8414635	390.554474	1	0	0	0	0
2024-06-09 23:56:40	67.83897902	392.8630353	390.6356482	1	0	0	0	0
2024-06-09 23:56:50	68.25698089	387.7713879	391.430944	1	0	0	0	0
2024-06-09 23:57:00	68.16911936	390.86336	391.2793697	1	0	0	0	0
2024-06-09 23:57:10	67.70466336	395.8701309	390.6489	1	0	0	0	0
2024-06-09 23:57:20	68.1537586	388.4187962	391.0495	1	0	0	0	0
2024-06-09 23:57:30	68.2888464	388.9840598	391.8102947	1	0	0	0	0
2024-06-09 23:57:40	67.72615763	396.2741691	391.3873032	1	0	0	0	0
2024-06-09 23:57:50	67.8578994	391.4499472	390.9838	1	0	0	0	0
2024-06-09 23:58:00	68.2989816	385.9501536	391.069977	1	0	0	0	0
2024-06-09 23:58:10	68.2111244	390.0744163	390.8454076	1	0	0	0	0
2024-06-09 23:58:20	67.7016488	396.7808927	391.2055484	1	0	0	0	0
2024-06-09 23:58:30	68.24916575	387.4106208	391.015045	1	0	0	0	0
2024-06-09 23:58:40	68.27824184	389.3175444	390.6329043	1	0	0	0	0
2024-06-09 23:58:50	67.72190133	396.7531662	390.658276	1	0	0	0	0
2024-06-09 23:59:00	68.07322826	390.132248	391.486563	1	0	0	0	0
2024-06-09 23:59:10	68.47046239	385.9494684	391.228058	1	0	0	0	0
2024-06-09 23:59:20	67.97025645	393.73817	390.6524	1	0	0	0	0
2024-06-09 23:59:30	67.9928584	391.2912719	390.9370106	1	0	0	0	0
2024-06-09 23:59:40	68.27789286	388.7572947	391.8772772	1	0	0	0	0
2024-06-09 23:59:50	68.10793067	392.5481493	391.711334	1	0	0	0	0
2024-06-10 00:00:00	67.71636367	395.6591812	390.6437	1	0	0	0	0
