PROCESSDATA	2111LIC31102B Data	yyyy-MM-dd HH:mm:ss
8	10	2024-08-24 21:55:00	751
tagname	2111LIC31102B.MV	2111LIC31102B.PV	2111LIC31102B.SV	2111LIC31102B.MODE	bOpOFL	bPvOFL	bSpOFL	bAutOFL
desc	C301中段_OP	C301中段_PV	C301中段_SP	Aut	bOpOFL	bPvOFL	bSpOFL	bAutOFL
fsMax=2.1712947780000036	fsMin=0	fsGridNum=10	fdMax=2.1712947780000036tfdMin=0	fdGridNum=10	v0GridNum=10	L=24
2024-08-24 21:55:00	60.94219412291667	48.423444741666664	47.98181	1	0	0	0	0
2024-08-24 21:55:10	61.552371449	48.160111125	47.98181	1	0	0	0	0
2024-08-24 21:55:20	61.552371449	48.160111125	47.98181	1	0	0	0	0
2024-08-24 21:55:30	62.241238599	47.877504875	47.98181	1	0	0	0	0
2024-08-24 21:55:40	63.181362422	47.359494524999995	47.98181	1	0	0	0	0
2024-08-24 21:55:50	63.181362422	47.359494524999995	47.98181	1	0	0	0	0
2024-08-24 21:56:00	63.385457211	47.309630007	47.98181	1	0	0	0	0
2024-08-24 21:56:10	63.548936061000006	47.293522457	47.98181	1	0	0	0	0
2024-08-24 21:56:20	63.284225813	47.485989718	47.98181	1	0	0	0	0
2024-08-24 21:56:30	62.949810363	47.712411018	47.98181	1	0	0	0	0
2024-08-24 21:56:40	62.366854354	47.9681916	47.98181	1	0	0	0	0
2024-08-24 21:56:50	61.743438254	48.2287516	47.98181	1	0	0	0	0
2024-08-24 21:57:00	61.406599438	48.403862000000004	47.98181	1	0	0	0	0
2024-08-24 21:57:10	61.116412738	48.565062	47.98181	1	0	0	0	0
2024-08-24 21:57:20	60.988014742	48.596868807999996	47.98181	1	0	0	0	0
2024-08-24 21:57:30	60.885954442	48.607611608	47.98181	1	0	0	0	0
2024-08-24 21:57:40	61.118691583	48.417452431	47.98181	1	0	0	0	0
2024-08-24 21:57:50	61.405930633	48.194588280999994	47.98181	1	0	0	0	0
2024-08-24 21:58:00	61.999586737	47.939999160999996	47.98181	1	0	0	0	0
2024-08-24 21:58:10	62.643124687000004	47.680245511	47.98181	1	0	0	0	0
2024-08-24 21:58:20	63.02930450980392	47.49794980392157	47.98181	1	0	0	0	0
2024-08-24 21:58:30	63.37358882352942	47.328263529411764	47.98181	1	0	0	0	0
2024-08-24 21:58:40	63.29972088121828	47.39468246091371	47.98181	1	0	0	0	0
2024-08-24 21:58:50	63.13406341928934	47.512929364467006	47.98181	1	0	0	0	0
2024-08-24 21:59:00	62.79831350351758	47.726808641206034	47.98181	1	0	0	0	0
2024-08-24 21:59:10	62.43254727236181	47.95756421909548	47.98181	1	0	0	0	0
2024-08-24 21:59:20	61.895117500000005	48.1908735	47.98181	1	0	0	0	0
2024-08-24 21:59:30	61.3297425	48.4245985	47.98181	1	0	0	0	0
2024-08-24 21:59:40	61.062811666	48.5443692	47.98181	1	0	0	0	0
2024-08-24 21:59:50	60.844464766	48.645589199999996	47.98181	1	0	0	0	0
2024-08-24 22:00:00	60.963104609000005	48.559034306	47.98181	1	0	0	0	0
2024-08-24 22:00:10	61.136602759000006	48.441911406	47.98181	1	0	0	0	0
2024-08-24 22:00:20	61.50083531094528	48.1950762159204	47.98181	1	0	0	0	0
2024-08-24 22:00:30	61.89611764925373	47.92712507164179	47.98181	1	0	0	0	0
2024-08-24 22:00:40	62.57383412060302	47.644840397487435	47.98181	1	0	0	0	0
2024-08-24 22:00:50	63.30139190954774	47.36002627688442	47.98181	1	0	0	0	0
2024-08-24 22:01:00	63.538142419	47.293726735999996	47.98181	1	0	0	0	0
2024-08-24 22:01:10	63.694994069	47.262999336	47.98181	1	0	0	0	0
2024-08-24 22:01:20	63.33959141923077	47.44052539807692	47.98181	1	0	0	0	0
2024-08-24 22:01:30	62.90079853461538	47.65195318653846	47.98181	1	0	0	0	0
2024-08-24 22:01:40	62.431194934375	47.922759915625	47.98181	1	0	0	0	0
2024-08-24 22:01:50	61.952901132291665	48.21031455104167	47.98181	1	0	0	0	0
2024-08-24 22:02:00	61.4398451	48.420852157	47.98181	1	0	0	0	0
2024-08-24 22:02:10	60.9211301	48.618852107	47.98181	1	0	0	0	0
2024-08-24 22:02:20	60.761442138	48.650312197	47.98181	1	0	0	0	0
2024-08-24 22:02:30	60.660200438	48.654661147	47.98181	1	0	0	0	0
2024-08-24 22:02:40	61.07337317910448	48.45088950248756	47.98181	1	0	0	0	0
2024-08-24 22:02:50	61.570287805970146	48.21323776119403	47.98181	1	0	0	0	0
2024-08-24 22:03:00	62.06732412060301	47.921217741206036	47.98181	1	0	0	0	0
2024-08-24 22:03:10	62.564381909547734	47.61960331909548	47.98181	1	0	0	0	0
2024-08-24 22:03:20	63.0931498	47.411824161	47.98181	1	0	0	0	0
2024-08-24 22:03:30	63.627079800000004	47.219320511	47.98181	1	0	0	0	0
2024-08-24 22:03:40	63.5658124	47.310647476999996	47.98181	1	0	0	0	0
2024-08-24 22:03:50	63.407652399999996	47.448179427	47.98181	1	0	0	0	0
2024-08-24 22:04:00	62.89138969	47.688212756	47.98181	1	0	0	0	0
2024-08-24 22:04:10	62.31683119	47.944932355999995	47.98181	1	0	0	0	0
2024-08-24 22:04:20	61.88837121	48.186310029	47.98181	1	0	0	0	0
2024-08-24 22:04:30	61.483694709999995	48.425190179	47.98181	1	0	0	0	0
2024-08-24 22:04:40	61.1535643	48.542709838	47.98181	1	0	0	0	0
2024-08-24 22:04:50	60.835569299999996	48.640473138	47.98181	1	0	0	0	0
2024-08-24 22:05:00	60.914372495	48.550770799999995	47.98181	1	0	0	0	0
2024-08-24 22:05:10	61.057770745	48.4305508	47.98181	1	0	0	0	0
2024-08-24 22:05:20	61.605060083	48.172902799999996	47.98181	1	0	0	0	0
2024-08-24 22:05:30	62.218099133	47.892882799999995	47.98181	1	0	0	0	0
2024-08-24 22:05:40	62.694428971	47.632615580999996	47.98181	1	0	0	0	0
2024-08-24 22:05:50	63.148503821	47.375563931	47.98181	1	0	0	0	0
2024-08-24 22:06:00	63.333113151	47.332738195000005	47.98181	1	0	0	0	0
2024-08-24 22:06:10	63.473856001	47.324786445	47.98181	1	0	0	0	0
2024-08-24 22:06:20	63.285351248	47.489829414	47.98181	1	0	0	0	0
2024-08-24 22:06:30	63.043248047999995	47.683034314	47.98181	1	0	0	0	0
2024-08-24 22:06:40	62.418595692	47.95942151	47.98181	1	0	0	0	0
2024-08-24 22:06:50	61.731667892	48.24935001	47.98181	1	0	0	0	0
2024-08-24 22:07:00	61.310097950999996	48.4529358	47.98181	1	0	0	0	0
2024-08-24 22:07:10	60.931725801	48.6424658	47.98181	1	0	0	0	0
2024-08-24 22:07:20	60.772438006	48.6908483	47.98181	1	0	0	0	0
2024-08-24 22:07:30	60.648815106	48.716253300000005	47.98181	1	0	0	0	0
2024-08-24 22:07:40	60.948466103	48.493485434	47.98181	1	0	0	0	0
2024-08-24 22:07:50	61.317022153	48.230317334	47.98181	1	0	0	0	0
2024-08-24 22:08:00	62.013901263	47.920905142	47.98181	1	0	0	0	0
2024-08-24 22:08:10	62.764228313	47.603964842	47.98181	1	0	0	0	0
2024-08-24 22:08:20	63.206038318	47.403772724	47.98181	1	0	0	0	0
2024-08-24 22:08:30	63.597624618	47.222586124	47.98181	1	0	0	0	0
2024-08-24 22:08:40	63.441783723	47.328437338	47.98181	1	0	0	0	0
2024-08-24 22:08:50	63.196826773	47.481015637999995	47.98181	1	0	0	0	0
2024-08-24 22:09:00	62.798489296	47.725935062	47.98181	1	0	0	0	0
2024-08-24 22:09:10	62.375182896	47.985886762	47.98181	1	0	0	0	0
2024-08-24 22:09:20	61.784352151	48.242957849	47.98181	1	0	0	0	0
2024-08-24 22:09:30	61.166250001	48.499559999	47.98181	1	0	0	0	0
2024-08-24 22:09:40	60.909115909	48.598280683	47.98181	1	0	0	0	0
2024-08-24 22:09:50	60.710744059	48.671299733	47.98181	1	0	0	0	0
2024-08-24 22:10:00	60.95796474	48.537753276	47.98181	1	0	0	0	0
2024-08-24 22:10:10	61.27772374	48.370579876	47.98181	1	0	0	0	0
2024-08-24 22:10:20	61.741040863	48.073501369	47.98181	1	0	0	0	0
2024-08-24 22:10:30	62.227727913	47.755275519	47.98181	1	0	0	0	0
2024-08-24 22:10:40	62.84713067403846	47.509727925	47.98181	1	0	0	0	0
2024-08-24 22:10:50	63.48813831826923	47.276011675	47.98181	1	0	0	0	0
2024-08-24 22:11:00	63.557569853124996	47.306473584375	47.98181	1	0	0	0	0
2024-08-24 22:11:10	63.465787613541664	47.41144728229167	47.98181	1	0	0	0	0
2024-08-24 22:11:20	62.958024096	47.650165387	47.98181	1	0	0	0	0
2024-08-24 22:11:30	62.382542696	47.910655837	47.98181	1	0	0	0	0
2024-08-24 22:11:40	61.952888959	48.151675672	47.98181	1	0	0	0	0
2024-08-24 22:11:50	61.546974609	48.389525872	47.98181	1	0	0	0	0
2024-08-24 22:12:00	61.264019662	48.485026593	47.98181	1	0	0	0	0
2024-08-24 22:12:10	61.001081362	48.557354143000005	47.98181	1	0	0	0	0
2024-08-24 22:12:20	61.065395154679806	48.46743912315271	47.98181	1	0	0	0	0
2024-08-24 22:12:30	61.182982543842364	48.35111252216748	47.98181	1	0	0	0	0
2024-08-24 22:12:40	61.719677987817256	48.105659325888325	47.98181	1	0	0	0	0
2024-08-24 22:12:50	62.34221484060914	47.83375851370558	47.98181	1	0	0	0	0
2024-08-24 22:13:00	62.790775497	47.589966468	47.98181	1	0	0	0	0
2024-08-24 22:13:10	63.211014447000004	47.350750268	47.98181	1	0	0	0	0
2024-08-24 22:13:20	63.340512853	47.330832305	47.98181	1	0	0	0	0
2024-08-24 22:13:30	63.422681403	47.346614055	47.98181	1	0	0	0	0
2024-08-24 22:13:40	63.142585359	47.544830271	47.98181	1	0	0	0	0
2024-08-24 22:13:50	62.803516009	47.772745121	47.98181	1	0	0	0	0
2024-08-24 22:14:00	62.222036911000004	48.028518424	47.98181	1	0	0	0	0
2024-08-24 22:14:10	61.601095761	48.288826824000004	47.98181	1	0	0	0	0
2024-08-24 22:14:20	61.265581731	48.452247839	47.98181	1	0	0	0	0
2024-08-24 22:14:30	60.976532581	48.599896488999995	47.98181	1	0	0	0	0
2024-08-24 22:14:40	60.971005049	48.577489211999996	47.98181	1	0	0	0	0
2024-08-24 22:14:50	61.011632199	48.527398412	47.98181	1	0	0	0	0
2024-08-24 22:15:00	61.3497272	48.303646049	47.98181	1	0	0	0	0
2024-08-24 22:15:10	61.7362472	48.051623199	47.98181	1	0	0	0	0
2024-08-24 22:15:20	62.392770521	47.7599912	47.98181	1	0	0	0	0
2024-08-24 22:15:30	63.093247871	47.4619112	47.98181	1	0	0	0	0
2024-08-24 22:15:40	63.424064584	47.335326810000005	47.98181	1	0	0	0	0
2024-08-24 22:15:50	63.694703984	47.236660310000005	47.98181	1	0	0	0	0
2024-08-24 22:16:00	63.373793244	47.40752469	47.98181	1	0	0	0	0
2024-08-24 22:16:10	62.956583644	47.62226619	47.98181	1	0	0	0	0
2024-08-24 22:16:20	62.540687651	47.880540503	47.98181	1	0	0	0	0
2024-08-24 22:16:30	62.125005501	48.145901552999995	47.98181	1	0	0	0	0
2024-08-24 22:16:40	61.6113196	48.351132392	47.98181	1	0	0	0	0
2024-08-24 22:16:50	61.0816796	48.546574592	47.98181	1	0	0	0	0
2024-08-24 22:17:00	60.896098252	48.608727671000004	47.98181	1	0	0	0	0
2024-08-24 22:17:10	60.766526452	48.649182521	47.98181	1	0	0	0	0
2024-08-24 22:17:20	61.1155352039801	48.461738933333336	47.98181	1	0	0	0	0
2024-08-24 22:17:30	61.54245241791045	48.2371956	47.98181	1	0	0	0	0
2024-08-24 22:17:40	61.97791719095478	47.97084300201005	47.98181	1	0	0	0	0
2024-08-24 22:17:50	62.41489035678392	47.69711229849246	47.98181	1	0	0	0	0
2024-08-24 22:18:00	62.982122162	47.468440997	47.98181	1	0	0	0	0
2024-08-24 22:18:10	63.570558862	47.247104947000004	47.98181	1	0	0	0	0
2024-08-24 22:18:20	63.6442841	47.278819124	47.98181	1	0	0	0	0
2024-08-24 22:18:30	63.6342191	47.351727524	47.98181	1	0	0	0	0
2024-08-24 22:18:40	63.182536704	47.557423579	47.98181	1	0	0	0	0
2024-08-24 22:18:50	62.658963104	47.784736229	47.98181	1	0	0	0	0
2024-08-24 22:19:00	62.216910796	48.049642403	47.98181	1	0	0	0	0
2024-08-24 22:19:10	61.788129395999995	48.320668453	47.98181	1	0	0	0	0
2024-08-24 22:19:20	61.305061699999996	48.502975097	47.98181	1	0	0	0	0
2024-08-24 22:19:30	60.8131567	48.670839046999994	47.98181	1	0	0	0	0
2024-08-24 22:19:40	60.7343398	48.659988332	47.98181	1	0	0	0	0
2024-08-24 22:19:50	60.7227698	48.620044531999994	47.98181	1	0	0	0	0
2024-08-24 22:20:00	61.211414500000004	48.379102564	47.98181	1	0	0	0	0
2024-08-24 22:20:10	61.7814895	48.105439964	47.98181	1	0	0	0	0
2024-08-24 22:20:20	62.226450582	47.828911758000004	47.98181	1	0	0	0	0
2024-08-24 22:20:30	62.651044282	47.551917058	47.98181	1	0	0	0	0
2024-08-24 22:20:40	63.070402818	47.414836446	47.98181	1	0	0	0	0
2024-08-24 22:20:50	63.488909118	47.300532546	47.98181	1	0	0	0	0
2024-08-24 22:21:00	63.364288008	47.4274577	47.98181	1	0	0	0	0
2024-08-24 22:21:10	63.151250808	47.5936527	47.98181	1	0	0	0	0
2024-08-24 22:21:20	62.599575192	47.8445233	47.98181	1	0	0	0	0
2024-08-24 22:21:30	61.992772392	48.1091783	47.98181	1	0	0	0	0
2024-08-24 22:21:40	61.581465953	48.323342700000005	47.98181	1	0	0	0	0
2024-08-24 22:21:50	61.201984503	48.529287700000005	47.98181	1	0	0	0	0
2024-08-24 22:22:00	60.954744952	48.6153659	47.98181	1	0	0	0	0
2024-08-24 22:22:10	60.729033152	48.6819309	47.98181	1	0	0	0	0
2024-08-24 22:22:20	60.880055231	48.545030177	47.98181	1	0	0	0	0
2024-08-24 22:22:30	61.092406081	48.375007127	47.98181	1	0	0	0	0
2024-08-24 22:22:40	61.685688384	48.107383623000004	47.98181	1	0	0	0	0
2024-08-24 22:22:50	62.340982784	47.823871673	47.98181	1	0	0	0	0
2024-08-24 22:23:00	62.82268928	47.5667161	47.98181	1	0	0	0	0
2024-08-24 22:23:10	63.27613728	47.3138511	47.98181	1	0	0	0	0
2024-08-24 22:23:20	63.3462162	47.3234108	47.98181	1	0	0	0	0
2024-08-24 22:23:30	63.3538862	47.3756908	47.98181	1	0	0	0	0
2024-08-24 22:23:40	63.029685167	47.6059134	47.98181	1	0	0	0	0
2024-08-24 22:23:50	62.651458616999996	47.8651034	47.98181	1	0	0	0	0
2024-08-24 22:24:00	62.062981932999996	48.1178735	47.98181	1	0	0	0	0
2024-08-24 22:24:10	61.440278483	48.3695985	47.98181	1	0	0	0	0
2024-08-24 22:24:20	61.158256164	48.519806132999996	47.98181	1	0	0	0	0
2024-08-24 22:24:30	60.931693564	48.653487682999994	47.98181	1	0	0	0	0
2024-08-24 22:24:40	60.8999748	48.6722031	47.98181	1	0	0	0	0
2024-08-24 22:24:50	60.92960911034483	48.600898479310345	47.98181	1	0	0	0	0
2024-08-24 22:25:00	61.299584478999996	48.302070014	47.98181	1	0	0	0	0
2024-08-24 22:25:10	61.697627129	48.031979914000004	47.98181	1	0	0	0	0
2024-08-24 22:25:20	62.371016667	47.749784282	47.98181	1	0	0	0	0
2024-08-24 22:25:30	63.089230117	47.465617982000005	47.98181	1	0	0	0	0
2024-08-24 22:25:40	63.349135936	47.371740227000004	47.98181	1	0	0	0	0
2024-08-24 22:25:50	63.534433536	47.308839677	47.98181	1	0	0	0	0
2024-08-24 22:26:00	63.242835164000006	47.464101648	47.98181	1	0	0	0	0
2024-08-24 22:26:10	62.873602564	47.654878448000005	47.98181	1	0	0	0	0
2024-08-24 22:26:20	62.493682400000004	47.881304355000005	47.98181	1	0	0	0	0
2024-08-24 22:26:30	62.1120224	48.113533605	47.98181	1	0	0	0	0
2024-08-24 22:26:40	61.62820630769231	48.31490930480769	47.98181	1	0	0	0	0
2024-08-24 22:26:50	61.127760153846154	48.511262333653846	47.98181	1	0	0	0	0
2024-08-24 22:27:00	60.883282625	48.612422084375	47.98181	1	0	0	0	0
2024-08-24 22:27:10	60.711001374999995	48.68673244895833	47.98181	1	0	0	0	0
2024-08-24 22:27:20	60.944522133	48.54673007	47.98181	1	0	0	0	0
2024-08-24 22:27:30	61.244103683000006	48.37183957	47.98181	1	0	0	0	0
2024-08-24 22:27:40	61.690610299	48.095470661	47.98181	1	0	0	0	0
2024-08-24 22:27:50	62.161034949	47.802582011000005	47.98181	1	0	0	0	0
2024-08-24 22:28:00	62.723073808	47.578587832000004	47.98181	1	0	0	0	0
2024-08-24 22:28:10	63.300026608	47.365809032	47.98181	1	0	0	0	0
2024-08-24 22:28:20	63.425714532	47.360021783	47.98181	1	0	0	0	0
2024-08-24 22:28:30	63.477940732	47.387930833	47.98181	1	0	0	0	0
2024-08-24 22:28:40	63.06215057920792	47.5821798990099	47.98181	1	0	0	0	0
2024-08-24 22:28:50	62.570171717821786	47.803507572277226	47.98181	1	0	0	0	0
2024-08-24 22:29:00	62.195929906060606	48.017659612121214	47.98181	1	0	0	0	0
2024-08-24 22:29:10	61.8441141989899	48.230444864646465	47.98181	1	0	0	0	0
2024-08-24 22:29:20	61.456339361	48.384937036000004	47.98181	1	0	0	0	0
2024-08-24 22:29:30	61.062710711	48.529939636	47.98181	1	0	0	0	0
2024-08-24 22:29:40	60.974710839	48.529919533000005	47.98181	1	0	0	0	0
2024-08-24 22:29:50	60.936464488999995	48.506291083	47.98181	1	0	0	0	0
2024-08-24 22:30:00	61.2809064	48.343726107	47.98181	1	0	0	0	0
2024-08-24 22:30:10	61.687646400000006	48.158543557	47.98181	1	0	0	0	0
2024-08-24 22:30:20	62.056879349000006	47.936794968	47.98181	1	0	0	0	0
2024-08-24 22:30:30	62.420006499	47.709093767999995	47.98181	1	0	0	0	0
2024-08-24 22:30:40	62.875278951	47.53093024499999	47.98181	1	0	0	0	0
2024-08-24 22:30:50	63.345551801	47.360830995	47.98181	1	0	0	0	0
2024-08-24 22:31:00	63.349691965999995	47.406136546999996	47.98181	1	0	0	0	0
2024-08-24 22:31:10	63.277950065999995	47.486507997	47.98181	1	0	0	0	0
2024-08-24 22:31:20	62.895575134	47.6673649	47.98181	1	0	0	0	0
2024-08-24 22:31:30	62.462632034	47.8645799	47.98181	1	0	0	0	0
2024-08-24 22:31:40	62.0748545	48.088955807	47.98181	1	0	0	0	0
2024-08-24 22:31:50	61.694429500000005	48.317753257	47.98181	1	0	0	0	0
2024-08-24 22:32:00	61.280534418	48.471759044	47.98181	1	0	0	0	0
2024-08-24 22:32:10	60.861190717999996	48.613589444000006	47.98181	1	0	0	0	0
2024-08-24 22:32:20	60.806499746	48.599245349	47.98181	1	0	0	0	0
2024-08-24 22:32:30	60.811170845999996	48.559477499	47.98181	1	0	0	0	0
2024-08-24 22:32:40	61.247346129	48.35396946	47.98181	1	0	0	0	0
2024-08-24 22:32:50	61.753766279	48.12148046	47.98181	1	0	0	0	0
2024-08-24 22:33:00	62.201167682	47.856349429	47.98181	1	0	0	0	0
2024-08-24 22:33:10	62.638961382	47.585904579	47.98181	1	0	0	0	0
2024-08-24 22:33:20	63.073700835	47.422088721	47.98181	1	0	0	0	0
2024-08-24 22:33:30	63.507943085	47.275631071	47.98181	1	0	0	0	0
2024-08-24 22:33:40	63.404445867999996	47.391175087	47.98181	1	0	0	0	0
2024-08-24 22:33:50	63.213409668	47.549370537	47.98181	1	0	0	0	0
2024-08-24 22:34:00	62.730421098	47.76349441	47.98181	1	0	0	0	0
2024-08-24 22:34:10	62.199905398000006	47.98672291	47.98181	1	0	0	0	0
2024-08-24 22:34:20	61.799698403	48.215400499	47.98181	1	0	0	0	0
2024-08-24 22:34:30	61.420704453	48.444965149	47.98181	1	0	0	0	0
2024-08-24 22:34:40	61.140183771	48.537648415	47.98181	1	0	0	0	0
2024-08-24 22:34:50	60.875693620999996	48.608048665	47.98181	1	0	0	0	0
2024-08-24 22:35:00	60.97527084	48.506599157	47.98181	1	0	0	0	0
2024-08-24 22:35:10	61.13411484	48.377174107	47.98181	1	0	0	0	0
2024-08-24 22:35:20	61.654022745	48.135774262	47.98181	1	0	0	0	0
2024-08-24 22:35:30	62.232708495	47.876145962	47.98181	1	0	0	0	0
2024-08-24 22:35:40	62.686675841	47.62165126	47.98181	1	0	0	0	0
2024-08-24 22:35:50	63.120340191000004	47.367992259999994	47.98181	1	0	0	0	0
2024-08-24 22:36:00	63.315972924	47.326173577	47.98181	1	0	0	0	0
2024-08-24 22:36:10	63.472856324	47.318840527	47.98181	1	0	0	0	0
2024-08-24 22:36:20	63.216534663999994	47.5127544	47.98181	1	0	0	0	0
2024-08-24 22:36:30	62.892947064	47.7394294	47.98181	1	0	0	0	0
2024-08-24 22:36:40	62.337449584999995	47.974314260999996	47.98181	1	0	0	0	0
2024-08-24 22:36:50	61.744199335	48.210535611	47.98181	1	0	0	0	0
2024-08-24 22:37:00	61.404290550999995	48.38880771	47.98181	1	0	0	0	0
2024-08-24 22:37:10	61.105623400999995	48.55764621	47.98181	1	0	0	0	0
2024-08-24 22:37:20	60.9578924	48.591581498000004	47.98181	1	0	0	0	0
2024-08-24 22:37:30	60.8347324	48.603555798	47.98181	1	0	0	0	0
2024-08-24 22:37:40	61.067167823	48.436331554	47.98181	1	0	0	0	0
2024-08-24 22:37:50	61.357490873	48.239935454	47.98181	1	0	0	0	0
2024-08-24 22:38:00	61.942480758706466	47.97596485870647	47.98181	1	0	0	0	0
2024-08-24 22:38:10	62.57543966417911	47.7009937641791	47.98181	1	0	0	0	0
2024-08-24 22:38:20	63.013406125628144	47.49525469045226	47.98181	1	0	0	0	0
2024-08-24 22:38:30	63.4169621557789	47.301733032160804	47.98181	1	0	0	0	0
2024-08-24 22:38:40	63.3726336	47.351544382	47.98181	1	0	0	0	0
2024-08-24 22:38:50	63.2553936	47.440968082	47.98181	1	0	0	0	0
2024-08-24 22:39:00	62.9161188	47.652367818	47.98181	1	0	0	0	0
2024-08-24 22:39:10	62.5406988	47.883624118	47.98181	1	0	0	0	0
2024-08-24 22:39:20	61.986853396	48.1263216	47.98181	1	0	0	0	0
2024-08-24 22:39:30	61.403961996	48.3708816	47.98181	1	0	0	0	0
2024-08-24 22:39:40	61.122004204	48.503657639	47.98181	1	0	0	0	0
2024-08-24 22:39:50	60.889035604	48.618236289	47.98181	1	0	0	0	0
2024-08-24 22:40:00	60.964598497	48.551277152	47.98181	1	0	0	0	0
2024-08-24 22:40:10	61.090387447	48.454765351999995	47.98181	1	0	0	0	0
2024-08-24 22:40:20	61.436370238	48.240916485	47.98181	1	0	0	0	0
2024-08-24 22:40:30	61.818198538	48.007966235	47.98181	1	0	0	0	0
2024-08-24 22:40:40	62.413044065	47.745395134	47.98181	1	0	0	0	0
2024-08-24 22:40:50	63.042566815	47.478002034	47.98181	1	0	0	0	0
2024-08-24 22:41:00	63.305311691	47.37013859	47.98181	1	0	0	0	0
2024-08-24 22:41:10	63.508348541	47.288245090000004	47.98181	1	0	0	0	0
2024-08-24 22:41:20	63.259052309	47.436890500000004	47.98181	1	0	0	0	0
2024-08-24 22:41:30	62.936120459	47.6230655	47.98181	1	0	0	0	0
2024-08-24 22:41:40	62.551293721	47.858511018	47.98181	1	0	0	0	0
2024-08-24 22:41:50	62.156391071	48.101977318	47.98181	1	0	0	0	0
2024-08-24 22:42:00	61.641421499	48.314631882	47.98181	1	0	0	0	0
2024-08-24 22:42:10	61.106906149000004	48.522270582000004	47.98181	1	0	0	0	0
2024-08-24 22:42:20	60.91726658	48.585403740000004	47.98181	1	0	0	0	0
2024-08-24 22:42:30	60.78376958	48.62501274	47.98181	1	0	0	0	0
2024-08-24 22:42:40	61.02843352139303	48.48957700199005	47.98181	1	0	0	0	0
2024-08-24 22:42:50	61.33465854626866	48.32564560895523	47.98181	1	0	0	0	0
2024-08-24 22:43:00	61.768389551256284	48.054303847236184	47.98181	1	0	0	0	0
2024-08-24 22:43:10	62.224621611557794	47.764007314572865	47.98181	1	0	0	0	0
2024-08-24 22:43:20	62.838974037	47.51032926600001	47.98181	1	0	0	0	0
2024-08-24 22:43:30	63.479066987	47.262612366000006	47.98181	1	0	0	0	0
2024-08-24 22:43:40	63.520054267	47.300499746	47.98181	1	0	0	0	0
2024-08-24 22:43:50	63.463512717	47.384880846	47.98181	1	0	0	0	0
2024-08-24 22:44:00	63.001106938	47.608457848	47.98181	1	0	0	0	0
2024-08-24 22:44:10	62.472630238	47.854694648000006	47.98181	1	0	0	0	0
2024-08-24 22:44:20	62.044162895	48.101864806	47.98181	1	0	0	0	0
2024-08-24 22:44:30	61.631976144999996	48.349186906	47.98181	1	0	0	0	0
2024-08-24 22:44:40	61.2045431	48.512922939999996	47.98181	1	0	0	0	0
2024-08-24 22:44:50	60.7746281	48.663051939999995	47.98181	1	0	0	0	0
2024-08-24 22:45:00	60.761945024	48.611937499999996	47.98181	1	0	0	0	0
2024-08-24 22:45:10	60.817183424	48.5280625	47.98181	1	0	0	0	0
2024-08-24 22:45:20	61.374991376	48.270899951	47.98181	1	0	0	0	0
2024-08-24 22:45:30	62.014612976	47.985527800999996	47.98181	1	0	0	0	0
2024-08-24 22:45:40	62.514450047	47.690991749	47.98181	1	0	0	0	0
2024-08-24 22:45:50	62.991531497	47.394963899000004	47.98181	1	0	0	0	0
2024-08-24 22:46:00	63.282403253	47.316579775	47.98181	1	0	0	0	0
2024-08-24 22:46:10	63.542961803	47.273626025	47.98181	1	0	0	0	0
2024-08-24 22:46:20	63.316195375999996	47.458380022	47.98181	1	0	0	0	0
2024-08-24 22:46:30	63.010096976	47.680202722	47.98181	1	0	0	0	0
2024-08-24 22:46:40	62.413707124	47.943154836	47.98181	1	0	0	0	0
2024-08-24 22:46:50	61.770060524	48.212802436	47.98181	1	0	0	0	0
2024-08-24 22:47:00	61.403877099999995	48.399899366999996	47.98181	1	0	0	0	0
2024-08-24 22:47:10	61.0828621	48.573557817	47.98181	1	0	0	0	0
2024-08-24 22:47:20	60.918715399999996	48.606691579	47.98181	1	0	0	0	0
2024-08-24 22:47:30	60.7801054	48.616949229	47.98181	1	0	0	0	0
2024-08-24 22:47:40	61.049275021	48.415279272	47.98181	1	0	0	0	0
2024-08-24 22:47:50	61.384827371	48.179109472	47.98181	1	0	0	0	0
2024-08-24 22:48:00	62.057929979	47.891364698	47.98181	1	0	0	0	0
2024-08-24 22:48:10	62.785982628999996	47.595223997999994	47.98181	1	0	0	0	0
2024-08-24 22:48:20	63.217366153	47.395486589	47.98181	1	0	0	0	0
2024-08-24 22:48:30	63.600454703	47.211442739	47.98181	1	0	0	0	0
2024-08-24 22:48:40	63.447506843999996	47.318941082	47.98181	1	0	0	0	0
2024-08-24 22:48:50	63.207297243999996	47.473899782	47.98181	1	0	0	0	0
2024-08-24 22:49:00	62.856180711	47.705710791	47.98181	1	0	0	0	0
2024-08-24 22:49:10	62.487009561	47.950032641	47.98181	1	0	0	0	0
2024-08-24 22:49:20	61.881491792	48.203600953	47.98181	1	0	0	0	0
2024-08-24 22:49:30	61.237498992	48.458674503	47.98181	1	0	0	0	0
2024-08-24 22:49:40	60.9493594	48.583450872	47.98181	1	0	0	0	0
2024-08-24 22:49:50	60.7191494	48.687016072000006	47.98181	1	0	0	0	0
2024-08-24 22:50:00	60.916814168	48.571724903	47.98181	1	0	0	0	0
2024-08-24 22:50:10	61.184132968	48.420805953	47.98181	1	0	0	0	0
2024-08-24 22:50:20	61.58454708457711	48.160893679104475	47.98181	1	0	0	0	0
2024-08-24 22:50:30	62.006627880597016	47.883238305970146	47.98181	1	0	0	0	0
2024-08-24 22:50:40	62.666699798994976	47.605263175879394	47.98181	1	0	0	0	0
2024-08-24 22:50:50	63.36877015075377	47.32723161809045	47.98181	1	0	0	0	0
2024-08-24 22:51:00	63.516141704999995	47.297949003999996	47.98181	1	0	0	0	0
2024-08-24 22:51:10	63.573213455	47.309160403999996	47.98181	1	0	0	0	0
2024-08-24 22:51:20	63.176771128	47.5047804	47.98181	1	0	0	0	0
2024-08-24 22:51:30	62.706500928	47.7304204	47.98181	1	0	0	0	0
2024-08-24 22:51:40	62.296671657	47.981362847	47.98181	1	0	0	0	0
2024-08-24 22:51:50	61.896681607	48.236424297	47.98181	1	0	0	0	0
2024-08-24 22:52:00	61.415909048	48.427903453000006	47.98181	1	0	0	0	0
2024-08-24 22:52:10	60.921985848000006	48.609032003	47.98181	1	0	0	0	0
2024-08-24 22:52:20	60.77432763	48.6258545	47.98181	1	0	0	0	0
2024-08-24 22:52:30	60.68303813	48.6159295	47.98181	1	0	0	0	0
2024-08-24 22:52:40	61.13631181	48.394845432	47.98181	1	0	0	0	0
2024-08-24 22:52:50	61.67823531	48.139386632	47.98181	1	0	0	0	0
2024-08-24 22:53:00	62.172430444	47.858069868	47.98181	1	0	0	0	0
2024-08-24 22:53:10	62.658855844	47.572543668	47.98181	1	0	0	0	0
2024-08-24 22:53:20	63.14771384	47.391120253000004	47.98181	1	0	0	0	0
2024-08-24 22:53:30	63.63696784	47.226643803	47.98181	1	0	0	0	0
2024-08-24 22:53:40	63.545259934	47.329053647	47.98181	1	0	0	0	0
2024-08-24 22:53:50	63.358976833999996	47.474910097000006	47.98181	1	0	0	0	0
2024-08-24 22:54:00	62.844524786	47.7080897	47.98181	1	0	0	0	0
2024-08-24 22:54:10	62.276649886	47.9554847	47.98181	1	0	0	0	0
2024-08-24 22:54:20	61.833905115	48.197722108	47.98181	1	0	0	0	0
2024-08-24 22:54:30	61.411530365	48.439119908	47.98181	1	0	0	0	0
2024-08-24 22:54:40	61.3523979	48.4729156	47.98181	1	0	0	0	0
2024-08-24 22:54:50	61.07910662368421	48.571120994736845	47.98181	1	0	0	0	0
2024-08-24 22:55:00	60.78963447120419	48.59974322722513	47.98181	1	0	0	0	0
2024-08-24 22:55:10	60.957913005235596	48.44135443141361	47.98181	1	0	0	0	0
2024-08-24 22:55:20	61.58751744	48.1541409	47.98181	1	0	0	0	0
2024-08-24 22:55:30	62.292221440000006	47.8459559	47.98181	1	0	0	0	0
2024-08-24 22:55:40	62.814599463	47.5562351	47.98181	1	0	0	0	0
2024-08-24 22:55:50	63.307296513000004	47.2695201	47.98181	1	0	0	0	0
2024-08-24 22:56:00	63.454497937000006	47.25385259	47.98181	1	0	0	0	0
2024-08-24 22:56:10	63.545455887	47.28230909	47.98181	1	0	0	0	0
2024-08-24 22:56:20	63.277135679000004	47.479066687	47.98181	1	0	0	0	0
2024-08-24 22:56:30	62.950328329	47.703222137000004	47.98181	1	0	0	0	0
2024-08-24 22:56:40	62.32069034	47.987857775	47.98181	1	0	0	0	0
2024-08-24 22:56:50	61.64175434	48.282339025	47.98181	1	0	0	0	0
2024-08-24 22:57:00	61.255490787999996	48.476114748	47.98181	1	0	0	0	0
2024-08-24 22:57:10	60.916871588	48.653496548	47.98181	1	0	0	0	0
2024-08-24 22:57:20	60.764246093	48.689851377	47.98181	1	0	0	0	0
2024-08-24 22:57:30	60.641898643	48.703248327	47.98181	1	0	0	0	0
2024-08-24 22:57:40	60.935701322999996	48.47882866	47.98181	1	0	0	0	0
2024-08-24 22:57:50	61.297249373	48.215694660000004	47.98181	1	0	0	0	0
2024-08-24 22:58:00	61.995361777	47.916475963	47.98181	1	0	0	0	0
2024-08-24 22:58:10	62.748263727	47.611383013	47.98181	1	0	0	0	0
2024-08-24 22:58:20	63.195375735	47.4072308	47.98181	1	0	0	0	0
2024-08-24 22:58:30	63.592707985	47.2195108	47.98181	1	0	0	0	0
2024-08-24 22:58:40	63.467850127	47.311116349	47.98181	1	0	0	0	0
2024-08-24 22:58:50	63.257984576999995	47.448193499	47.98181	1	0	0	0	0
2024-08-24 22:59:00	62.88590286	47.670991751	47.98181	1	0	0	0	0
2024-08-24 22:59:10	62.487413860000004	47.907744601000005	47.98181	1	0	0	0	0
2024-08-24 22:59:20	61.928394078	48.1594418	47.98181	1	0	0	0	0
2024-08-24 22:59:30	61.343241377999995	48.4135718	47.98181	1	0	0	0	0
2024-08-24 22:59:40	61.008919933	48.565914565	47.98181	1	0	0	0	0
2024-08-24 22:59:50	60.715431483	48.701687315	47.98181	1	0	0	0	0
2024-08-24 23:00:00	60.814772543000004	48.62361483	47.98181	1	0	0	0	0
2024-08-24 23:00:10	60.978062593000004	48.51073033	47.98181	1	0	0	0	0
2024-08-24 23:00:20	61.417531624	48.224339324999995	47.98181	1	0	0	0	0
2024-08-24 23:00:30	61.901960024	47.909703074999996	47.98181	1	0	0	0	0
2024-08-24 23:00:40	62.61973704	47.607904002	47.98181	1	0	0	0	0
2024-08-24 23:00:50	63.375501039999996	47.308194702	47.98181	1	0	0	0	0
2024-08-24 23:01:00	63.58826276	47.254359445	47.98181	1	0	0	0	0
2024-08-24 23:01:10	63.71262876	47.240550195	47.98181	1	0	0	0	0
2024-08-24 23:01:20	63.397457618000004	47.400444433	47.98181	1	0	0	0	0
2024-08-24 23:01:30	63.010733918	47.588615983000004	47.98181	1	0	0	0	0
2024-08-24 23:01:40	62.551615676	47.8547968	47.98181	1	0	0	0	0
2024-08-24 23:01:50	62.080712276	48.133676799999996	47.98181	1	0	0	0	0
2024-08-24 23:02:00	61.519883406	48.3664049	47.98181	1	0	0	0	0
2024-08-24 23:02:10	60.944415506	48.591619900000005	47.98181	1	0	0	0	0
2024-08-24 23:02:20	60.77712323827751	48.63747644784689	47.98181	1	0	0	0	0
2024-08-24 23:02:30	60.676278166507174	48.65413510813397	47.98181	1	0	0	0	0
2024-08-24 23:02:40	60.9911013026178	48.489989003664924	47.98181	1	0	0	0	0
2024-08-24 23:02:50	61.43008507225131	48.271836281151835	47.98181	1	0	0	0	0
2024-08-24 23:03:00	61.934232314999996	47.988689293	47.98181	1	0	0	0	0
2024-08-24 23:03:10	62.448987564999996	47.694961843	47.98181	1	0	0	0	0
2024-08-24 23:03:20	63.006338658	47.462276505	47.98181	1	0	0	0	0
2024-08-24 23:03:30	63.570623958	47.239528254999996	47.98181	1	0	0	0	0
2024-08-24 23:03:40	63.527777422999996	47.328898816	47.98181	1	0	0	0	0
2024-08-24 23:03:50	63.386095473	47.469079416	47.98181	1	0	0	0	0
2024-08-24 23:04:00	62.86960139999999	47.701548379	47.98181	1	0	0	0	0
2024-08-24 23:04:10	62.2920914	47.949041029	47.98181	1	0	0	0	0
2024-08-24 23:04:20	61.909643085576924	48.18048115384616	47.98181	1	0	0	0	0
2024-08-24 23:04:30	61.55894899903846	48.40930807692308	47.98181	1	0	0	0	0
2024-08-24 23:04:40	61.197977334375	48.535698700000005	47.98181	1	0	0	0	0
2024-08-24 23:04:50	60.834106865624996	48.63319703333333	47.98181	1	0	0	0	0
2024-08-24 23:05:00	60.861058854999996	48.561064638	47.98181	1	0	0	0	0
2024-08-24 23:05:10	60.951633105	48.461317938	47.98181	1	0	0	0	0
2024-08-24 23:05:20	61.490114748	48.209395484999995	47.98181	1	0	0	0	0
2024-08-24 23:05:30	62.101511548	47.932700235	47.98181	1	0	0	0	0
2024-08-24 23:05:40	62.578769547	47.669667203	47.98181	1	0	0	0	0
2024-08-24 23:05:50	63.034190996999996	47.408858253000005	47.98181	1	0	0	0	0
2024-08-24 23:06:00	63.2073678	47.374726727	47.98181	1	0	0	0	0
2024-08-24 23:06:10	63.3345978	47.377496177	47.98181	1	0	0	0	0
2024-08-24 23:06:20	63.118762577	47.538966587	47.98181	1	0	0	0	0
2024-08-24 23:06:30	62.847079527	47.726272037	47.98181	1	0	0	0	0
2024-08-24 23:06:40	62.333685823	47.952492444	47.98181	1	0	0	0	0
2024-08-24 23:06:50	61.780943873000005	48.185047843999996	47.98181	1	0	0	0	0
2024-08-24 23:07:00	61.424619	48.372295692	47.98181	1	0	0	0	0
2024-08-24 23:07:10	61.100269	48.552167892	47.98181	1	0	0	0	0
2024-08-24 23:07:20	60.904898317	48.614110700000005	47.98181	1	0	0	0	0
2024-08-24 23:07:30	60.730524267	48.6568557	47.98181	1	0	0	0	0
2024-08-24 23:07:40	60.974525683	48.463277817000005	47.98181	1	0	0	0	0
2024-08-24 23:07:50	61.286634733	48.231228767000005	47.98181	1	0	0	0	0
2024-08-24 23:08:00	61.961211723999995	47.941318315	47.98181	1	0	0	0	0
2024-08-24 23:08:10	62.694795123999995	47.641988565	47.98181	1	0	0	0	0
2024-08-24 23:08:20	63.130201215999996	47.421928068	47.98181	1	0	0	0	0
2024-08-24 23:08:30	63.517066815999996	47.214771868	47.98181	1	0	0	0	0
2024-08-24 23:08:40	63.46755156	47.286276523	47.98181	1	0	0	0	0
2024-08-24 23:08:50	63.34699756	47.403144573	47.98181	1	0	0	0	0
2024-08-24 23:09:00	62.9992436	47.622097977	47.98181	1	0	0	0	0
2024-08-24 23:09:10	62.6145036	47.857669927	47.98181	1	0	0	0	0
2024-08-24 23:09:20	62.0297319	48.117357696	47.98181	1	0	0	0	0
2024-08-24 23:09:30	61.4123969	48.380971296	47.98181	1	0	0	0	0
2024-08-24 23:09:40	61.115333123999996	48.521273107999995	47.98181	1	0	0	0	0
2024-08-24 23:09:50	60.870406523999996	48.641500908	47.98181	1	0	0	0	0
2024-08-24 23:10:00	60.918918976	48.584351084999994	47.98181	1	0	0	0	0
2024-08-24 23:10:10	61.015200576	48.498325834999996	47.98181	1	0	0	0	0
2024-08-24 23:10:20	61.385552437	48.250199271	47.98181	1	0	0	0	0
2024-08-24 23:10:30	61.800520387	47.975684121	47.98181	1	0	0	0	0
2024-08-24 23:10:40	62.482814263	47.684137531000005	47.98181	1	0	0	0	0
2024-08-24 23:10:50	63.208626313	47.389818381	47.98181	1	0	0	0	0
2024-08-24 23:11:00	63.4811478	47.301124801	47.98181	1	0	0	0	0
2024-08-24 23:11:10	63.6798778	47.245905150999995	47.98181	1	0	0	0	0
2024-08-24 23:11:20	63.362668	47.39810559	47.98181	1	0	0	0	0
2024-08-24 23:11:30	62.961467999999996	47.58407209	47.98181	1	0	0	0	0
2024-08-24 23:11:40	62.552839621	47.841533571999996	47.98181	1	0	0	0	0
2024-08-24 23:11:50	62.143001971	48.110633772	47.98181	1	0	0	0	0
2024-08-24 23:12:00	61.62482196889952	48.32666941339713	47.98181	1	0	0	0	0
2024-08-24 23:12:10	61.08900483971291	48.53406663827751	47.98181	1	0	0	0	0
2024-08-24 23:12:20	60.869074109895834	48.60905295	47.98181	1	0	0	0	0
2024-08-24 23:12:30	60.7434990578125	48.64448795	47.98181	1	0	0	0	0
2024-08-24 23:12:40	61.05479254874372	48.478944998994976	47.98181	1	0	0	0	0
2024-08-24 23:12:50	61.443180488442216	48.27793535075377	47.98181	1	0	0	0	0
2024-08-24 23:13:00	61.895714547000004	47.994963745	47.98181	1	0	0	0	0
2024-08-24 23:13:10	62.358690997000004	47.698649495	47.98181	1	0	0	0	0
2024-08-24 23:13:20	62.911994924	47.488156795	47.98181	1	0	0	0	0
2024-08-24 23:13:30	63.480003324	47.291635045	47.98181	1	0	0	0	0
2024-08-24 23:13:40	63.464766518000005	47.35569394	47.98181	1	0	0	0	0
2024-08-24 23:13:50	63.354582818000004	47.46217294	47.98181	1	0	0	0	0
2024-08-24 23:14:00	62.802142656	47.716746047	47.98181	1	0	0	0	0
2024-08-24 23:14:10	62.177707256000005	47.995427497	47.98181	1	0	0	0	0
2024-08-24 23:14:20	61.714141091	48.247981373	47.98181	1	0	0	0	0
2024-08-24 23:14:30	61.276762941	48.496281923	47.98181	1	0	0	0	0
2024-08-24 23:14:40	60.992978258706465	48.59657193532338	47.98181	1	0	0	0	0
2024-08-24 23:14:50	60.73419716417911	48.67276720895522	47.98181	1	0	0	0	0
2024-08-24 23:15:00	60.87499341457286	48.52852412562814	47.98181	1	0	0	0	0
2024-08-24 23:15:10	61.08630331407035	48.3453801557789	47.98181	1	0	0	0	0
2024-08-24 23:15:20	61.712781052	48.073451007	47.98181	1	0	0	0	0
2024-08-24 23:15:30	62.406844252	47.787068457	47.98181	1	0	0	0	0
2024-08-24 23:15:40	62.875117419	47.534148593	47.98181	1	0	0	0	0
2024-08-24 23:15:50	63.306634069	47.286676143	47.98181	1	0	0	0	0
2024-08-24 23:16:00	63.366037448	47.313348	47.98181	1	0	0	0	0
2024-08-24 23:16:10	63.364864247999996	47.384648	47.98181	1	0	0	0	0
2024-08-24 23:16:20	63.0649857	47.592626639	47.98181	1	0	0	0	0
2024-08-24 23:16:30	62.7164807	47.822855289	47.98181	1	0	0	0	0
2024-08-24 23:16:40	62.151338776	48.064995756	47.98181	1	0	0	0	0
2024-08-24 23:16:50	61.550930376000004	48.309075356	47.98181	1	0	0	0	0
2024-08-24 23:17:00	61.255258805	48.459207266	47.98181	1	0	0	0	0
2024-08-24 23:17:10	61.009195555	48.594045365999996	47.98181	1	0	0	0	0
2024-08-24 23:17:20	61.019402758999995	48.552483448	47.98181	1	0	0	0	0
2024-08-24 23:17:30	61.071328408999996	48.482205248	47.98181	1	0	0	0	0
2024-08-24 23:17:40	61.405275923	48.257784991	47.98181	1	0	0	0	0
2024-08-24 23:17:50	61.785133973	48.008271841	47.98181	1	0	0	0	0
2024-08-24 23:18:00	62.426431937	47.730688721	47.98181	1	0	0	0	0
2024-08-24 23:18:10	63.110289887	47.448536071	47.98181	1	0	0	0	0
2024-08-24 23:18:20	63.40058909	47.339027518	47.98181	1	0	0	0	0
2024-08-24 23:18:30	63.62682059	47.257623818	47.98181	1	0	0	0	0
2024-08-24 23:18:40	63.35337876	47.405560661	47.98181	1	0	0	0	0
2024-08-24 23:18:50	62.99859476	47.590832011	47.98181	1	0	0	0	0
2024-08-24 23:19:00	62.603162	47.8178294	47.98181	1	0	0	0	0
2024-08-24 23:19:10	62.201111999999995	48.0516194	47.98181	1	0	0	0	0
2024-08-24 23:19:20	61.66026875	48.292132837	47.98181	1	0	0	0	0
2024-08-24 23:19:30	61.09683125	48.533740787	47.98181	1	0	0	0	0
2024-08-24 23:19:40	60.856471197	48.620236557	47.98181	1	0	0	0	0
2024-08-24 23:19:50	60.668705147	48.681481507	47.98181	1	0	0	0	0
2024-08-24 23:20:00	60.980238499	48.513588573	47.98181	1	0	0	0	0
2024-08-24 23:20:10	61.373053149	48.308394123	47.98181	1	0	0	0	0
2024-08-24 23:20:20	61.840263604	48.024623408000004	47.98181	1	0	0	0	0
2024-08-24 23:20:30	62.319585004000004	47.728061208	47.98181	1	0	0	0	0
2024-08-24 23:20:40	62.933109318	47.477360701	47.98181	1	0	0	0	0
2024-08-24 23:20:50	63.568480618	47.234126051	47.98181	1	0	0	0	0
2024-08-24 23:21:00	63.594534522000004	47.282524324	47.98181	1	0	0	0	0
2024-08-24 23:21:10	63.521397222000004	47.378397724	47.98181	1	0	0	0	0
2024-08-24 23:21:20	62.999568467	47.615352533	47.98181	1	0	0	0	0
2024-08-24 23:21:30	62.404696917	47.875274083	47.98181	1	0	0	0	0
2024-08-24 23:21:40	61.926022375	48.153123967	47.98181	1	0	0	0	0
2024-08-24 23:21:50	61.466263625	48.433892416999996	47.98181	1	0	0	0	0
2024-08-24 23:22:00	61.068747418	48.583172499999996	47.98181	1	0	0	0	0
2024-08-24 23:22:10	60.681363718	48.7110475	47.98181	1	0	0	0	0
2024-08-24 23:22:20	60.7330605	48.622751007999994	47.98181	1	0	0	0	0
2024-08-24 23:22:30	60.856235500000004	48.499263807999995	47.98181	1	0	0	0	0
2024-08-24 23:22:40	61.436579577	48.229257892	47.98181	1	0	0	0	0
2024-08-24 23:22:50	62.091346527	47.935400092	47.98181	1	0	0	0	0
2024-08-24 23:23:00	62.626970023	47.6532751	47.98181	1	0	0	0	0
2024-08-24 23:23:10	63.143198073	47.3730601	47.98181	1	0	0	0	0
2024-08-24 23:23:20	63.3133165	47.3393684	47.98181	1	0	0	0	0
2024-08-24 23:23:30	63.427091499999996	47.3458084	47.98181	1	0	0	0	0
2024-08-24 23:23:40	63.165108763999996	47.5425449	47.98181	1	0	0	0	0
2024-08-24 23:23:50	62.841956163999996	47.7702599	47.98181	1	0	0	0	0
2024-08-24 23:24:00	62.289643835999996	48.005854306	47.98181	1	0	0	0	0
2024-08-24 23:24:10	61.700026436	48.242731406000004	47.98181	1	0	0	0	0
2024-08-24 23:24:20	61.35369567307692	48.41176832884616	47.98181	1	0	0	0	0
2024-08-24 23:24:30	61.04696971153846	48.569761501923075	47.98181	1	0	0	0	0
2024-08-24 23:24:40	60.97949	48.60452	47.98181	1	0	0	0	0
2024-08-24 23:24:50	60.99523245	48.557905000000005	47.98181	1	0	0	0	0
2024-08-24 23:25:00	61.286766193	48.3303976	47.98181	1	0	0	0	0
2024-08-24 23:25:10	61.607453743	48.120057599999996	47.98181	1	0	0	0	0
2024-08-24 23:25:20	62.1988327	47.8533618	47.98181	1	0	0	0	0
2024-08-24 23:25:30	62.8342777	47.577491800000004	47.98181	1	0	0	0	0
2024-08-24 23:25:40	63.167352677	47.451484368	47.98181	1	0	0	0	0
2024-08-24 23:25:50	63.451204626999996	47.349873168	47.98181	1	0	0	0	0
2024-08-24 23:26:00	63.174203062	47.490124713	47.98181	1	0	0	0	0
2024-08-24 23:26:10	62.805899762	47.669749263	47.98181	1	0	0	0	0
2024-08-24 23:26:20	62.414615585	47.907711784	47.98181	1	0	0	0	0
2024-08-24 23:26:30	62.019590335000004	48.155171184000004	47.98181	1	0	0	0	0
2024-08-24 23:26:40	61.557258776000005	48.346067438	47.98181	1	0	0	0	0
2024-08-24 23:26:50	61.083970376	48.527755737999996	47.98181	1	0	0	0	0
2024-08-24 23:27:00	60.937741825	48.567602346	47.98181	1	0	0	0	0
2024-08-24 23:27:10	60.844755575	48.584358446	47.98181	1	0	0	0	0
2024-08-24 23:27:20	61.146534566	48.422965933	47.98181	1	0	0	0	0
2024-08-24 23:27:30	61.512577666	48.232572483	47.98181	1	0	0	0	0
2024-08-24 23:27:40	61.949589213	47.965449618	47.98181	1	0	0	0	0
2024-08-24 23:27:50	62.398153763	47.685835918	47.98181	1	0	0	0	0
2024-08-24 23:28:00	62.956530896000004	47.462285402999996	47.98181	1	0	0	0	0
2024-08-24 23:28:10	63.532784496000005	47.247861453	47.98181	1	0	0	0	0
2024-08-24 23:28:20	63.55265414925373	47.29983852189055	47.98181	1	0	0	0	0
2024-08-24 23:28:30	63.48194967164179	47.39518319850747	47.98181	1	0	0	0	0
2024-08-24 23:28:40	63.015047085427135	47.61172727939699	47.98181	1	0	0	0	0
2024-08-24 23:28:50	62.47822718592965	47.84965949045226	47.98181	1	0	0	0	0
2024-08-24 23:29:00	62.035197768	48.099498306	47.98181	1	0	0	0	0
2024-08-24 23:29:10	61.607436568000004	48.351275406	47.98181	1	0	0	0	0
2024-08-24 23:29:20	61.179501691	48.518638818999996	47.98181	1	0	0	0	0
2024-08-24 23:29:30	60.751538541	48.672260469	47.98181	1	0	0	0	0
2024-08-24 23:29:40	60.727380909	48.619163575	47.98181	1	0	0	0	0
2024-08-24 23:29:50	60.768959059	48.532414825	47.98181	1	0	0	0	0
2024-08-24 23:30:00	61.27721006	48.3034167	47.98181	1	0	0	0	0
2024-08-24 23:30:10	61.86143106	48.0512617	47.98181	1	0	0	0	0
2024-08-24 23:30:20	62.36876506069652	47.74807731641791	47.98181	1	0	0	0	0
2024-08-24 23:30:30	62.86358257313433	47.4365858238806	47.98181	1	0	0	0	0
2024-08-24 23:30:40	63.2428931798995	47.31648236884422	47.98181	1	0	0	0	0
2024-08-24 23:30:50	63.60182021507538	47.23015327336683	47.98181	1	0	0	0	0
2024-08-24 23:31:00	63.431815400000005	47.378211627	47.98181	1	0	0	0	0
2024-08-24 23:31:10	63.175705400000005	47.564426077	47.98181	1	0	0	0	0
2024-08-24 23:31:20	62.6402846	47.809010877	47.98181	1	0	0	0	0
2024-08-24 23:31:30	62.059394600000005	48.063097827	47.98181	1	0	0	0	0
2024-08-24 23:31:40	61.613566052	48.302936167999995	47.98181	1	0	0	0	0
2024-08-24 23:31:50	61.189724252	48.540454968	47.98181	1	0	0	0	0
2024-08-24 23:32:00	60.918004326	48.632276868	47.98181	1	0	0	0	0
2024-08-24 23:32:10	60.671048426	48.700380668	47.98181	1	0	0	0	0
2024-08-24 23:32:20	60.829261402	48.550431812	47.98181	1	0	0	0	0
2024-08-24 23:32:30	61.053432101999995	48.364986011999996	47.98181	1	0	0	0	0
2024-08-24 23:32:40	61.688242095	48.085503984999995	47.98181	1	0	0	0	0
2024-08-24 23:32:50	62.389900345	47.790713735	47.98181	1	0	0	0	0
2024-08-24 23:33:00	62.903391025	47.530119192	47.98181	1	0	0	0	0
2024-08-24 23:33:10	63.386249775	47.275091392	47.98181	1	0	0	0	0
2024-08-24 23:33:20	63.443799653	47.290896812999996	47.98181	1	0	0	0	0
2024-08-24 23:33:30	63.432113203	47.350791363	47.98181	1	0	0	0	0
2024-08-24 23:33:40	63.115597947	47.570475762	47.98181	1	0	0	0	0
2024-08-24 23:33:50	62.749459397	47.816172462	47.98181	1	0	0	0	0
2024-08-24 23:34:00	62.157450619	48.0663569	47.98181	1	0	0	0	0
2024-08-24 23:34:10	61.528672269	48.3172719	47.98181	1	0	0	0	0
2024-08-24 23:34:20	61.194770848	48.4829953	47.98181	1	0	0	0	0
2024-08-24 23:34:30	60.908872648	48.6348503	47.98181	1	0	0	0	0
2024-08-24 23:34:40	60.863148411000005	48.623770603	47.98181	1	0	0	0	0
2024-08-24 23:34:50	60.856522261	48.586166653	47.98181	1	0	0	0	0
2024-08-24 23:35:00	61.194114422000006	48.353276397	47.98181	1	0	0	0	0
2024-08-24 23:35:10	61.587742122	48.088595347	47.98181	1	0	0	0	0
2024-08-24 23:35:20	62.25881009900991	47.7977436970297	47.98181	1	0	0	0	0
2024-08-24 23:35:30	62.97504277227723	47.50263171683169	47.98181	1	0	0	0	0
2024-08-24 23:35:40	63.35724236363637	47.33936792727273	47.98181	1	0	0	0	0
2024-08-24 23:35:50	63.67581660606061	47.20121807878788	47.98181	1	0	0	0	0
2024-08-24 23:36:00	63.48446869	47.313722754	47.98181	1	0	0	0	0
2024-08-24 23:36:10	63.21011019	47.467031653999996	47.98181	1	0	0	0	0
2024-08-24 23:36:20	62.81179559	47.699111093	47.98181	1	0	0	0	0
2024-08-24 23:36:30	62.39330209	47.944013643	47.98181	1	0	0	0	0
2024-08-24 23:36:40	61.835291392	48.195347960999996	47.98181	1	0	0	0	0
2024-08-24 23:36:50	61.254568592	48.447729310999996	47.98181	1	0	0	0	0
2024-08-24 23:37:00	60.971430818	48.583152639	47.98181	1	0	0	0	0
2024-08-24 23:37:10	60.736737118	48.699536288999994	47.98181	1	0	0	0	0
2024-08-24 23:37:20	60.856080477999996	48.606890575	47.98181	1	0	0	0	0
2024-08-24 23:37:30	61.033057778	48.480216825	47.98181	1	0	0	0	0
2024-08-24 23:37:40	61.369846427	48.253666502	47.98181	1	0	0	0	0
2024-08-24 23:37:50	61.732650877	48.010857202	47.98181	1	0	0	0	0
2024-08-24 23:38:00	62.401976913999995	47.725765357	47.98181	1	0	0	0	0
2024-08-24 23:38:10	63.121201813999996	47.433790307	47.98181	1	0	0	0	0
2024-08-24 23:38:20	63.396970681	47.326428361	47.98181	1	0	0	0	0
2024-08-24 23:38:30	63.600549031	47.249119711	47.98181	1	0	0	0	0
2024-08-24 23:38:40	63.333130278	47.398103205	47.98181	1	0	0	0	0
2024-08-24 23:38:50	62.989037577999994	47.583924955	47.98181	1	0	0	0	0
2024-08-24 23:39:00	62.591431722	47.82469705	47.98181	1	0	0	0	0
2024-08-24 23:39:10	62.185114422000005	48.07441455	47.98181	1	0	0	0	0
2024-08-24 23:39:20	61.63958574	48.308047255	47.98181	1	0	0	0	0
2024-08-24 23:39:30	61.071394739999995	48.539061505	47.98181	1	0	0	0	0
2024-08-24 23:39:40	60.86131806	48.616633695	47.98181	1	0	0	0	0
2024-08-24 23:39:50	60.709539060000004	48.669226945	47.98181	1	0	0	0	0
2024-08-24 23:40:00	60.95909024	48.53487619	47.98181	1	0	0	0	0
2024-08-24 23:40:10	61.27397424	48.37009269	47.98181	1	0	0	0	0
2024-08-24 23:40:20	61.748074426	48.079224375	47.98181	1	0	0	0	0
2024-08-24 23:40:30	62.248093526	47.767830625	47.98181	1	0	0	0	0
2024-08-24 23:40:40	62.864416188	47.515263669999996	47.98181	1	0	0	0	0
2024-08-24 23:40:50	63.499671987999996	47.27227317	47.98181	1	0	0	0	0
2024-08-24 23:41:00	63.559044311	47.289555865	47.98181	1	0	0	0	0
2024-08-24 23:41:10	63.524668161	47.349208615	47.98181	1	0	0	0	0
2024-08-24 23:41:20	63.078788245999995	47.5591526	47.98181	1	0	0	0	0
2024-08-24 23:41:30	62.565919345999994	47.7935626	47.98181	1	0	0	0	0
2024-08-24 23:41:40	62.146498089	48.0503283	47.98181	1	0	0	0	0
2024-08-24 23:41:50	61.742289238999994	48.310733299999995	47.98181	1	0	0	0	0
2024-08-24 23:42:00	61.277301136	48.4891459	47.98181	1	0	0	0	0
2024-08-24 23:42:10	60.802418736	48.6542109	47.98181	1	0	0	0	0
2024-08-24 23:42:20	60.764510764	48.61594352	47.98181	1	0	0	0	0
2024-08-24 23:42:30	60.797738164	48.54457552	47.98181	1	0	0	0	0
2024-08-24 23:42:40	61.34450304	48.288849363000004	47.98181	1	0	0	0	0
2024-08-24 23:42:50	61.97486704000001	48.003111413	47.98181	1	0	0	0	0
2024-08-24 23:43:00	62.46113546	47.726313163	47.98181	1	0	0	0	0
2024-08-24 23:43:10	62.92394646	47.450970213000005	47.98181	1	0	0	0	0
2024-08-24 23:43:20	63.275951362	47.335729034	47.98181	1	0	0	0	0
2024-08-24 23:43:30	63.609918062000006	47.246550934	47.98181	1	0	0	0	0
2024-08-24 23:43:40	63.411567638	47.416515516	47.98181	1	0	0	0	0
2024-08-24 23:43:50	63.126560938000004	47.628666116	47.98181	1	0	0	0	0
2024-08-24 23:44:00	62.496162500000004	47.907580967	47.98181	1	0	0	0	0
2024-08-24 23:44:10	61.809537500000005	48.197364416999996	47.98181	1	0	0	0	0
2024-08-24 23:44:20	61.378152975	48.426743101	47.98181	1	0	0	0	0
2024-08-24 23:44:30	60.988319225	48.646288451	47.98181	1	0	0	0	0
2024-08-24 23:44:40	60.83034169	48.675136799	47.98181	1	0	0	0	0
2024-08-24 23:44:50	60.71010819	48.672941449	47.98181	1	0	0	0	0
2024-08-24 23:45:00	60.985222881999995	48.480650237	47.98181	1	0	0	0	0
2024-08-24 23:45:10	61.324696581999994	48.257413187	47.98181	1	0	0	0	0
2024-08-24 23:45:20	62.023913786	47.938470048	47.98181	1	0	0	0	0
2024-08-24 23:45:30	62.781693886	47.603946848	47.98181	1	0	0	0	0
2024-08-24 23:45:40	63.253896667	47.376340052	47.98181	1	0	0	0	0
2024-08-24 23:45:50	63.679610117	47.166138252	47.98181	1	0	0	0	0
2024-08-24 23:46:00	63.585523699999996	47.249813803	47.98181	1	0	0	0	0
2024-08-24 23:46:10	63.406818699999995	47.381329853	47.98181	1	0	0	0	0
2024-08-24 23:46:20	63.005968992	47.645486197	47.98181	1	0	0	0	0
2024-08-24 23:46:30	62.568956192	47.931235147	47.98181	1	0	0	0	0
2024-08-24 23:46:40	61.950772008	48.1865367	47.98181	1	0	0	0	0
2024-08-24 23:46:50	61.303094808000004	48.4368817	47.98181	1	0	0	0	0
2024-08-24 23:47:00	60.994008724	48.577978965	47.98181	1	0	0	0	0
2024-08-24 23:47:10	60.740042124	48.701291715	47.98181	1	0	0	0	0
2024-08-24 23:47:20	60.882009376	48.610589638	47.98181	1	0	0	0	0
2024-08-24 23:47:30	61.088430976000005	48.485047938	47.98181	1	0	0	0	0
2024-08-24 23:47:40	61.514631295	48.203024637	47.98181	1	0	0	0	0
2024-08-24 23:47:50	61.976609544999995	47.895527587	47.98181	1	0	0	0	0
2024-08-24 23:48:00	62.660129944	47.598958384999996	47.98181	1	0	0	0	0
2024-08-24 23:48:10	63.379715344	47.304168135	47.98181	1	0	0	0	0
2024-08-24 23:48:20	63.560375336999996	47.276648298000005	47.98181	1	0	0	0	0
2024-08-24 23:48:30	63.653303287	47.292637598000006	47.98181	1	0	0	0	0
2024-08-24 23:48:40	63.213189606	47.505046985	47.98181	1	0	0	0	0
2024-08-24 23:48:50	62.686301706	47.749431735	47.98181	1	0	0	0	0
2024-08-24 23:49:00	62.233656918	48.003548546	47.98181	1	0	0	0	0
2024-08-24 23:49:10	61.793098218	48.259249646	47.98181	1	0	0	0	0
2024-08-24 23:49:20	61.341236538	48.444619946	47.98181	1	0	0	0	0
2024-08-24 23:49:30	60.887534838	48.618541046000004	47.98181	1	0	0	0	0
2024-08-24 23:49:40	60.83350584	48.603156925	47.98181	1	0	0	0	0
2024-08-24 23:49:50	60.844539839999996	48.556955675000005	47.98181	1	0	0	0	0
2024-08-24 23:50:00	61.299818622	48.331908309	47.98181	1	0	0	0	0
2024-08-24 23:50:10	61.827416322	48.077746459	47.98181	1	0	0	0	0
2024-08-24 23:50:20	62.338178963000004	47.781013404999996	47.98181	1	0	0	0	0
2024-08-24 23:50:30	62.846201013000005	47.477350154999996	47.98181	1	0	0	0	0
2024-08-24 23:50:40	63.256828837	47.337172560999996	47.98181	1	0	0	0	0
2024-08-24 23:50:50	63.651601787000004	47.223608911	47.98181	1	0	0	0	0
2024-08-24 23:51:00	63.463217337	47.3783168	47.98181	1	0	0	0	0
2024-08-24 23:51:10	63.179900287	47.5766968	47.98181	1	0	0	0	0
2024-08-24 23:51:20	62.490924763	47.891702819	47.98181	1	0	0	0	0
2024-08-24 23:51:30	61.735911813	48.225694469000004	47.98181	1	0	0	0	0
2024-08-24 23:51:40	61.299742099999996	48.450463281000005	47.98181	1	0	0	0	0
2024-08-24 23:51:50	60.9154771	48.657451631	47.98181	1	0	0	0	0
2024-08-24 23:52:00	60.739077196000004	48.7077021	47.98181	1	0	0	0	0
2024-08-24 23:52:10	60.596515796000006	48.7324371	47.98181	1	0	0	0	0
2024-08-24 23:52:20	60.865707604	48.506464900000005	47.98181	1	0	0	0	0
2024-08-24 23:52:30	61.201929004	48.239679900000006	47.98181	1	0	0	0	0
2024-08-24 23:52:40	61.950814352	47.921558748	47.98181	1	0	0	0	0
2024-08-24 23:52:50	62.766877552	47.595080548000006	47.98181	1	0	0	0	0
2024-08-24 23:53:00	63.255501514	47.370934952	47.98181	1	0	0	0	0
2024-08-24 23:53:10	63.690821414	47.163448152	47.98181	1	0	0	0	0
2024-08-24 23:53:20	63.557205734	47.259739883	47.98181	1	0	0	0	0
2024-08-24 23:53:30	63.330972634000005	47.405483933	47.98181	1	0	0	0	0
2024-08-24 23:53:40	62.95776132	47.654811113	47.98181	1	0	0	0	0
2024-08-24 23:53:50	62.56062332	47.921000663	47.98181	1	0	0	0	0
2024-08-24 23:54:00	61.97916238	48.166174479	47.98181	1	0	0	0	0
2024-08-24 23:54:10	61.367695379999994	48.407927129	47.98181	1	0	0	0	0
2024-08-24 23:54:20	61.084536132	48.525894647	47.98181	1	0	0	0	0
2024-08-24 23:54:30	60.854822332	48.623711097	47.98181	1	0	0	0	0
2024-08-24 23:54:40	60.8226624	48.6374054	47.98181	1	0	0	0	0
2024-08-24 23:54:50	61.072031065	48.487536265	47.98181	1	0	0	0	0
2024-08-24 23:55:00	61.547263605	48.181395208000005	47.98181	1	0	0	0	0
2024-08-24 23:55:10	61.943725355	47.919253008000005	47.98181	1	0	0	0	0
2024-08-24 23:55:20	62.554799503	47.659969921	47.98181	1	0	0	0	0
2024-08-24 23:55:30	63.200810553000004	47.401152271	47.98181	1	0	0	0	0
2024-08-24 23:55:40	63.395087597	47.349615046	47.98181	1	0	0	0	0
2024-08-24 23:55:50	63.515826547	47.331821145999996	47.98181	1	0	0	0	0
2024-08-24 23:56:00	63.13972419	47.5209294	47.98181	1	0	0	0	0
2024-08-24 23:56:10	62.68274069	47.743719399999996	47.98181	1	0	0	0	0
2024-08-24 23:56:20	62.279374234	47.985789525	47.98181	1	0	0	0	0
2024-08-24 23:56:30	61.884736134	48.230998275	47.98181	1	0	0	0	0
2024-08-24 23:56:40	61.409297594	48.42202724	47.98181	1	0	0	0	0
2024-08-24 23:56:50	60.920705494	48.60423624	47.98181	1	0	0	0	0
2024-08-24 23:57:00	60.756454482	48.643030135	47.98181	1	0	0	0	0
2024-08-24 23:57:10	60.645003181999996	48.658477385	47.98181	1	0	0	0	0
2024-08-24 23:57:20	61.0877456	48.4395813	47.98181	1	0	0	0	0
2024-08-24 23:57:30	61.6207056	48.182536299999995	47.98181	1	0	0	0	0
2024-08-24 23:57:40	62.0948502	47.904804	47.98181	1	0	0	0	0
2024-08-24 23:57:50	62.5594202	47.623704000000004	47.98181	1	0	0	0	0
2024-08-24 23:58:00	63.10015690891089	47.40801261980198	47.98181	1	0	0	0	0
2024-08-24 23:58:10	63.65329284950495	47.202969154455445	47.98181	1	0	0	0	0
2024-08-24 23:58:20	63.63742158252427	47.28884898058252	47.98181	1	0	0	0	0
2024-08-24 23:58:30	63.51316799029126	47.430142766990286	47.98181	1	0	0	0	0
2024-08-24 23:58:40	62.987645021875	47.65391689375	47.98181	1	0	0	0	0
2024-08-24 23:58:50	62.34894351145833	47.900954706250005	47.98181	1	0	0	0	0
2024-08-24 23:59:00	61.882702841000004	48.169972560000005	47.98181	1	0	0	0	0
2024-08-24 23:59:10	61.444537191	48.442568560000005	47.98181	1	0	0	0	0
2024-08-24 23:59:20	61.024603670000005	48.60217604	47.98181	1	0	0	0	0
2024-08-24 23:59:30	60.60763817	48.74339004	47.98181	1	0	0	0	0
2024-08-24 23:59:40	60.648702478000004	48.6669604	47.98181	1	0	0	0	0
2024-08-24 23:59:50	60.764329778000004	48.5551004	47.98181	1	0	0	0	0
2024-08-25 00:00:00	61.358688032	48.275536100000004	47.98181	1	0	0	0	0
