PROCESSDATA	2411FIC90204 Data	yyyy-MM-dd HH:mm:ss
8	10	2024-10-21 04:50:00	751
tagname	2411FIC90204.MV	2411FIC90204.PV	2411FIC90204.SV	2411FIC90204.MODE	bOpOFL	bPvOFL	bSpOFL	bAutOFL
desc	洗涤塔底浆液至水处理单元_OP	洗涤塔底浆液至水处理单元_PV	洗涤塔底浆液至水处理单元_SP	Aut	bOpOFL	bPvOFL	bSpOFL	bAutOFL
fsMax=8.199714808353512	fsMin=0	fsGridNum=10	fdMax=8.199714808353512tfdMin=0	fdGridNum=10	v0GridNum=10	L=24
2024-10-21 04:50:00	59.73783402295082	28.177123570491805	28.0900021	1	0	0	0	0
2024-10-21 04:50:10	59.713639713333336	28.208030530000002	28.0900021	1	0	0	0	0
2024-10-21 04:50:20	59.68832772	28.21708432	28.0900021	1	0	0	0	0
2024-10-21 04:50:30	59.68626999859155	28.186727622535212	28.0900021	1	0	0	0	0
2024-10-21 04:50:40	59.65179875942029	28.2033215884058	28.0900021	1	0	0	0	0
2024-10-21 04:50:50	59.638551828169014	28.195826411267607	28.0900021	1	0	0	0	0
2024-10-21 04:51:00	59.660969539436614	28.131749946478873	28.0900021	1	0	0	0	0
2024-10-21 04:51:10	59.681985251219515	28.10671184878049	28.0900021	1	0	0	0	0
2024-10-21 04:51:20	59.671379894736845	28.140782663157893	28.0900021	1	0	0	0	0
2024-10-21 04:51:30	59.56582665189873	28.21533174050633	28.0900021	1	0	0	0	0
2024-10-21 04:51:40	59.55561108	28.200477032	28.0900021	1	0	0	0	0
2024-10-21 04:51:50	59.72180202622951	28.026374160655738	28.0900021	1	0	0	0	0
2024-10-21 04:52:00	59.609544281428576	28.14878857142857	28.0900021	1	0	0	0	0
2024-10-21 04:52:10	59.632219726530614	28.109888759183672	28.0900021	1	0	0	0	0
2024-10-21 04:52:20	59.621259599999995	28.11811448	28.0900021	1	0	0	0	0
2024-10-21 04:52:30	59.65236719344262	28.069116818032786	28.0900021	1	0	0	0	0
2024-10-21 04:52:40	59.67605289855072	28.06423072753623	28.0900021	1	0	0	0	0
2024-10-21 04:52:50	59.6521459	28.08230072	28.0900021	1	0	0	0	0
2024-10-21 04:53:00	59.677249	28.059163950000002	28.0900021	1	0	0	0	0
2024-10-21 04:53:10	59.644754176	28.095136152	28.0900021	1	0	0	0	0
2024-10-21 04:53:20	59.727068967499996	28.014527162500002	28.0900021	1	0	0	0	0
2024-10-21 04:53:30	59.7673335	28.008169215000002	28.0900021	1	0	0	0	0
2024-10-21 04:53:40	59.727228000000004	28.0504449	28.0900021	1	0	0	0	0
2024-10-21 04:53:50	59.69339960289855	28.095976373913043	28.0900021	1	0	0	0	0
2024-10-21 04:54:00	59.684705525352115	28.05973528169014	28.0900021	1	0	0	0	0
2024-10-21 04:54:10	59.69968392142857	28.082138228571427	28.0900021	1	0	0	0	0
2024-10-21 04:54:20	59.7335574075	28.04306612	28.0900021	1	0	0	0	0
2024-10-21 04:54:30	59.68272992285714	28.112849308571427	28.0900021	1	0	0	0	0
2024-10-21 04:54:40	59.682582751428576	28.102299354285712	28.0900021	1	0	0	0	0
2024-10-21 04:54:50	59.7527657	27.994318	28.0900021	1	0	0	0	0
2024-10-21 04:55:00	59.79007568	28.02005128	28.0900021	1	0	0	0	0
2024-10-21 04:55:10	59.777675	28.050850984	28.0900021	1	0	0	0	0
2024-10-21 04:55:20	59.740945610000004	28.069917134999997	28.0900021	1	0	0	0	0
2024-10-21 04:55:30	59.71518464333333	28.115371030000002	28.0900021	1	0	0	0	0
2024-10-21 04:55:40	59.6879961825	28.095744240000002	28.0900021	1	0	0	0	0
2024-10-21 04:55:50	59.73923355714286	28.080379691428572	28.0900021	1	0	0	0	0
2024-10-21 04:56:00	59.677297048571425	28.124013822857144	28.0900021	1	0	0	0	0
2024-10-21 04:56:10	59.696675246938774	28.099270626530615	28.0900021	1	0	0	0	0
2024-10-21 04:56:20	59.72484983606557	28.071507239344264	28.0900021	1	0	0	0	0
2024-10-21 04:56:30	59.72608771428572	28.100794151428573	28.0900021	1	0	0	0	0
2024-10-21 04:56:40	59.68582916	28.1302265	28.0900021	1	0	0	0	0
2024-10-21 04:56:50	59.65268246666667	28.137423686666665	28.0900021	1	0	0	0	0
2024-10-21 04:57:00	59.7100663	28.057137394202897	28.0900021	1	0	0	0	0
2024-10-21 04:57:10	59.788692432	27.994424144	28.0900021	1	0	0	0	0
2024-10-21 04:57:20	59.80671257142857	28.00100504142857	28.0900021	1	0	0	0	0
2024-10-21 04:57:30	59.72316014347827	28.091203117391306	28.0900021	1	0	0	0	0
2024-10-21 04:57:40	59.75030136	28.06432676	28.0900021	1	0	0	0	0
2024-10-21 04:57:50	59.755947088	28.048570572	28.0900021	1	0	0	0	0
2024-10-21 04:58:00	59.74582516	28.069488	28.0900021	1	0	0	0	0
2024-10-21 04:58:10	59.766734207999995	28.037634688	28.0900021	1	0	0	0	0
2024-10-21 04:58:20	59.809425765	28.02457997	28.0900021	1	0	0	0	0
2024-10-21 04:58:30	59.81510748780488	28.043106809756097	28.0900021	1	0	0	0	0
2024-10-21 04:58:40	59.783743175	28.06991874	28.0900021	1	0	0	0	0
2024-10-21 04:58:50	59.81417853521127	28.05519517464789	28.0900021	1	0	0	0	0
2024-10-21 04:59:00	59.793837536708864	28.07571573164557	28.0900021	1	0	0	0	0
2024-10-21 04:59:10	59.78687713902439	28.08333099512195	28.0900021	1	0	0	0	0
2024-10-21 04:59:20	59.82323951951219	28.04441611707317	28.0900021	1	0	0	0	0
2024-10-21 04:59:30	59.837716216666664	28.038159716666666	28.0900021	1	0	0	0	0
2024-10-21 04:59:40	59.76927424	28.104700512	28.0900021	1	0	0	0	0
2024-10-21 04:59:50	59.84124037714286	28.038277545714287	28.0900021	1	0	0	0	0
2024-10-21 05:00:00	59.87021894084507	28.018772404225352	28.0900021	1	0	0	0	0
2024-10-21 05:00:10	59.867294044	28.04157604	28.0900021	1	0	0	0	0
2024-10-21 05:00:20	59.88583062	28.04783896	28.0900021	1	0	0	0	0
2024-10-21 05:00:30	59.851261607999994	28.09223206	28.0900021	1	0	0	0	0
2024-10-21 05:00:40	59.904377170000004	28.020360255	28.0900021	1	0	0	0	0
2024-10-21 05:00:50	59.83599094	28.11063954	28.0900021	1	0	0	0	0
2024-10-21 05:01:00	59.931018345	27.993153715000002	28.0900021	1	0	0	0	0
2024-10-21 05:01:10	59.918484944	28.053982088	28.0900021	1	0	0	0	0
2024-10-21 05:01:20	59.874076620000004	28.078837565	28.0900021	1	0	0	0	0
2024-10-21 05:01:30	59.88236394915254	28.07159913898305	28.0900021	1	0	0	0	0
2024-10-21 05:01:40	59.95931633902439	28.00798048780488	28.0900021	1	0	0	0	0
2024-10-21 05:01:50	59.971972888888885	28.00874838	28.0900021	1	0	0	0	0
2024-10-21 05:02:00	59.966885714285716	28.025273757142855	28.0900021	1	0	0	0	0
2024-10-21 05:02:10	59.93691342857143	28.068498365714287	28.0900021	1	0	0	0	0
2024-10-21 05:02:20	59.9518517925	28.061297345	28.0900021	1	0	0	0	0
2024-10-21 05:02:30	59.90738145102041	28.101401591836733	28.0900021	1	0	0	0	0
2024-10-21 05:02:40	59.95067209142857	28.0619257	28.0900021	1	0	0	0	0
2024-10-21 05:02:50	59.98504250285714	28.014225085714287	28.0900021	1	0	0	0	0
2024-10-21 05:03:00	59.9835356375	28.0507470125	28.0900021	1	0	0	0	0
2024-10-21 05:03:10	60.016715	28.02059062	28.0900021	1	0	0	0	0
2024-10-21 05:03:20	59.98234375	28.076454265	28.0900021	1	0	0	0	0
2024-10-21 05:03:30	59.95718659836066	28.10176818852459	28.0900021	1	0	0	0	0
2024-10-21 05:03:40	60.001026485714284	28.054585257142858	28.0900021	1	0	0	0	0
2024-10-21 05:03:50	60.00536445531915	28.06251230212766	28.0900021	1	0	0	0	0
2024-10-21 05:04:00	59.862689868131866	28.19792182857143	28.0900021	1	0	0	0	0
2024-10-21 05:04:10	59.96731393802817	28.083121385915494	28.0900021	1	0	0	0	0
2024-10-21 05:04:20	59.967601717142855	28.123521225714285	28.0900021	1	0	0	0	0
2024-10-21 05:04:30	59.96935614117647	28.094844452941174	28.0900021	1	0	0	0	0
2024-10-21 05:04:40	59.95026630724638	28.08883891594203	28.0900021	1	0	0	0	0
2024-10-21 05:04:50	60.00308407777778	28.067467385185182	28.0900021	1	0	0	0	0
2024-10-21 05:05:00	59.97054558695652	28.09061703768116	28.0900021	1	0	0	0	0
2024-10-21 05:05:10	59.911039671830984	28.16111189577465	28.0900021	1	0	0	0	0
2024-10-21 05:05:20	59.95323998115942	28.107382707246376	28.0900021	1	0	0	0	0
2024-10-21 05:05:30	60.032859083333335	28.019341783333335	28.0900021	1	0	0	0	0
2024-10-21 05:05:40	60.10231024489796	27.97580598979592	28.0900021	1	0	0	0	0
2024-10-21 05:05:50	59.976522112	28.098740984000003	28.0900021	1	0	0	0	0
2024-10-21 05:06:00	60.021339865	28.054998335	28.0900021	1	0	0	0	0
2024-10-21 05:06:10	60.021024501639346	28.05348620327869	28.0900021	1	0	0	0	0
2024-10-21 05:06:20	60.07751692658228	28.01697715443038	28.0900021	1	0	0	0	0
2024-10-21 05:06:30	60.077582088	28.02903444	28.0900021	1	0	0	0	0
2024-10-21 05:06:40	60.007198	28.08859598	28.0900021	1	0	0	0	0
2024-10-21 05:06:50	60.07682533333333	28.037217440000003	28.0900021	1	0	0	0	0
2024-10-21 05:07:00	60.09027522753623	28.04761499130435	28.0900021	1	0	0	0	0
2024-10-21 05:07:10	60.019968	28.110178920000003	28.0900021	1	0	0	0	0
2024-10-21 05:07:20	60.095009925	28.041116015	28.0900021	1	0	0	0	0
2024-10-21 05:07:30	60.05149145	28.0761799	28.0900021	1	0	0	0	0
2024-10-21 05:07:40	60.045225397560976	28.091564165853658	28.0900021	1	0	0	0	0
2024-10-21 05:07:50	60.053258400000004	28.087642684	28.0900021	1	0	0	0	0
2024-10-21 05:08:00	60.015702	28.113819411999998	28.0900021	1	0	0	0	0
2024-10-21 05:08:10	60.082924417142856	28.044187145714286	28.0900021	1	0	0	0	0
2024-10-21 05:08:20	59.99300167721519	28.141606941772153	28.0900021	1	0	0	0	0
2024-10-21 05:08:30	59.99163512285714	28.108648274285713	28.0900021	1	0	0	0	0
2024-10-21 05:08:40	59.98704018765432	28.12859049382716	28.0900021	1	0	0	0	0
2024-10-21 05:08:50	60.024822512	28.094395952000003	28.0900021	1	0	0	0	0
2024-10-21 05:09:00	60.05723270422535	28.0396477028169	28.0900021	1	0	0	0	0
2024-10-21 05:09:10	60.09726031304348	28.07300827536232	28.0900021	1	0	0	0	0
2024-10-21 05:09:20	60.01704797183098	28.113677554929577	28.0900021	1	0	0	0	0
2024-10-21 05:09:30	59.97188488571429	28.149944717142855	28.0900021	1	0	0	0	0
2024-10-21 05:09:40	59.997641384313724	28.11921098235294	28.0900021	1	0	0	0	0
2024-10-21 05:09:50	59.92434725	28.183544783333332	28.0900021	1	0	0	0	0
2024-10-21 05:10:00	59.978112975806454	28.10685471935484	28.0900021	1	0	0	0	0
2024-10-21 05:10:10	59.960770868	28.11861058	28.0900021	1	0	0	0	0
2024-10-21 05:10:20	59.957474925	28.12730883	28.0900021	1	0	0	0	0
2024-10-21 05:10:30	59.94957304285714	28.119091277142857	28.0900021	1	0	0	0	0
2024-10-21 05:10:40	59.9495566075	28.123159462500002	28.0900021	1	0	0	0	0
2024-10-21 05:10:50	59.9184632	28.15259086153846	28.0900021	1	0	0	0	0
2024-10-21 05:11:00	59.95428922531646	28.135410743037973	28.0900021	1	0	0	0	0
2024-10-21 05:11:10	59.861812132000004	28.185339384000002	28.0900021	1	0	0	0	0
2024-10-21 05:11:20	59.85377348285714	28.18421693142857	28.0900021	1	0	0	0	0
2024-10-21 05:11:30	59.850190770422536	28.16769671549296	28.0900021	1	0	0	0	0
2024-10-21 05:11:40	59.86807887333333	28.1489356	28.0900021	1	0	0	0	0
2024-10-21 05:11:50	59.821662245238095	28.175185261904762	28.0900021	1	0	0	0	0
2024-10-21 05:12:00	59.843876037142856	28.14630316428571	28.0900021	1	0	0	0	0
2024-10-21 05:12:10	59.839982194117646	28.144128870588236	28.0900021	1	0	0	0	0
2024-10-21 05:12:20	59.781607304285714	28.179625065714283	28.0900021	1	0	0	0	0
2024-10-21 05:12:30	59.85967925901639	28.09280788852459	28.0900021	1	0	0	0	0
2024-10-21 05:12:40	59.77378400493827	28.174740343209876	28.0900021	1	0	0	0	0
2024-10-21 05:12:50	59.79472606326531	28.13888332244898	28.0900021	1	0	0	0	0
2024-10-21 05:13:00	59.76285434571428	28.159859925714287	28.0900021	1	0	0	0	0
2024-10-21 05:13:10	59.75963273170732	28.150680390243902	28.0900021	1	0	0	0	0
2024-10-21 05:13:20	59.830042588235294	28.066427152941174	28.0900021	1	0	0	0	0
2024-10-21 05:13:30	59.79573749714286	28.10415716	28.0900021	1	0	0	0	0
2024-10-21 05:13:40	59.757681876	28.162498332	28.0900021	1	0	0	0	0
2024-10-21 05:13:50	59.6983892	28.187667336	28.0900021	1	0	0	0	0
2024-10-21 05:14:00	59.81076797468354	28.070508620253165	28.0900021	1	0	0	0	0
2024-10-21 05:14:10	59.7485736	28.152149392000002	28.0900021	1	0	0	0	0
2024-10-21 05:14:20	59.732925290163934	28.161027267213115	28.0900021	1	0	0	0	0
2024-10-21 05:14:30	59.757899314084504	28.138157576056336	28.0900021	1	0	0	0	0
2024-10-21 05:14:40	59.699388468571435	28.16466068	28.0900021	1	0	0	0	0
2024-10-21 05:14:50	59.777145759999996	28.072678800000002	28.0900021	1	0	0	0	0
2024-10-21 05:15:00	59.707074793333334	28.140093696666664	28.0900021	1	0	0	0	0
2024-10-21 05:15:10	59.743656814285714	28.10589065918367	28.0900021	1	0	0	0	0
2024-10-21 05:15:20	59.712851064999995	28.103816679999998	28.0900021	1	0	0	0	0
2024-10-21 05:15:30	59.75942643714286	28.064237091428573	28.0900021	1	0	0	0	0
2024-10-21 05:15:40	59.741447037142855	28.07911292	28.0900021	1	0	0	0	0
2024-10-21 05:15:50	59.70614204637681	28.11452087536232	28.0900021	1	0	0	0	0
2024-10-21 05:16:00	59.74119535714286	28.100573245714287	28.0900021	1	0	0	0	0
2024-10-21 05:16:10	59.663121473170726	28.157454641463417	28.0900021	1	0	0	0	0
2024-10-21 05:16:20	59.68726918	28.12234268	28.0900021	1	0	0	0	0
2024-10-21 05:16:30	59.67777977	28.117924313333333	28.0900021	1	0	0	0	0
2024-10-21 05:16:40	59.715434515000005	28.07651014	28.0900021	1	0	0	0	0
2024-10-21 05:16:50	59.61954671594203	28.174600046376813	28.0900021	1	0	0	0	0
2024-10-21 05:17:00	59.62553680987654	28.151258508641973	28.0900021	1	0	0	0	0
2024-10-21 05:17:10	59.64585278474576	28.126918369491523	28.0900021	1	0	0	0	0
2024-10-21 05:17:20	59.65818086779661	28.105580338983053	28.0900021	1	0	0	0	0
2024-10-21 05:17:30	59.64703973333334	28.099050015686274	28.0900021	1	0	0	0	0
2024-10-21 05:17:40	59.68959233142857	28.05812576	28.0900021	1	0	0	0	0
2024-10-21 05:17:50	59.72634832	28.0380367	28.0900021	1	0	0	0	0
2024-10-21 05:18:00	59.621983295	28.14791758	28.0900021	1	0	0	0	0
2024-10-21 05:18:10	59.650057147058824	28.11129132352941	28.0900021	1	0	0	0	0
2024-10-21 05:18:20	59.63762073714286	28.116354150000003	28.0900021	1	0	0	0	0
2024-10-21 05:18:30	59.617881188	28.13192292	28.0900021	1	0	0	0	0
2024-10-21 05:18:40	59.65280276	28.103869160000002	28.0900021	1	0	0	0	0
2024-10-21 05:18:50	59.60800995714286	28.15115186857143	28.0900021	1	0	0	0	0
2024-10-21 05:19:00	59.59220025633803	28.139970695774647	28.0900021	1	0	0	0	0
2024-10-21 05:19:10	59.62064616	28.104447204	28.0900021	1	0	0	0	0
2024-10-21 05:19:20	59.62294372112676	28.09846140140845	28.0900021	1	0	0	0	0
2024-10-21 05:19:30	59.61782527605634	28.098293239436618	28.0900021	1	0	0	0	0
2024-10-21 05:19:40	59.614462847999995	28.093946072	28.0900021	1	0	0	0	0
2024-10-21 05:19:50	59.62512704	28.110863646666665	28.0900021	1	0	0	0	0
2024-10-21 05:20:00	59.57948285342466	28.12771974931507	28.0900021	1	0	0	0	0
2024-10-21 05:20:10	59.63166016842105	28.065470189473686	28.0900021	1	0	0	0	0
2024-10-21 05:20:20	59.60624629565218	28.08430606521739	28.0900021	1	0	0	0	0
2024-10-21 05:20:30	59.598761440000004	28.103734632000002	28.0900021	1	0	0	0	0
2024-10-21 05:20:40	59.62388538285714	28.081948754285715	28.0900021	1	0	0	0	0
2024-10-21 05:20:50	59.62596793333333	28.089545153333333	28.0900021	1	0	0	0	0
2024-10-21 05:21:00	59.551274785	28.1561166925	28.0900021	1	0	0	0	0
2024-10-21 05:21:10	59.577997825	28.117217075	28.0900021	1	0	0	0	0
2024-10-21 05:21:20	59.541636065	28.151987955000003	28.0900021	1	0	0	0	0
2024-10-21 05:21:30	59.48774499428572	28.179046057142855	28.0900021	1	0	0	0	0
2024-10-21 05:21:40	59.60830116341463	28.062193131707318	28.0900021	1	0	0	0	0
2024-10-21 05:21:50	59.58249296	28.07667658	28.0900021	1	0	0	0	0
2024-10-21 05:22:00	59.60959277974684	28.048298332911394	28.0900021	1	0	0	0	0
2024-10-21 05:22:10	59.60957270886076	28.06014683544304	28.0900021	1	0	0	0	0
2024-10-21 05:22:20	59.576733110000006	28.09347375	28.0900021	1	0	0	0	0
2024-10-21 05:22:30	59.598587816	28.075991039999998	28.0900021	1	0	0	0	0
2024-10-21 05:22:40	59.51672944	28.163104728	28.0900021	1	0	0	0	0
2024-10-21 05:22:50	59.522503428571426	28.150426937142857	28.0900021	1	0	0	0	0
2024-10-21 05:23:00	59.55605642469136	28.099775422222223	28.0900021	1	0	0	0	0
2024-10-21 05:23:10	59.59882440677966	28.04462271355932	28.0900021	1	0	0	0	0
2024-10-21 05:23:20	59.6195145	28.0349115375	28.0900021	1	0	0	0	0
2024-10-21 05:23:30	59.60932225333333	28.066314106666667	28.0900021	1	0	0	0	0
2024-10-21 05:23:40	59.59074043902439	28.084600124390242	28.0900021	1	0	0	0	0
2024-10-21 05:23:50	59.59954312608696	28.083824752173914	28.0900021	1	0	0	0	0
2024-10-21 05:24:00	59.57034326478873	28.126339749295774	28.0900021	1	0	0	0	0
2024-10-21 05:24:10	59.55657104	28.118261229999998	28.0900021	1	0	0	0	0
2024-10-21 05:24:20	59.588222197802196	28.08435912857143	28.0900021	1	0	0	0	0
2024-10-21 05:24:30	59.55398920392157	28.114564011764706	28.0900021	1	0	0	0	0
2024-10-21 05:24:40	59.59154918382353	28.082419977941175	28.0900021	1	0	0	0	0
2024-10-21 05:24:50	59.547256954	28.121411272	28.0900021	1	0	0	0	0
2024-10-21 05:25:00	59.64096362222222	28.025158744444443	28.0900021	1	0	0	0	0
2024-10-21 05:25:10	59.62538376	28.048826220000002	28.0900021	1	0	0	0	0
2024-10-21 05:25:20	59.629840377777775	28.03889008222222	28.0900021	1	0	0	0	0
2024-10-21 05:25:30	59.6494489	28.045826960000003	28.0900021	1	0	0	0	0
2024-10-21 05:25:40	59.59669493809524	28.10901397142857	28.0900021	1	0	0	0	0
2024-10-21 05:25:50	59.58312191489362	28.120712131914896	28.0900021	1	0	0	0	0
2024-10-21 05:26:00	59.59753788285714	28.08614655142857	28.0900021	1	0	0	0	0
2024-10-21 05:26:10	59.57972268857143	28.12699736857143	28.0900021	1	0	0	0	0
2024-10-21 05:26:20	59.5857388949367	28.112518515189873	28.0900021	1	0	0	0	0
2024-10-21 05:26:30	59.551340852542374	28.128486527118643	28.0900021	1	0	0	0	0
2024-10-21 05:26:40	59.52801242	28.137869300000002	28.0900021	1	0	0	0	0
2024-10-21 05:26:50	59.55741538775511	28.08343155714286	28.0900021	1	0	0	0	0
2024-10-21 05:27:00	59.546546	28.113384230434782	28.0900021	1	0	0	0	0
2024-10-21 05:27:10	59.55474296571429	28.085041482857143	28.0900021	1	0	0	0	0
2024-10-21 05:27:20	59.52080154285714	28.131723145714286	28.0900021	1	0	0	0	0
2024-10-21 05:27:30	59.526990062857145	28.116608522857142	28.0900021	1	0	0	0	0
2024-10-21 05:27:40	59.533736342857146	28.104507814285714	28.0900021	1	0	0	0	0
2024-10-21 05:27:50	59.510212848	28.101444376	28.0900021	1	0	0	0	0
2024-10-21 05:28:00	59.54916213333333	28.082896433333335	28.0900021	1	0	0	0	0
2024-10-21 05:28:10	59.53039874	28.10790748	28.0900021	1	0	0	0	0
2024-10-21 05:28:20	59.52766501111111	28.096556333333332	28.0900021	1	0	0	0	0
2024-10-21 05:28:30	59.54115309428571	28.080050791428572	28.0900021	1	0	0	0	0
2024-10-21 05:28:40	59.52194412	28.1076535975	28.0900021	1	0	0	0	0
2024-10-21 05:28:50	59.47671926829268	28.128520573170732	28.0900021	1	0	0	0	0
2024-10-21 05:29:00	59.478023234285715	28.122471392857143	28.0900021	1	0	0	0	0
2024-10-21 05:29:10	59.4639626	28.1317978	28.0900021	1	0	0	0	0
2024-10-21 05:29:20	59.50144261690141	28.09562998169014	28.0900021	1	0	0	0	0
2024-10-21 05:29:30	59.529624954285715	28.06669231142857	28.0900021	1	0	0	0	0
2024-10-21 05:29:40	59.47154201428572	28.121692776190475	28.0900021	1	0	0	0	0
2024-10-21 05:29:50	59.468391747619044	28.115448930952383	28.0900021	1	0	0	0	0
2024-10-21 05:30:00	59.51277690327869	28.056644478688526	28.0900021	1	0	0	0	0
2024-10-21 05:30:10	59.4935762	28.08929239	28.0900021	1	0	0	0	0
2024-10-21 05:30:20	59.504375923595504	28.079727951685395	28.0900021	1	0	0	0	0
2024-10-21 05:30:30	59.49930938285715	28.08103658285714	28.0900021	1	0	0	0	0
2024-10-21 05:30:40	59.584740000000004	28.02646028	28.0900021	1	0	0	0	0
2024-10-21 05:30:50	59.56472312857143	28.053849738095238	28.0900021	1	0	0	0	0
2024-10-21 05:31:00	59.51371596470588	28.09768944117647	28.0900021	1	0	0	0	0
2024-10-21 05:31:10	59.494409956	28.129656228	28.0900021	1	0	0	0	0
2024-10-21 05:31:20	59.54084372	28.068283060000002	28.0900021	1	0	0	0	0
2024-10-21 05:31:30	59.56400796285714	28.058449525714284	28.0900021	1	0	0	0	0
2024-10-21 05:31:40	59.520014	28.103988559999998	28.0900021	1	0	0	0	0
2024-10-21 05:31:50	59.50038249166667	28.112591829166668	28.0900021	1	0	0	0	0
2024-10-21 05:32:00	59.57037257142857	28.04516791714286	28.0900021	1	0	0	0	0
2024-10-21 05:32:10	59.48162579423077	28.151029571153845	28.0900021	1	0	0	0	0
2024-10-21 05:32:20	59.48520831111111	28.13309171111111	28.0900021	1	0	0	0	0
2024-10-21 05:32:30	59.51902762816901	28.087086025352114	28.0900021	1	0	0	0	0
2024-10-21 05:32:40	59.45071408607595	28.148299787341774	28.0900021	1	0	0	0	0
2024-10-21 05:32:50	59.419984736	28.155567392000002	28.0900021	1	0	0	0	0
2024-10-21 05:33:00	59.504312899999995	28.08130268	28.0900021	1	0	0	0	0
2024-10-21 05:33:10	59.4646751	28.14385772380952	28.0900021	1	0	0	0	0
2024-10-21 05:33:20	59.44550240769231	28.130899892307692	28.0900021	1	0	0	0	0
2024-10-21 05:33:30	59.422372630000005	28.1587403775	28.0900021	1	0	0	0	0
2024-10-21 05:33:40	59.432805312	28.12377108	28.0900021	1	0	0	0	0
2024-10-21 05:33:50	59.44616378571429	28.10228837142857	28.0900021	1	0	0	0	0
2024-10-21 05:34:00	59.47405948717949	28.07775474871795	28.0900021	1	0	0	0	0
2024-10-21 05:34:10	59.498283658536586	28.06041295121951	28.0900021	1	0	0	0	0
2024-10-21 05:34:20	59.45985562	28.11366118	28.0900021	1	0	0	0	0
2024-10-21 05:34:30	59.446904974647886	28.1074299	28.0900021	1	0	0	0	0
2024-10-21 05:34:40	59.42622742608695	28.141810626086958	28.0900021	1	0	0	0	0
2024-10-21 05:34:50	59.43583530422535	28.10392732112676	28.0900021	1	0	0	0	0
2024-10-21 05:35:00	59.45826884810127	28.084563556962024	28.0900021	1	0	0	0	0
2024-10-21 05:35:10	59.440726663999996	28.099843184	28.0900021	1	0	0	0	0
2024-10-21 05:35:20	59.48278829	28.05976641	28.0900021	1	0	0	0	0
2024-10-21 05:35:30	59.42599695925926	28.128025298765433	28.0900021	1	0	0	0	0
2024-10-21 05:35:40	59.41241434262295	28.117735921311475	28.0900021	1	0	0	0	0
2024-10-21 05:35:50	59.494725208000006	28.043286260000002	28.0900021	1	0	0	0	0
2024-10-21 05:36:00	59.41286432857143	28.13038161714286	28.0900021	1	0	0	0	0
2024-10-21 05:36:10	59.467483508	28.077472216	28.0900021	1	0	0	0	0
2024-10-21 05:36:20	59.47589124	28.0727232	28.0900021	1	0	0	0	0
2024-10-21 05:36:30	59.434868413333334	28.120176726666667	28.0900021	1	0	0	0	0
2024-10-21 05:36:40	59.48039128571428	28.053927222857144	28.0900021	1	0	0	0	0
2024-10-21 05:36:50	59.479287	28.0724142	28.0900021	1	0	0	0	0
2024-10-21 05:37:00	59.456637737704916	28.075598021311475	28.0900021	1	0	0	0	0
2024-10-21 05:37:10	59.413028696	28.155100588	28.0900021	1	0	0	0	0
2024-10-21 05:37:20	59.40545071428571	28.137292157142856	28.0900021	1	0	0	0	0
2024-10-21 05:37:30	59.4727019925	28.071973817499998	28.0900021	1	0	0	0	0
2024-10-21 05:37:40	59.49272981	28.04465571	28.0900021	1	0	0	0	0
2024-10-21 05:37:50	59.47014936285714	28.09405257142857	28.0900021	1	0	0	0	0
2024-10-21 05:38:00	59.49044235714286	28.058192222857144	28.0900021	1	0	0	0	0
2024-10-21 05:38:10	59.476414647999995	28.088482432	28.0900021	1	0	0	0	0
2024-10-21 05:38:20	59.512970501369864	28.04594778630137	28.0900021	1	0	0	0	0
2024-10-21 05:38:30	59.48045178536586	28.077961412195123	28.0900021	1	0	0	0	0
2024-10-21 05:38:40	59.51759423846154	28.0354359	28.0900021	1	0	0	0	0
2024-10-21 05:38:50	59.52704454571429	28.04675555142857	28.0900021	1	0	0	0	0
2024-10-21 05:39:00	59.48412244	28.10173876	28.0900021	1	0	0	0	0
2024-10-21 05:39:10	59.459490171999995	28.120768016	28.0900021	1	0	0	0	0
2024-10-21 05:39:20	59.47139053428572	28.1010968	28.0900021	1	0	0	0	0
2024-10-21 05:39:30	59.43635874285714	28.12879679142857	28.0900021	1	0	0	0	0
2024-10-21 05:39:40	59.45778505714286	28.099482077142856	28.0900021	1	0	0	0	0
2024-10-21 05:39:50	59.46118347826087	28.110013765217392	28.0900021	1	0	0	0	0
2024-10-21 05:40:00	59.41950704	28.11833974285714	28.0900021	1	0	0	0	0
2024-10-21 05:40:10	59.50176835714286	28.05865297142857	28.0900021	1	0	0	0	0
2024-10-21 05:40:20	59.44668577	28.1119694975	28.0900021	1	0	0	0	0
2024-10-21 05:40:30	59.4393819084507	28.13578986197183	28.0900021	1	0	0	0	0
2024-10-21 05:40:40	59.443544875	28.103089157499998	28.0900021	1	0	0	0	0
2024-10-21 05:40:50	59.43621	28.1107388	28.0900021	1	0	0	0	0
2024-10-21 05:41:00	59.39882826	28.14987870857143	28.0900021	1	0	0	0	0
2024-10-21 05:41:10	59.37467742	28.184138316	28.0900021	1	0	0	0	0
2024-10-21 05:41:20	59.29026659714286	28.219267094285716	28.0900021	1	0	0	0	0
2024-10-21 05:41:30	59.30310606333334	28.168684213333332	28.0900021	1	0	0	0	0
2024-10-21 05:41:40	59.365285054285714	28.103612274285712	28.0900021	1	0	0	0	0
2024-10-21 05:41:50	59.3520705775	28.1050470825	28.0900021	1	0	0	0	0
2024-10-21 05:42:00	59.30180901714286	28.171582828571427	28.0900021	1	0	0	0	0
2024-10-21 05:42:10	59.2669685632653	28.18606018367347	28.0900021	1	0	0	0	0
2024-10-21 05:42:20	59.297566097560974	28.106728448780487	28.0900021	1	0	0	0	0
2024-10-21 05:42:30	59.34172971428571	28.09123752857143	28.0900021	1	0	0	0	0
2024-10-21 05:42:40	59.36552	28.06604474	28.0900021	1	0	0	0	0
2024-10-21 05:42:50	59.293794559999995	28.13997158	28.0900021	1	0	0	0	0
2024-10-21 05:43:00	59.37169	28.0541325	28.0900021	1	0	0	0	0
2024-10-21 05:43:10	59.325122469491525	28.103798194915257	28.0900021	1	0	0	0	0
2024-10-21 05:43:20	59.28492845070423	28.1453703056338	28.0900021	1	0	0	0	0
2024-10-21 05:43:30	59.279081106666666	28.13519676	28.0900021	1	0	0	0	0
2024-10-21 05:43:40	59.308688182857146	28.09982857142857	28.0900021	1	0	0	0	0
2024-10-21 05:43:50	59.301169248	28.097898479999998	28.0900021	1	0	0	0	0
2024-10-21 05:44:00	59.2868088	28.10805104	28.0900021	1	0	0	0	0
2024-10-21 05:44:10	59.317116384	28.074373436000002	28.0900021	1	0	0	0	0
2024-10-21 05:44:20	59.367173040000004	28.0405223	28.0900021	1	0	0	0	0
2024-10-21 05:44:30	59.361276097560975	28.05056460731707	28.0900021	1	0	0	0	0
2024-10-21 05:44:40	59.371266555000005	28.026038595	28.0900021	1	0	0	0	0
2024-10-21 05:44:50	59.34701796857143	28.078374534285715	28.0900021	1	0	0	0	0
2024-10-21 05:45:00	59.391331865	28.030359025	28.0900021	1	0	0	0	0
2024-10-21 05:45:10	59.34199813953489	28.10089475116279	28.0900021	1	0	0	0	0
2024-10-21 05:45:20	59.36478441304348	28.061481217391307	28.0900021	1	0	0	0	0
2024-10-21 05:45:30	59.36906434857143	28.065349522857144	28.0900021	1	0	0	0	0
2024-10-21 05:45:40	59.38296036	28.064293316	28.0900021	1	0	0	0	0
2024-10-21 05:45:50	59.364060906666666	28.087501013333334	28.0900021	1	0	0	0	0
2024-10-21 05:46:00	59.44411958	27.96272548	28.0900021	1	0	0	0	0
2024-10-21 05:46:10	59.434730656	28.034994888	28.0900021	1	0	0	0	0
2024-10-21 05:46:20	59.4457844	28.0355472	28.0900021	1	0	0	0	0
2024-10-21 05:46:30	59.44929220196078	28.045310094117646	28.0900021	1	0	0	0	0
2024-10-21 05:46:40	59.40743739130435	28.086118017391303	28.0900021	1	0	0	0	0
2024-10-21 05:46:50	59.446833840000004	28.065250419999998	28.0900021	1	0	0	0	0
2024-10-21 05:47:00	59.46822349	28.052825555000002	28.0900021	1	0	0	0	0
2024-10-21 05:47:10	59.4417688	28.062439448	28.0900021	1	0	0	0	0
2024-10-21 05:47:20	59.37042565070423	28.129542746478872	28.0900021	1	0	0	0	0
2024-10-21 05:47:30	59.48356455932203	28.0338941	28.0900021	1	0	0	0	0
2024-10-21 05:47:40	59.39676929512195	28.12036724878049	28.0900021	1	0	0	0	0
2024-10-21 05:47:50	59.42517985245902	28.084493613114752	28.0900021	1	0	0	0	0
2024-10-21 05:48:00	59.42338211111111	28.09119773777778	28.0900021	1	0	0	0	0
2024-10-21 05:48:10	59.470348671428575	28.047628173469388	28.0900021	1	0	0	0	0
2024-10-21 05:48:20	59.43945580246913	28.085520301234567	28.0900021	1	0	0	0	0
2024-10-21 05:48:30	59.425017708	28.091305224000003	28.0900021	1	0	0	0	0
2024-10-21 05:48:40	59.39371192	28.13637542	28.0900021	1	0	0	0	0
2024-10-21 05:48:50	59.40754142857143	28.130719111428572	28.0900021	1	0	0	0	0
2024-10-21 05:49:00	59.491077010000005	28.023482533333336	28.0900021	1	0	0	0	0
2024-10-21 05:49:10	59.426380120000005	28.08680382	28.0900021	1	0	0	0	0
2024-10-21 05:49:20	59.46844256	28.03941364	28.0900021	1	0	0	0	0
2024-10-21 05:49:30	59.472601749999995	28.078642000000002	28.0900021	1	0	0	0	0
2024-10-21 05:49:40	59.43651856122449	28.104440430612247	28.0900021	1	0	0	0	0
2024-10-21 05:49:50	59.52722789375	28.0090453625	28.0900021	1	0	0	0	0
2024-10-21 05:50:00	59.48628798780488	28.045830158536585	28.0900021	1	0	0	0	0
2024-10-21 05:50:10	59.465942857142856	28.094698571428573	28.0900021	1	0	0	0	0
2024-10-21 05:50:20	59.454848086956524	28.08007217391304	28.0900021	1	0	0	0	0
2024-10-21 05:50:30	59.49624	28.0666677	28.0900021	1	0	0	0	0
2024-10-21 05:50:40	59.46841657142857	28.085650105714286	28.0900021	1	0	0	0	0
2024-10-21 05:50:50	59.565938	27.986125345	28.0900021	1	0	0	0	0
2024-10-21 05:51:00	59.54804542857143	28.04355597714286	28.0900021	1	0	0	0	0
2024-10-21 05:51:10	59.520759028571426	28.088433685714286	28.0900021	1	0	0	0	0
2024-10-21 05:51:20	59.47518228666667	28.1212227	28.0900021	1	0	0	0	0
2024-10-21 05:51:30	59.595938241666666	27.9958009	28.0900021	1	0	0	0	0
2024-10-21 05:51:40	59.542970485714285	28.058709271428572	28.0900021	1	0	0	0	0
2024-10-21 05:51:50	59.48472674255319	28.101465534042553	28.0900021	1	0	0	0	0
2024-10-21 05:52:00	59.56856826222222	28.049469402222222	28.0900021	1	0	0	0	0
2024-10-21 05:52:10	59.64340863	27.968376	28.0900021	1	0	0	0	0
2024-10-21 05:52:20	59.609405	28.044978514705882	28.0900021	1	0	0	0	0
2024-10-21 05:52:30	59.56190258064516	28.09177682903226	28.0900021	1	0	0	0	0
2024-10-21 05:52:40	59.57365616086956	28.062324342028987	28.0900021	1	0	0	0	0
2024-10-21 05:52:50	59.558483756	28.090369122	28.0900021	1	0	0	0	0
2024-10-21 05:53:00	59.58951112112676	28.05812582253521	28.0900021	1	0	0	0	0
2024-10-21 05:53:10	59.63719894117647	28.00289085882353	28.0900021	1	0	0	0	0
2024-10-21 05:53:20	59.61119536585366	28.049490302439025	28.0900021	1	0	0	0	0
2024-10-21 05:53:30	59.59325622	28.08565215	28.0900021	1	0	0	0	0
2024-10-21 05:53:40	59.600727232000004	28.078994556	28.0900021	1	0	0	0	0
2024-10-21 05:53:50	59.6740328	28.010318704	28.0900021	1	0	0	0	0
2024-10-21 05:54:00	59.60992122571429	28.086765057142856	28.0900021	1	0	0	0	0
2024-10-21 05:54:10	59.59316793380282	28.097645053521127	28.0900021	1	0	0	0	0
2024-10-21 05:54:20	59.54912788714286	28.145946655714287	28.0900021	1	0	0	0	0
2024-10-21 05:54:30	59.53670121	28.143518280000002	28.0900021	1	0	0	0	0
2024-10-21 05:54:40	59.496408524050636	28.187397246835445	28.0900021	1	0	0	0	0
2024-10-21 05:54:50	59.49793721176471	28.164077529411763	28.0900021	1	0	0	0	0
2024-10-21 05:55:00	59.56497661714286	28.079333622857142	28.0900021	1	0	0	0	0
2024-10-21 05:55:10	59.52217353188406	28.125388882608696	28.0900021	1	0	0	0	0
2024-10-21 05:55:20	59.54257633428572	28.100745545714286	28.0900021	1	0	0	0	0
2024-10-21 05:55:30	59.52625467714286	28.11760208857143	28.0900021	1	0	0	0	0
2024-10-21 05:55:40	59.480725423809524	28.16702649047619	28.0900021	1	0	0	0	0
2024-10-21 05:55:50	59.504101412765955	28.11357780212766	28.0900021	1	0	0	0	0
2024-10-21 05:56:00	59.50049089180328	28.114315593442623	28.0900021	1	0	0	0	0
2024-10-21 05:56:10	59.54114249714286	28.067411054285714	28.0900021	1	0	0	0	0
2024-10-21 05:56:20	59.58866756	28.0411178725	28.0900021	1	0	0	0	0
2024-10-21 05:56:30	59.54430546285714	28.09186029142857	28.0900021	1	0	0	0	0
2024-10-21 05:56:40	59.586526137142855	28.06172496	28.0900021	1	0	0	0	0
2024-10-21 05:56:50	59.534812435999996	28.10744956	28.0900021	1	0	0	0	0
2024-10-21 05:57:00	59.46385211	28.17540706	28.0900021	1	0	0	0	0
2024-10-21 05:57:10	59.505570372	28.120988624	28.0900021	1	0	0	0	0
2024-10-21 05:57:20	59.477422670731706	28.140635802439025	28.0900021	1	0	0	0	0
2024-10-21 05:57:30	59.571141879310346	28.040754796551724	28.0900021	1	0	0	0	0
2024-10-21 05:57:40	59.554027814634146	28.079979031707317	28.0900021	1	0	0	0	0
2024-10-21 05:57:50	59.54011736170212	28.07390229361702	28.0900021	1	0	0	0	0
2024-10-21 05:58:00	59.53653804918033	28.081087096721312	28.0900021	1	0	0	0	0
2024-10-21 05:58:10	59.56615553061225	28.064319469387755	28.0900021	1	0	0	0	0
2024-10-21 05:58:20	59.557505290109894	28.081415637362635	28.0900021	1	0	0	0	0
2024-10-21 05:58:30	59.52379118571429	28.115304308571428	28.0900021	1	0	0	0	0
2024-10-21 05:58:40	59.486119165714285	28.124810108571427	28.0900021	1	0	0	0	0
2024-10-21 05:58:50	59.474429488	28.151578756	28.0900021	1	0	0	0	0
2024-10-21 05:59:00	59.55458543661972	28.05743954366197	28.0900021	1	0	0	0	0
2024-10-21 05:59:10	59.572729804000005	28.056044284	28.0900021	1	0	0	0	0
2024-10-21 05:59:20	59.569551	28.059239435000002	28.0900021	1	0	0	0	0
2024-10-21 05:59:30	59.523329794285715	28.090748525714286	28.0900021	1	0	0	0	0
2024-10-21 05:59:40	59.56040513442623	28.066509927868854	28.0900021	1	0	0	0	0
2024-10-21 05:59:50	59.62831744	28.002959608	28.0900021	1	0	0	0	0
2024-10-21 06:00:00	59.55108821923077	28.095636165384615	28.0900021	1	0	0	0	0
2024-10-21 06:00:10	59.551533469387756	28.088867036734694	28.0900021	1	0	0	0	0
2024-10-21 06:00:20	59.593050195	28.0380633	28.0900021	1	0	0	0	0
2024-10-21 06:00:30	59.581669252112675	28.06993967887324	28.0900021	1	0	0	0	0
2024-10-21 06:00:40	59.507314	28.14309202125	28.0900021	1	0	0	0	0
2024-10-21 06:00:50	59.59205858163266	28.028578751020408	28.0900021	1	0	0	0	0
2024-10-21 06:01:00	59.51772784084507	28.116246946478874	28.0900021	1	0	0	0	0
2024-10-21 06:01:10	59.577276928	28.075590576	28.0900021	1	0	0	0	0
2024-10-21 06:01:20	59.566603467647056	28.068414435294116	28.0900021	1	0	0	0	0
2024-10-21 06:01:30	59.56919881142857	28.101057434285714	28.0900021	1	0	0	0	0
2024-10-21 06:01:40	59.55960189795918	28.060639559183674	28.0900021	1	0	0	0	0
2024-10-21 06:01:50	59.555934111999996	28.07797712	28.0900021	1	0	0	0	0
2024-10-21 06:02:00	59.55114738734177	28.097559265822785	28.0900021	1	0	0	0	0
2024-10-21 06:02:10	59.588457592156864	28.061837919607843	28.0900021	1	0	0	0	0
2024-10-21 06:02:20	59.5506076852459	28.097285672131147	28.0900021	1	0	0	0	0
2024-10-21 06:02:30	59.59938	28.064381651428572	28.0900021	1	0	0	0	0
2024-10-21 06:02:40	59.61528439714286	28.045274654285713	28.0900021	1	0	0	0	0
2024-10-21 06:02:50	59.61663851739131	28.0499844	28.0900021	1	0	0	0	0
2024-10-21 06:03:00	59.59780116666666	28.079622243333333	28.0900021	1	0	0	0	0
2024-10-21 06:03:10	59.553447376	28.128658167999998	28.0900021	1	0	0	0	0
2024-10-21 06:03:20	59.545611175000005	28.1256306275	28.0900021	1	0	0	0	0
2024-10-21 06:03:30	59.632147204999995	28.04002737	28.0900021	1	0	0	0	0
2024-10-21 06:03:40	59.632147204999995	28.04002737	28.0900021	1	0	0	0	0
2024-10-21 06:03:50	59.588475772	28.090535151999998	28.0900021	1	0	0	0	0
2024-10-21 06:04:00	59.60669125333333	28.053632436666668	28.0900021	1	0	0	0	0
2024-10-21 06:04:10	59.52062332285714	28.155722714285716	28.0900021	1	0	0	0	0
2024-10-21 06:04:20	59.565766097560974	28.10679284390244	28.0900021	1	0	0	0	0
2024-10-21 06:04:30	59.59447004	28.06837086	28.0900021	1	0	0	0	0
2024-10-21 06:04:40	59.623952571428575	28.040778645714287	28.0900021	1	0	0	0	0
2024-10-21 06:04:50	59.54364596571428	28.14408072	28.0900021	1	0	0	0	0
2024-10-21 06:05:00	59.59910256911765	28.073783322058823	28.0900021	1	0	0	0	0
2024-10-21 06:05:10	59.62372119857143	28.046929364285717	28.0900021	1	0	0	0	0
2024-10-21 06:05:20	59.54171174693877	28.120762048979593	28.0900021	1	0	0	0	0
2024-10-21 06:05:30	59.63067441159421	28.07162823768116	28.0900021	1	0	0	0	0
2024-10-21 06:05:40	59.646807586885245	28.044225527868853	28.0900021	1	0	0	0	0
2024-10-21 06:05:50	59.657328496	27.993608368	28.0900021	1	0	0	0	0
2024-10-21 06:06:00	59.63582049180328	28.077451311475407	28.0900021	1	0	0	0	0
2024-10-21 06:06:10	59.58679692	28.11526646	28.0900021	1	0	0	0	0
2024-10-21 06:06:20	59.688673200000004	28.022840132	28.0900021	1	0	0	0	0
2024-10-21 06:06:30	59.684913965	28.039818965000002	28.0900021	1	0	0	0	0
2024-10-21 06:06:40	59.669453856	28.059068492	28.0900021	1	0	0	0	0
2024-10-21 06:06:50	59.63716392	28.11030578	28.0900021	1	0	0	0	0
2024-10-21 06:07:00	59.665650912000004	28.057941608	28.0900021	1	0	0	0	0
2024-10-21 06:07:10	59.666354952	28.085943280000002	28.0900021	1	0	0	0	0
2024-10-21 06:07:20	59.61183549375	28.1204316375	28.0900021	1	0	0	0	0
2024-10-21 06:07:30	59.63861231884058	28.0896632884058	28.0900021	1	0	0	0	0
2024-10-21 06:07:40	59.73734368115942	27.994320039130436	28.0900021	1	0	0	0	0
2024-10-21 06:07:50	59.696954032786884	28.061899878688525	28.0900021	1	0	0	0	0
2024-10-21 06:08:00	59.725161713333335	28.027607873333334	28.0900021	1	0	0	0	0
2024-10-21 06:08:10	59.68662053707865	28.073146198876405	28.0900021	1	0	0	0	0
2024-10-21 06:08:20	59.626068857142855	28.1367008	28.0900021	1	0	0	0	0
2024-10-21 06:08:30	59.623310280000005	28.120854917142857	28.0900021	1	0	0	0	0
2024-10-21 06:08:40	59.6519503	28.09388857142857	28.0900021	1	0	0	0	0
2024-10-21 06:08:50	59.662563853164556	28.083509211392407	28.0900021	1	0	0	0	0
2024-10-21 06:09:00	59.60326969382716	28.12130019382716	28.0900021	1	0	0	0	0
2024-10-21 06:09:10	59.6705278	28.070644965	28.0900021	1	0	0	0	0
2024-10-21 06:09:20	59.67932416	28.062861039999998	28.0900021	1	0	0	0	0
2024-10-21 06:09:30	59.696512	28.062632262857143	28.0900021	1	0	0	0	0
2024-10-21 06:09:40	59.686072	28.06786696	28.0900021	1	0	0	0	0
2024-10-21 06:09:50	59.723949731999994	28.029007316	28.0900021	1	0	0	0	0
2024-10-21 06:10:00	59.670334924	28.078698296	28.0900021	1	0	0	0	0
2024-10-21 06:10:10	59.66887777777778	28.08823688888889	28.0900021	1	0	0	0	0
2024-10-21 06:10:20	59.71585416666667	28.052568145833334	28.0900021	1	0	0	0	0
2024-10-21 06:10:30	59.687357982857144	28.05859172857143	28.0900021	1	0	0	0	0
2024-10-21 06:10:40	59.74042658536585	28.07347180487805	28.0900021	1	0	0	0	0
2024-10-21 06:10:50	59.712493034615385	28.07347180487805	28.0900021	1	0	0	0	0
2024-10-21 06:11:00	59.69924399344262	28.086251475409835	28.0900021	1	0	0	0	0
2024-10-21 06:11:10	59.670940904999995	28.1216160225	28.0900021	1	0	0	0	0
2024-10-21 06:11:20	59.676018342	28.101425808	28.0900021	1	0	0	0	0
2024-10-21 06:11:30	59.676018342	28.101425808	28.0900021	1	0	0	0	0
2024-10-21 06:11:40	59.70959633333333	28.08428649	28.0900021	1	0	0	0	0
2024-10-21 06:11:50	59.72134395121951	28.057876468292683	28.0900021	1	0	0	0	0
2024-10-21 06:12:00	59.700070975555555	28.08800118	28.0900021	1	0	0	0	0
2024-10-21 06:12:10	59.72210071142857	28.078542762857143	28.0900021	1	0	0	0	0
2024-10-21 06:12:20	59.74087914285714	28.050623954285715	28.0900021	1	0	0	0	0
2024-10-21 06:12:30	59.749338853521124	28.04158234084507	28.0900021	1	0	0	0	0
2024-10-21 06:12:40	59.70545200612245	28.09935779387755	28.0900021	1	0	0	0	0
2024-10-21 06:12:50	59.76302578873239	28.03995096056338	28.0900021	1	0	0	0	0
2024-10-21 06:13:00	59.68923098571429	28.117940245714284	28.0900021	1	0	0	0	0
2024-10-21 06:13:10	59.6855440375	28.117836429999997	28.0900021	1	0	0	0	0
2024-10-21 06:13:20	59.738575443548385	28.0736556483871	28.0900021	1	0	0	0	0
2024-10-21 06:13:30	59.68035746835443	28.11728027594937	28.0900021	1	0	0	0	0
2024-10-21 06:13:40	59.718722539999995	28.070871916666665	28.0900021	1	0	0	0	0
2024-10-21 06:13:50	59.7221286904762	28.07116966190476	28.0900021	1	0	0	0	0
2024-10-21 06:14:00	59.729616655	28.070779275	28.0900021	1	0	0	0	0
2024-10-21 06:14:10	59.75719432222222	28.029766085185187	28.0900021	1	0	0	0	0
2024-10-21 06:14:20	59.75466481	28.047760354999998	28.0900021	1	0	0	0	0
2024-10-21 06:14:30	59.78949984	28.024594205714287	28.0900021	1	0	0	0	0
2024-10-21 06:14:40	59.72088334081633	28.116155918367348	28.0900021	1	0	0	0	0
2024-10-21 06:14:50	59.7556326075	28.07073249	28.0900021	1	0	0	0	0
2024-10-21 06:15:00	59.71894867428571	28.10832400285714	28.0900021	1	0	0	0	0
2024-10-21 06:15:10	59.7536424625	28.073865287500002	28.0900021	1	0	0	0	0
2024-10-21 06:15:20	59.775712052173915	28.056649930434784	28.0900021	1	0	0	0	0
2024-10-21 06:15:30	59.795784014999995	28.042810995	28.0900021	1	0	0	0	0
2024-10-21 06:15:40	59.73583746101695	28.11299369152542	28.0900021	1	0	0	0	0
2024-10-21 06:15:50	59.7814295804878	28.058724214634147	28.0900021	1	0	0	0	0
2024-10-21 06:16:00	59.75472230212766	28.084558614893616	28.0900021	1	0	0	0	0
2024-10-21 06:16:10	59.74712430724638	28.09124557536232	28.0900021	1	0	0	0	0
2024-10-21 06:16:20	59.7039479	28.14003103	28.0900021	1	0	0	0	0
2024-10-21 06:16:30	59.74063524590164	28.085776032786885	28.0900021	1	0	0	0	0
2024-10-21 06:16:40	59.73813176	28.094461312	28.0900021	1	0	0	0	0
2024-10-21 06:16:50	59.7344359	28.107491995	28.0900021	1	0	0	0	0
2024-10-21 06:17:00	59.711687765306124	28.1201106122449	28.0900021	1	0	0	0	0
2024-10-21 06:17:10	59.7118468175	28.108014745000002	28.0900021	1	0	0	0	0
2024-10-21 06:17:20	59.72882235	28.09453261	28.0900021	1	0	0	0	0
2024-10-21 06:17:30	59.756039114754095	28.072686973770494	28.0900021	1	0	0	0	0
2024-10-21 06:17:40	59.78701217755102	28.041373271428572	28.0900021	1	0	0	0	0
2024-10-21 06:17:50	59.733207252	28.094658016	28.0900021	1	0	0	0	0
2024-10-21 06:18:00	59.68765257380953	28.148297907142858	28.0900021	1	0	0	0	0
2024-10-21 06:18:10	59.80239668666666	28.027607466666666	28.0900021	1	0	0	0	0
2024-10-21 06:18:20	59.7605844	28.07410580989011	28.0900021	1	0	0	0	0
2024-10-21 06:18:30	59.69960481142857	28.13184755142857	28.0900021	1	0	0	0	0
2024-10-21 06:18:40	59.771781915	28.0649794375	28.0900021	1	0	0	0	0
2024-10-21 06:18:50	59.75788909571428	28.07737984285714	28.0900021	1	0	0	0	0
2024-10-21 06:19:00	59.752467576	28.086106824	28.0900021	1	0	0	0	0
2024-10-21 06:19:10	59.78341032666667	28.062641380000002	28.0900021	1	0	0	0	0
2024-10-21 06:19:20	59.69211856	28.17194292	28.0900021	1	0	0	0	0
2024-10-21 06:19:30	59.73749392	28.0942078	28.0900021	1	0	0	0	0
2024-10-21 06:19:40	59.69803015063291	28.141137841772153	28.0900021	1	0	0	0	0
2024-10-21 06:19:50	59.7007596097561	28.13615952195122	28.0900021	1	0	0	0	0
2024-10-21 06:20:00	59.689057560975606	28.12487417317073	28.0900021	1	0	0	0	0
2024-10-21 06:20:10	59.68891	28.12013666	28.0900021	1	0	0	0	0
2024-10-21 06:20:20	59.7766287	28.027745791428572	28.0900021	1	0	0	0	0
2024-10-21 06:20:30	59.7692627	28.063589099999998	28.0900021	1	0	0	0	0
2024-10-21 06:20:40	59.727444506666664	28.087575259999998	28.0900021	1	0	0	0	0
2024-10-21 06:20:50	59.716676639999996	28.10270624	28.0900021	1	0	0	0	0
2024-10-21 06:21:00	59.7154096	28.088283747619048	28.0900021	1	0	0	0	0
2024-10-21 06:21:10	59.66680644615384	28.146193392307694	28.0900021	1	0	0	0	0
2024-10-21 06:21:20	59.625139365853656	28.17635792682927	28.0900021	1	0	0	0	0
2024-10-21 06:21:30	59.62412619047619	28.17141542857143	28.0900021	1	0	0	0	0
2024-10-21 06:21:40	59.62943299753086	28.1518145	28.0900021	1	0	0	0	0
2024-10-21 06:21:50	59.6271276	28.144142185714287	28.0900021	1	0	0	0	0
2024-10-21 06:22:00	59.62038965714286	28.144199914285714	28.0900021	1	0	0	0	0
2024-10-21 06:22:10	59.61785075507247	28.13594045942029	28.0900021	1	0	0	0	0
2024-10-21 06:22:20	59.630695679999995	28.117902972	28.0900021	1	0	0	0	0
2024-10-21 06:22:30	59.57588974	28.16165635	28.0900021	1	0	0	0	0
2024-10-21 06:22:40	59.59774474666667	28.12982622666667	28.0900021	1	0	0	0	0
2024-10-21 06:22:50	59.6235336	28.09149206	28.0900021	1	0	0	0	0
2024-10-21 06:23:00	59.55914574285715	28.16726622857143	28.0900021	1	0	0	0	0
2024-10-21 06:23:10	59.521394	28.188196939999997	28.0900021	1	0	0	0	0
2024-10-21 06:23:20	59.626378214285715	28.064540842857145	28.0900021	1	0	0	0	0
2024-10-21 06:23:30	59.5355862	28.16023917571429	28.0900021	1	0	0	0	0
2024-10-21 06:23:40	59.445957320253164	28.23334644936709	28.0900021	1	0	0	0	0
2024-10-21 06:23:50	59.5136704	28.151812188	28.0900021	1	0	0	0	0
2024-10-21 06:24:00	59.532965999999995	28.11854858	28.0900021	1	0	0	0	0
2024-10-21 06:24:10	59.545027869444446	28.12049271388889	28.0900021	1	0	0	0	0
2024-10-21 06:24:20	59.53214704146342	28.123691424390245	28.0900021	1	0	0	0	0
2024-10-21 06:24:30	59.51761342857143	28.10662353142857	28.0900021	1	0	0	0	0
2024-10-21 06:24:40	59.52198698169014	28.11137564507042	28.0900021	1	0	0	0	0
2024-10-21 06:24:50	59.46286932151899	28.154482493670887	28.0900021	1	0	0	0	0
2024-10-21 06:25:00	59.43167977714286	28.182896628571427	28.0900021	1	0	0	0	0
2024-10-21 06:25:10	59.416892857142855	28.18180333714286	28.0900021	1	0	0	0	0
2024-10-21 06:25:20	59.51678173877551	28.037615530612246	28.0900021	1	0	0	0	0
2024-10-21 06:25:30	59.509782398611115	28.054174729166668	28.0900021	1	0	0	0	0
2024-10-21 06:25:40	59.468354485714286	28.127088611428572	28.0900021	1	0	0	0	0
2024-10-21 06:25:50	59.48360301967213	28.101744960655736	28.0900021	1	0	0	0	0
2024-10-21 06:26:00	59.53074108	28.055035	28.0900021	1	0	0	0	0
2024-10-21 06:26:10	59.45443007714285	28.12925722285714	28.0900021	1	0	0	0	0
2024-10-21 06:26:20	59.464564234693874	28.121527453061226	28.0900021	1	0	0	0	0
2024-10-21 06:26:30	59.46301565609756	28.111741809756097	28.0900021	1	0	0	0	0
2024-10-21 06:26:40	59.43251604102564	28.1483207	28.0900021	1	0	0	0	0
2024-10-21 06:26:50	59.41631546	28.152612700000002	28.0900021	1	0	0	0	0
2024-10-21 06:27:00	59.50302378	28.052321077142857	28.0900021	1	0	0	0	0
2024-10-21 06:27:10	59.40538822285714	28.153235542857143	28.0900021	1	0	0	0	0
2024-10-21 06:27:20	59.349010304	28.179812476000002	28.0900021	1	0	0	0	0
2024-10-21 06:27:30	59.40252017142857	28.14273420857143	28.0900021	1	0	0	0	0
2024-10-21 06:27:40	59.42045596	28.107860340000002	28.0900021	1	0	0	0	0
2024-10-21 06:27:50	59.36336165428571	28.17583142857143	28.0900021	1	0	0	0	0
2024-10-21 06:28:00	59.39193073676471	28.12891153382353	28.0900021	1	0	0	0	0
2024-10-21 06:28:10	59.390200630985916	28.115314805633805	28.0900021	1	0	0	0	0
2024-10-21 06:28:20	59.380985875	28.08853607	28.0900021	1	0	0	0	0
2024-10-21 06:28:30	59.43427932	28.064801247142857	28.0900021	1	0	0	0	0
2024-10-21 06:28:40	59.34801404366197	28.149353769014084	28.0900021	1	0	0	0	0
2024-10-21 06:28:50	59.31919142	28.15892672	28.0900021	1	0	0	0	0
2024-10-21 06:29:00	59.34584493142857	28.126246994285715	28.0900021	1	0	0	0	0
2024-10-21 06:29:10	59.418011008571426	28.043712514285716	28.0900021	1	0	0	0	0
2024-10-21 06:29:20	59.39890454	28.08115566	28.0900021	1	0	0	0	0
2024-10-21 06:29:30	59.3690048	28.1092214	28.0900021	1	0	0	0	0
2024-10-21 06:29:40	59.36609300571428	28.123048285714287	28.0900021	1	0	0	0	0
2024-10-21 06:29:50	59.325790856338024	28.123449876056338	28.0900021	1	0	0	0	0
2024-10-21 06:30:00	59.37707828571429	28.081468431428572	28.0900021	1	0	0	0	0
2024-10-21 06:30:10	59.38284096857143	28.100111594285714	28.0900021	1	0	0	0	0
2024-10-21 06:30:20	59.326849096000004	28.152363316000002	28.0900021	1	0	0	0	0
2024-10-21 06:30:30	59.32814895774648	28.120124104225354	28.0900021	1	0	0	0	0
2024-10-21 06:30:40	59.30127919240506	28.126961855696205	28.0900021	1	0	0	0	0
2024-10-21 06:30:50	59.34473192957746	28.100970892957747	28.0900021	1	0	0	0	0
2024-10-21 06:31:00	59.23501428285714	28.199415565714286	28.0900021	1	0	0	0	0
2024-10-21 06:31:10	59.300950976923076	28.120058020512822	28.0900021	1	0	0	0	0
2024-10-21 06:31:20	59.356030436	28.068065184	28.0900021	1	0	0	0	0
2024-10-21 06:31:30	59.285391439130436	28.141387026086957	28.0900021	1	0	0	0	0
2024-10-21 06:31:40	59.27622966666667	28.131845636666664	28.0900021	1	0	0	0	0
2024-10-21 06:31:50	59.33861314285714	28.07214466857143	28.0900021	1	0	0	0	0
2024-10-21 06:32:00	59.3426139475	28.071029285	28.0900021	1	0	0	0	0
2024-10-21 06:32:10	59.35776485714286	28.06105616285714	28.0900021	1	0	0	0	0
2024-10-21 06:32:20	59.345007612	28.087650604	28.0900021	1	0	0	0	0
2024-10-21 06:32:30	59.39677391304348	28.029274782608695	28.0900021	1	0	0	0	0
2024-10-21 06:32:40	59.295319715000005	28.13545752	28.0900021	1	0	0	0	0
2024-10-21 06:32:50	59.309558371111116	28.130132453333335	28.0900021	1	0	0	0	0
2024-10-21 06:33:00	59.31354512	28.10988308	28.0900021	1	0	0	0	0
2024-10-21 06:33:10	59.32333175730337	28.11579	28.0900021	1	0	0	0	0
2024-10-21 06:33:20	59.369245546	28.052304442	28.0900021	1	0	0	0	0
2024-10-21 06:33:30	59.38469101449275	28.044105430434783	28.0900021	1	0	0	0	0
2024-10-21 06:33:40	59.313044514999994	28.115476805	28.0900021	1	0	0	0	0
2024-10-21 06:33:50	59.354951475409834	28.069024767213115	28.0900021	1	0	0	0	0
2024-10-21 06:34:00	59.39408174157303	28.03978756966292	28.0900021	1	0	0	0	0
2024-10-21 06:34:10	59.38369373239436	28.05343915633803	28.0900021	1	0	0	0	0
2024-10-21 06:34:20	59.356795294117646	28.08970655882353	28.0900021	1	0	0	0	0
2024-10-21 06:34:30	59.33255421159421	28.112494828985508	28.0900021	1	0	0	0	0
2024-10-21 06:34:40	59.300431967213115	28.126368606557374	28.0900021	1	0	0	0	0
2024-10-21 06:34:50	59.31137857627119	28.127552066101693	28.0900021	1	0	0	0	0
2024-10-21 06:35:00	59.34058239428572	28.099834962857145	28.0900021	1	0	0	0	0
2024-10-21 06:35:10	59.329721060000004	28.11357954	28.0900021	1	0	0	0	0
2024-10-21 06:35:20	59.333287507317074	28.06862011707317	28.0900021	1	0	0	0	0
2024-10-21 06:35:30	59.39632162875	28.041997757500003	28.0900021	1	0	0	0	0
2024-10-21 06:35:40	59.42298852459017	28.018731144262293	28.0900021	1	0	0	0	0
2024-10-21 06:35:50	59.37168532173913	28.09363492753623	28.0900021	1	0	0	0	0
2024-10-21 06:36:00	59.41838339	28.047003179999997	28.0900021	1	0	0	0	0
2024-10-21 06:36:10	59.4981349	27.98614096	28.0900021	1	0	0	0	0
2024-10-21 06:36:20	59.387617444	28.100813664	28.0900021	1	0	0	0	0
2024-10-21 06:36:30	59.4206673	28.104200106666667	28.0900021	1	0	0	0	0
2024-10-21 06:36:40	59.33312534117647	28.153387354901962	28.0900021	1	0	0	0	0
2024-10-21 06:36:50	59.36866195428571	28.091033160000002	28.0900021	1	0	0	0	0
2024-10-21 06:37:00	59.381945200000004	28.090818810000002	28.0900021	1	0	0	0	0
2024-10-21 06:37:10	59.46495604938272	28.01052213580247	28.0900021	1	0	0	0	0
2024-10-21 06:37:20	59.487169557142856	27.9952823	28.0900021	1	0	0	0	0
2024-10-21 06:37:30	59.4570620147541	28.044405609836065	28.0900021	1	0	0	0	0
2024-10-21 06:37:40	59.45302469387755	28.05477303877551	28.0900021	1	0	0	0	0
2024-10-21 06:37:50	59.448175166666665	28.064207595238095	28.0900021	1	0	0	0	0
2024-10-21 06:38:00	59.5386879	27.98581848	28.0900021	1	0	0	0	0
2024-10-21 06:38:10	59.50953218	28.05104356	28.0900021	1	0	0	0	0
2024-10-21 06:38:20	59.445580128	28.10106842	28.0900021	1	0	0	0	0
2024-10-21 06:38:30	59.453954788732396	28.08253926197183	28.0900021	1	0	0	0	0
2024-10-21 06:38:40	59.455421191999996	28.0937262	28.0900021	1	0	0	0	0
2024-10-21 06:38:50	59.483813000000005	28.0654457675	28.0900021	1	0	0	0	0
2024-10-21 06:39:00	59.42607845	28.143538225	28.0900021	1	0	0	0	0
2024-10-21 06:39:10	59.46562179	28.086037	28.0900021	1	0	0	0	0
2024-10-21 06:39:20	59.483012392000006	28.078713392	28.0900021	1	0	0	0	0
2024-10-21 06:39:30	59.437416257971016	28.11646952173913	28.0900021	1	0	0	0	0
2024-10-21 06:39:40	59.56273620571429	27.98736658857143	28.0900021	1	0	0	0	0
2024-10-21 06:39:50	59.46535869756097	28.098104551219514	28.0900021	1	0	0	0	0
2024-10-21 06:40:00	59.48088014857143	28.080326005714284	28.0900021	1	0	0	0	0
2024-10-21 06:40:10	59.502403633802814	28.079891349295774	28.0900021	1	0	0	0	0
2024-10-21 06:40:20	59.50835768734177	28.05946872151899	28.0900021	1	0	0	0	0
2024-10-21 06:40:30	59.46138535211267	28.113534123943662	28.0900021	1	0	0	0	0
2024-10-21 06:40:40	59.46275141960784	28.104905219607843	28.0900021	1	0	0	0	0
2024-10-21 06:40:50	59.43074222898551	28.13299031304348	28.0900021	1	0	0	0	0
2024-10-21 06:41:00	59.45653347826087	28.10387431304348	28.0900021	1	0	0	0	0
2024-10-21 06:41:10	59.57769241758242	27.983983261538462	28.0900021	1	0	0	0	0
2024-10-21 06:41:20	59.54003142	28.028080380000002	28.0900021	1	0	0	0	0
2024-10-21 06:41:30	60.01547935714286	27.571122031428573	28.0900021	1	0	0	0	0
2024-10-21 06:41:40	60.123438	27.611451414285714	28.0900021	1	0	0	0	0
2024-10-21 06:41:50	59.987356380952384	27.792854580952383	28.0900021	1	0	0	0	0
2024-10-21 06:42:00	59.96981456382979	27.858094776595745	28.0900021	1	0	0	0	0
2024-10-21 06:42:10	60.05294422	27.79844477	28.0900021	1	0	0	0	0
2024-10-21 06:42:20	59.59746083870968	27.985299064516127	23.870962329032256	1	0	0	0	0
2024-10-21 06:42:30	58.745304875	27.8006525	21.9499912	1	0	0	0	0
2024-10-21 06:42:40	58.00393568627451	27.4552112627451	21.9499912	1	0	0	0	0
2024-10-21 06:42:50	57.4671341	26.905732	21.9499912	1	0	0	0	0
2024-10-21 06:43:00	56.870066912	26.6940876	21.9499912	1	0	0	0	0
2024-10-21 06:43:10	56.340044444444445	26.310474742222222	21.9499912	1	0	0	0	0
2024-10-21 06:43:20	55.87284666285714	26.028618388571427	21.9499912	1	0	0	0	0
2024-10-21 06:43:30	55.563722	25.49860996	21.9499912	1	0	0	0	0
2024-10-21 06:43:40	54.83276278688525	25.712263647540983	21.9499912	1	0	0	0	0
2024-10-21 06:43:50	54.4976158	25.3225136	21.9499912	1	0	0	0	0
2024-10-21 06:44:00	54.00608824	25.1555708	21.9499912	1	0	0	0	0
2024-10-21 06:44:10	53.668894271186446	24.875164928813557	21.9499912	1	0	0	0	0
2024-10-21 06:44:20	53.261814345	24.747360904999997	21.9499912	1	0	0	0	0
2024-10-21 06:44:30	53.07325362	24.452466559999998	21.9499912	1	0	0	0	0
2024-10-21 06:44:40	52.848022028	24.250534712	21.9499912	1	0	0	0	0
2024-10-21 06:44:50	52.42085364857142	24.16883746857143	21.9499912	1	0	0	0	0
2024-10-21 06:45:00	52.217016112	24.016257952	21.9499912	1	0	0	0	0
2024-10-21 06:45:10	51.873458262921346	23.934068839325843	21.9499912	1	0	0	0	0
2024-10-21 06:45:20	51.67179204	23.782792646666667	21.9499912	1	0	0	0	0
2024-10-21 06:45:30	51.51401296	23.6161812	21.9499912	1	0	0	0	0
2024-10-21 06:45:40	51.27411632542373	23.55330060338983	21.9499912	1	0	0	0	0
2024-10-21 06:45:50	51.19572053658537	23.34307586097561	21.9499912	1	0	0	0	0
2024-10-21 06:46:00	50.97780680952381	23.32840457142857	21.9499912	1	0	0	0	0
2024-10-21 06:46:10	50.750581301123596	23.260255323595505	21.9499912	1	0	0	0	0
2024-10-21 06:46:20	50.59008214084507	23.18002753661972	21.9499912	1	0	0	0	0
2024-10-21 06:46:30	50.48663472	23.05491178	21.9499912	1	0	0	0	0
2024-10-21 06:46:40	50.285108496	23.09289974	21.9499912	1	0	0	0	0
2024-10-21 06:46:50	50.31098942857143	22.839774654285716	21.9499912	1	0	0	0	0
2024-10-21 06:47:00	50.213234285714286	22.79433014285714	21.9499912	1	0	0	0	0
2024-10-21 06:47:10	50.01146119111111	22.814099613333333	21.9499912	1	0	0	0	0
2024-10-21 06:47:20	49.91982362666667	22.743478888888887	21.9499912	1	0	0	0	0
2024-10-21 06:47:30	49.836650505	22.6832275675	21.9499912	1	0	0	0	0
2024-10-21 06:47:40	49.785524571428574	22.625260031428574	21.9499912	1	0	0	0	0
2024-10-21 06:47:50	49.71181853953488	22.56875843488372	21.9499912	1	0	0	0	0
2024-10-21 06:48:00	49.589341748	22.560760636	21.9499912	1	0	0	0	0
2024-10-21 06:48:10	49.575037407594934	22.464549772151898	21.9499912	1	0	0	0	0
2024-10-21 06:48:20	49.46756426197183	22.470464411267606	21.9499912	1	0	0	0	0
2024-10-21 06:48:30	49.369251445	22.476339499999998	21.9499912	1	0	0	0	0
2024-10-21 06:48:40	49.294499312	22.443016034	21.9499912	1	0	0	0	0
2024-10-21 06:48:50	49.29973622926829	22.362065857317074	21.9499912	1	0	0	0	0
2024-10-21 06:49:00	49.19934223255814	22.389113088372095	21.9499912	1	0	0	0	0
2024-10-21 06:49:10	49.14037549295775	22.363689715492956	21.9499912	1	0	0	0	0
2024-10-21 06:49:20	49.14121064935065	22.292726332467534	21.9499912	1	0	0	0	0
2024-10-21 06:49:30	49.037835327160494	22.341520632098764	21.9499912	1	0	0	0	0
2024-10-21 06:49:40	49.05663022857143	22.244668088571427	21.9499912	1	0	0	0	0
2024-10-21 06:49:50	49.01584	22.232978657142855	21.9499912	1	0	0	0	0
2024-10-21 06:50:00	49.04453776904762	22.162957942857144	21.9499912	1	0	0	0	0
2024-10-21 06:50:10	49.00100628571428	22.17057468	21.9499912	1	0	0	0	0
2024-10-21 06:50:20	48.88677426	22.212682817142856	21.9499912	1	0	0	0	0
2024-10-21 06:50:30	48.968057765	22.103193885	21.9499912	1	0	0	0	0
2024-10-21 06:50:40	48.989113913043475	22.06329603768116	21.9499912	1	0	0	0	0
2024-10-21 06:50:50	48.91767755942029	22.10423422753623	21.9499912	1	0	0	0	0
2024-10-21 06:51:00	48.931678698039214	22.068001550980394	21.9499912	1	0	0	0	0
2024-10-21 06:51:10	48.902349397468356	22.08078658101266	21.9499912	1	0	0	0	0
2024-10-21 06:51:20	48.858806308000005	22.09580866	21.9499912	1	0	0	0	0
2024-10-21 06:51:30	48.82267992475248	22.105653564356437	21.9499912	1	0	0	0	0
2024-10-21 06:51:40	48.83066882531646	22.073270641772154	21.9499912	1	0	0	0	0
2024-10-21 06:51:50	48.804823295999995	22.072935028	21.9499912	1	0	0	0	0
2024-10-21 06:52:00	48.79682833333333	22.060447466666666	21.9499912	1	0	0	0	0
2024-10-21 06:52:10	48.75003486229508	22.08510929344262	21.9499912	1	0	0	0	0
2024-10-21 06:52:20	48.7393037	22.072601968	21.9499912	1	0	0	0	0
2024-10-21 06:52:30	48.72187027	22.047014209999997	21.9499912	1	0	0	0	0
2024-10-21 06:52:40	48.75873876	22.01961366	21.9499912	1	0	0	0	0
2024-10-21 06:52:50	48.75607519111111	21.99688904888889	21.9499912	1	0	0	0	0
2024-10-21 06:53:00	48.77679614117647	21.974248862745096	21.9499912	1	0	0	0	0
2024-10-21 06:53:10	48.65146670327869	22.078356585245903	21.9499912	1	0	0	0	0
2024-10-21 06:53:20	48.70377616949152	22.007658837288133	21.9499912	1	0	0	0	0
2024-10-21 06:53:30	48.718454777528095	21.995450193258428	21.9499912	1	0	0	0	0
2024-10-21 06:53:40	48.70683629577464	21.99315678309859	21.9499912	1	0	0	0	0
2024-10-21 06:53:50	48.6976263442623	21.977841949180327	21.9499912	1	0	0	0	0
2024-10-21 06:54:00	48.653292144	22.062078231999998	21.9499912	1	0	0	0	0
2024-10-21 06:54:10	48.70156373333333	21.966874773333334	21.9499912	1	0	0	0	0
2024-10-21 06:54:20	48.76553363461538	21.915530407692305	21.9499912	1	0	0	0	0
2024-10-21 06:54:30	48.71215316923077	21.970062973626376	21.9499912	1	0	0	0	0
2024-10-21 06:54:40	48.7453865	21.93609238	21.9499912	1	0	0	0	0
2024-10-21 06:54:50	48.75872118	21.92171402	21.9499912	1	0	0	0	0
2024-10-21 06:55:00	48.727550656	21.962186648000003	21.9499912	1	0	0	0	0
