PROCESSDATA	2411LIC10503 Data	yyyy-MM-dd HH:mm:ss
8	10	2024-12-07 21:55:00	751
tagname	2411LIC10503.MV	2411LIC10503.PV	2411LIC10503.SV	2411LIC10503.MODE	bOpOFL	bPvOFL	bSpOFL	bAutOFL
desc	外取热汽包D118B_OP	外取热汽包D118B_PV	外取热汽包D118B_SP	Aut	bOpOFL	bPvOFL	bSpOFL	bAutOFL
fsMax=14.233212032	fsMin=0	fsGridNum=10	fdMax=14.233212032tfdMin=0	fdGridNum=10	v0GridNum=10	L=24
2024-12-07 21:55:00	67.6986440295	45.621232361	50.03767	1	0	0	0	0
2024-12-07 21:55:10	62.7034006795	47.273433061	50.03767	1	0	0	0	0
2024-12-07 21:55:20	58.1258764295	48.821117276	50.03767	1	0	0	0	0
2024-12-07 21:55:30	54.9468030795	50.018898476000004	50.03767	1	0	0	0	0
2024-12-07 21:55:40	52.276335296	50.9275167645	50.03767	1	0	0	0	0
2024-12-07 21:55:50	51.308590496	50.8680679145	50.03767	1	0	0	0	0
2024-12-07 21:56:00	50.602490544999995	50.8566402355	50.03767	1	0	0	0	0
2024-12-07 21:56:10	50.772332045	51.0059790855	50.03767	1	0	0	0	0
2024-12-07 21:56:20	50.53607255	51.204866179999996	50.03767	1	0	0	0	0
2024-12-07 21:56:30	48.94025755	51.56963218	50.03767	1	0	0	0	0
2024-12-07 21:56:40	47.744641814000005	51.7347764075	50.03767	1	0	0	0	0
2024-12-07 21:56:50	47.888823614	51.2316216575	50.03767	1	0	0	0	0
2024-12-07 21:57:00	49.3314736225	50.4770597035	50.03767	1	0	0	0	0
2024-12-07 21:57:10	55.1211693725	48.8808301535	50.03767	1	0	0	0	0
2024-12-07 21:57:20	59.649331210999996	47.6705417995	50.03767	1	0	0	0	0
2024-12-07 21:57:30	59.954096911	47.7523174495	50.03767	1	0	0	0	0
2024-12-07 21:57:40	60.0194987705	47.8765969155	50.03767	1	0	0	0	0
2024-12-07 21:57:50	59.2835521205	48.1431717655	50.03767	1	0	0	0	0
2024-12-07 21:58:00	58.517557132	48.412165744	50.03767	1	0	0	0	0
2024-12-07 21:58:10	57.650965532	48.689258544	50.03767	1	0	0	0	0
2024-12-07 21:58:20	56.909121251500004	48.94037657	50.03767	1	0	0	0	0
2024-12-07 21:58:30	56.5849093015	49.10453557	50.03767	1	0	0	0	0
2024-12-07 21:58:40	56.207083466	49.31714108	50.03767	1	0	0	0	0
2024-12-07 21:58:50	55.649767666	49.69193708	50.03767	1	0	0	0	0
2024-12-07 21:59:00	55.182471957000004	49.951410597	50.03767	1	0	0	0	0
2024-12-07 21:59:10	55.016547857	49.824804497	50.03767	1	0	0	0	0
2024-12-07 21:59:20	54.79219067	49.840464253	50.03767	1	0	0	0	0
2024-12-07 21:59:30	54.37220967	50.332405353	50.03767	1	0	0	0	0
2024-12-07 21:59:40	52.8734306555	51.03951465	50.03767	1	0	0	0	0
2024-12-07 21:59:50	47.7630235055	52.46696965	50.03767	1	0	0	0	0
2024-12-07 22:00:00	43.594818152	53.5208721165	50.03767	1	0	0	0	0
2024-12-07 22:00:10	42.580940552	53.3241856665	50.03767	1	0	0	0	0
2024-12-07 22:00:20	42.649601997	52.948472978	50.03767	1	0	0	0	0
2024-12-07 22:00:30	46.342415896999995	51.973411578	50.03767	1	0	0	0	0
2024-12-07 22:00:40	49.398975921	51.196103373	50.03767	1	0	0	0	0
2024-12-07 22:00:50	50.325468621	51.080838473	50.03767	1	0	0	0	0
2024-12-07 22:01:00	50.80086883	51.0417543225	50.03767	1	0	0	0	0
2024-12-07 22:01:10	49.76608983	51.257710072500004	50.03767	1	0	0	0	0
2024-12-07 22:01:20	48.6170967055	51.53348681	50.03767	1	0	0	0	0
2024-12-07 22:01:30	47.085734555500004	52.00953381	50.03767	1	0	0	0	0
2024-12-07 22:01:40	45.2907195185	52.53518215	50.03767	1	0	0	0	0
2024-12-07 22:01:50	42.613040468499996	53.22688715	50.03767	1	0	0	0	0
2024-12-07 22:02:00	40.8064707095	53.617248450000005	50.03767	1	0	0	0	0
2024-12-07 22:02:10	41.916223359499995	52.998763450000006	50.03767	1	0	0	0	0
2024-12-07 22:02:20	42.9769919665	52.497050830000006	50.03767	1	0	0	0	0
2024-12-07 22:02:30	43.8737705165	52.386271830000005	50.03767	1	0	0	0	0
2024-12-07 22:02:40	43.2339948055	52.78186727	50.03767	1	0	0	0	0
2024-12-07 22:02:50	37.450102655500004	54.87271627	50.03767	1	0	0	0	0
2024-12-07 22:03:00	32.6388692355	56.50437855	50.03767	1	0	0	0	0
2024-12-07 22:03:10	31.083928085500002	56.59876355	50.03767	1	0	0	0	0
2024-12-07 22:03:20	29.9642509415	56.5800187375	50.03767	1	0	0	0	0
2024-12-07 22:03:30	30.3017619915	56.1825349875	50.03767	1	0	0	0	0
2024-12-07 22:03:40	30.5802668175	55.9185185125	50.03767	1	0	0	0	0
2024-12-07 22:03:50	30.6612290675	56.1013272625	50.03767	1	0	0	0	0
2024-12-07 22:04:00	30.470230128999997	56.281106475499996	50.03767	1	0	0	0	0
2024-12-07 22:04:10	29.368752428999997	56.4507433255	50.03767	1	0	0	0	0
2024-12-07 22:04:20	28.420741952999997	56.575849358	50.03767	1	0	0	0	0
2024-12-07 22:04:30	27.986513053	56.551873958	50.03767	1	0	0	0	0
2024-12-07 22:04:40	27.5366391505	56.5304444165	50.03767	1	0	0	0	0
2024-12-07 22:04:50	27.0343885005	56.5175379665	50.03767	1	0	0	0	0
2024-12-07 22:05:00	27.4775040675	56.173088	50.03767	1	0	0	0	0
2024-12-07 22:05:10	31.0855413175	54.718688	50.03767	1	0	0	0	0
2024-12-07 22:05:20	34.5013544	53.361587568	50.03767	1	0	0	0	0
2024-12-07 22:05:30	37.2736344	52.330229168	50.03767	1	0	0	0	0
2024-12-07 22:05:40	38.592321967000004	51.845516391000004	50.03767	1	0	0	0	0
2024-12-07 22:05:50	35.044634867	53.190878091	50.03767	1	0	0	0	0
2024-12-07 22:06:00	32.628434503499996	54.169792291	50.03767	1	0	0	0	0
2024-12-07 22:06:10	34.000254953500004	53.921903991	50.03767	1	0	0	0	0
2024-12-07 22:06:20	35.7847037295	53.399706949999995	50.03767	1	0	0	0	0
2024-12-07 22:06:30	38.9505603795	51.95917195	50.03767	1	0	0	0	0
2024-12-07 22:06:40	41.38827	50.84996	50.03767	1	0	0	0	0
2024-12-07 22:06:50	41.38827	50.84996	50.03767	1	0	0	0	0
2024-12-07 22:07:00	47.157271615	49.238374867000005	50.03767	1	0	0	0	0
2024-12-07 22:07:10	47.898862115	48.935917767	50.03767	1	0	0	0	0
2024-12-07 22:07:20	48.139034996999996	48.8876411075	50.03767	1	0	0	0	0
2024-12-07 22:07:30	46.700548897	49.6903163575	50.03767	1	0	0	0	0
2024-12-07 22:07:40	45.795300271	50.165705046	50.03767	1	0	0	0	0
2024-12-07 22:07:50	46.675237971	49.545395246	50.03767	1	0	0	0	0
2024-12-07 22:08:00	47.6464425	48.99841469	50.03767	1	0	0	0	0
2024-12-07 22:08:10	48.9231925	48.69692769	50.03767	1	0	0	0	0
2024-12-07 22:08:20	49.863816682	48.459282848	50.03767	1	0	0	0	0
2024-12-07 22:08:30	49.679150082	48.435370448	50.03767	1	0	0	0	0
2024-12-07 22:08:40	49.712137818	48.3789379915	50.03767	1	0	0	0	0
2024-12-07 22:08:50	50.473794418000004	48.2136340415	50.03767	1	0	0	0	0
2024-12-07 22:09:00	50.8838117	48.158758600000006	50.03767	1	0	0	0	0
2024-12-07 22:09:10	50.1166017	48.4735786	50.03767	1	0	0	0	0
2024-12-07 22:09:20	49.500068426	48.8095694215	50.03767	1	0	0	0	0
2024-12-07 22:09:30	49.387974625999995	49.2164364715	50.03767	1	0	0	0	0
2024-12-07 22:09:40	49.312009824	49.4392074045	50.03767	1	0	0	0	0
2024-12-07 22:09:50	49.356998624	49.0456565545	50.03767	1	0	0	0	0
2024-12-07 22:10:00	49.4691017	48.746984074000004	50.03767	1	0	0	0	0
2024-12-07 22:10:10	49.8058917	48.765947874	50.03767	1	0	0	0	0
2024-12-07 22:10:20	50.180821449999996	48.71995535	50.03767	1	0	0	0	0
2024-12-07 22:10:30	50.68343645	48.45650035	50.03767	1	0	0	0	0
2024-12-07 22:10:40	51.140989850000004	48.2360730025	50.03767	1	0	0	0	0
2024-12-07 22:10:50	51.44768485	48.1596947525	50.03767	1	0	0	0	0
2024-12-07 22:11:00	51.824555149999995	48.0818785655	50.03767	1	0	0	0	0
2024-12-07 22:11:10	52.43636015	47.9992484155	50.03767	1	0	0	0	0
2024-12-07 22:11:20	52.964659337499995	47.947933582000005	50.03767	1	0	0	0	0
2024-12-07 22:11:30	53.213395587499996	48.001456982	50.03767	1	0	0	0	0
2024-12-07 22:11:40	53.4773595625	47.9920444125	50.03767	1	0	0	0	0
2024-12-07 22:11:50	53.792303312499996	47.7719331625	50.03767	1	0	0	0	0
2024-12-07 22:12:00	53.683187426	47.7310695375	50.03767	1	0	0	0	0
2024-12-07 22:12:10	52.154393626	48.2902957875	50.03767	1	0	0	0	0
2024-12-07 22:12:20	51.258240724000004	48.6337618205	50.03767	1	0	0	0	0
2024-12-07 22:12:30	52.480059524	48.2549001705	50.03767	1	0	0	0	0
2024-12-07 22:12:40	53.51761525	47.9357835735	50.03767	1	0	0	0	0
2024-12-07 22:12:50	53.93829025	47.8166830235	50.03767	1	0	0	0	0
2024-12-07 22:13:00	54.061354036000004	47.8178682415	50.03767	1	0	0	0	0
2024-12-07 22:13:10	53.188067236	48.2217492915	50.03767	1	0	0	0	0
2024-12-07 22:13:20	51.9291168385	48.874419064499996	50.03767	1	0	0	0	0
2024-12-07 22:13:30	49.3790317885	50.3599902145	50.03767	1	0	0	0	0
2024-12-07 22:13:40	46.476548662	51.67164545	50.03767	1	0	0	0	0
2024-12-07 22:13:50	42.394298062000004	52.40106045	50.03767	1	0	0	0	0
2024-12-07 22:14:00	39.1534302305	52.965934968	50.03767	1	0	0	0	0
2024-12-07 22:14:10	38.7293655805	52.979956568	50.03767	1	0	0	0	0
2024-12-07 22:14:20	38.521247183	52.928894332	50.03767	1	0	0	0	0
2024-12-07 22:14:30	39.036079283	52.659942732	50.03767	1	0	0	0	0
2024-12-07 22:14:40	39.575904195	52.361506649999995	50.03767	1	0	0	0	0
2024-12-07 22:14:50	40.199400695	51.96436165	50.03767	1	0	0	0	0
2024-12-07 22:15:00	41.560679442	51.4015184515	50.03767	1	0	0	0	0
2024-12-07 22:15:10	45.391924842	50.2839465015	50.03767	1	0	0	0	0
2024-12-07 22:15:20	48.287532691500004	49.428741359	50.03767	1	0	0	0	0
2024-12-07 22:15:30	48.0507887415	49.451894659	50.03767	1	0	0	0	0
2024-12-07 22:15:40	47.6325198215	49.5543618375	50.03767	1	0	0	0	0
2024-12-07 22:15:50	46.6065368715	49.9223580875	50.03767	1	0	0	0	0
2024-12-07 22:16:00	45.85788515	50.2188272125	50.03767	1	0	0	0	0
2024-12-07 22:16:10	46.037690149999996	50.275835962500004	50.03767	1	0	0	0	0
2024-12-07 22:16:20	45.94069705	50.379716389500004	50.03767	1	0	0	0	0
2024-12-07 22:16:30	44.91703205	50.6405150395	50.03767	1	0	0	0	0
2024-12-07 22:16:40	44.0286988085	50.911861017999996	50.03767	1	0	0	0	0
2024-12-07 22:16:50	43.5934327585	51.218517618	50.03767	1	0	0	0	0
2024-12-07 22:17:00	42.757607241500004	51.590787882	50.03767	1	0	0	0	0
2024-12-07 22:17:10	40.5807782915	52.182721281999996	50.03767	1	0	0	0	0
2024-12-07 22:17:20	38.965965600000004	52.6186625295	50.03767	1	0	0	0	0
2024-12-07 22:17:30	38.965965600000004	52.6186625295	50.03767	1	0	0	0	0
2024-12-07 22:17:40	39.20291375	52.513358431	50.03767	1	0	0	0	0
2024-12-07 22:17:50	38.18053875	52.719598131	50.03767	1	0	0	0	0
2024-12-07 22:18:00	38.18053875	52.719598131	50.03767	1	0	0	0	0
2024-12-07 22:18:10	37.448382787	52.862237403	50.03767	1	0	0	0	0
2024-12-07 22:18:20	37.687829687	52.791953503	50.03767	1	0	0	0	0
2024-12-07 22:18:30	37.753889063	52.750198504000004	50.03767	1	0	0	0	0
2024-12-07 22:18:40	37.038107200000006	52.787039511500005	50.03767	1	0	0	0	0
2024-12-07 22:18:50	37.038107200000006	52.787039511500005	50.03767	1	0	0	0	0
2024-12-07 22:19:00	37.8847472	52.5335395615	50.03767	1	0	0	0	0
2024-12-07 22:19:10	38.618142663499995	52.258847791	50.03767	1	0	0	0	0
2024-12-07 22:19:20	38.9724151135	51.913209490999996	50.03767	1	0	0	0	0
2024-12-07 22:19:30	39.256476164999995	51.72030368	50.03767	1	0	0	0	0
2024-12-07 22:19:40	39.305481664999995	52.03871968	50.03767	1	0	0	0	0
2024-12-07 22:19:50	39.0143412805	52.310260599	50.03767	1	0	0	0	0
2024-12-07 22:20:00	37.5844516305	52.424871899	50.03767	1	0	0	0	0
2024-12-07 22:20:10	36.4056835935	52.467622551000005	50.03767	1	0	0	0	0
2024-12-07 22:20:20	36.0676270435	52.269796251	50.03767	1	0	0	0	0
2024-12-07 22:20:30	36.8882701975	51.7997503	50.03767	1	0	0	0	0
2024-12-07 22:20:40	41.5880384475	50.418360299999996	50.03767	1	0	0	0	0
2024-12-07 22:20:50	45.5094254485	49.2511626875	50.03767	1	0	0	0	0
2024-12-07 22:21:00	46.8249273985	48.8010439375	50.03767	1	0	0	0	0
2024-12-07 22:21:10	48.11110252	48.3885726455	50.03767	1	0	0	0	0
2024-12-07 22:21:20	49.29909652	48.1021384955	50.03767	1	0	0	0	0
2024-12-07 22:21:30	50.184700941	47.933335602999996	50.03767	1	0	0	0	0
2024-12-07 22:21:40	50.057957641	48.158341703	50.03767	1	0	0	0	0
2024-12-07 22:21:50	49.9034051905	48.3493466845	50.03767	1	0	0	0	0
2024-12-07 22:22:00	49.6557525405	48.4265218345	50.03767	1	0	0	0	0
2024-12-07 22:22:10	49.432193	48.4962795995	50.03767	1	0	0	0	0
2024-12-07 22:22:20	49.289293	48.5412052495	50.03767	1	0	0	0	0
2024-12-07 22:22:30	49.4680563605	48.4875146735	50.03767	1	0	0	0	0
2024-12-07 22:22:40	50.723692710499996	48.1036741235	50.03767	1	0	0	0	0
2024-12-07 22:22:50	51.6871517115	47.8705760565	50.03767	1	0	0	0	0
2024-12-07 22:23:00	51.6724517615	48.1421376065	50.03767	1	0	0	0	0
2024-12-07 22:23:10	51.652740928	48.315636	50.03767	1	0	0	0	0
2024-12-07 22:23:20	51.616254528	48.160835999999996	50.03767	1	0	0	0	0
2024-12-07 22:23:30	51.645112600000004	48.07908147	50.03767	1	0	0	0	0
2024-12-07 22:23:40	51.8927326	48.24187047	50.03767	1	0	0	0	0
2024-12-07 22:23:50	51.2879473	48.59237558	50.03767	1	0	0	0	0
2024-12-07 22:24:00	47.8294573	49.57132158	50.03767	1	0	0	0	0
2024-12-07 22:24:10	45.1764576715	50.28252895	50.03767	1	0	0	0	0
2024-12-07 22:24:20	45.2200997215	50.09739395	50.03767	1	0	0	0	0
2024-12-07 22:24:30	45.2506622235	49.985421282999994	50.03767	1	0	0	0	0
2024-12-07 22:24:40	45.2374366735	50.118383382999994	50.03767	1	0	0	0	0
2024-12-07 22:24:50	45.09759855	50.2080294565	50.03767	1	0	0	0	0
2024-12-07 22:25:00	44.53388355	50.1526610065	50.03767	1	0	0	0	0
2024-12-07 22:25:10	45.219437125	49.7767662125	50.03767	1	0	0	0	0
2024-12-07 22:25:20	50.087324625	48.3278049625	50.03767	1	0	0	0	0
2024-12-07 22:25:30	53.9306968245	47.212049048	50.03767	1	0	0	0	0
2024-12-07 22:25:40	54.3441699745	47.211806648	50.03767	1	0	0	0	0
2024-12-07 22:25:50	53.7838115555	47.529093979500004	50.03767	1	0	0	0	0
2024-12-07 22:26:00	49.963234405499996	48.9094156295	50.03767	1	0	0	0	0
2024-12-07 22:26:10	46.740976921	49.9844563705	50.03767	1	0	0	0	0
2024-12-07 22:26:20	45.521789620999996	50.0374697205	50.03767	1	0	0	0	0
2024-12-07 22:26:30	44.9289971895	50.001369513	50.03767	1	0	0	0	0
2024-12-07 22:26:40	46.4332658395	49.666932613	50.03767	1	0	0	0	0
2024-12-07 22:26:50	48.0232198395	49.222932637	50.03767	1	0	0	0	0
2024-12-07 22:27:00	49.900033489500004	48.412134537	50.03767	1	0	0	0	0
2024-12-07 22:27:10	51.9309849975	47.6769492705	50.03767	1	0	0	0	0
2024-12-07 22:27:20	54.4779632475	47.1949026205	50.03767	1	0	0	0	0
2024-12-07 22:27:30	56.528410252499995	46.7929933295	50.03767	1	0	0	0	0
2024-12-07 22:27:40	56.9165570025	46.6593699795	50.03767	1	0	0	0	0
2024-12-07 22:27:50	57.2736070395	46.5902624	50.03767	1	0	0	0	0
2024-12-07 22:28:00	57.5265506895	46.7371424	50.03767	1	0	0	0	0
2024-12-07 22:28:10	57.511528193500006	46.8750416475	50.03767	1	0	0	0	0
2024-12-07 22:28:20	56.5994016435	46.9828748975	50.03767	1	0	0	0	0
2024-12-07 22:28:30	55.9541320875	47.093701470999996	50.03767	1	0	0	0	0
2024-12-07 22:28:40	56.2022533375	47.214549171	50.03767	1	0	0	0	0
2024-12-07 22:28:50	55.8582402315	47.5880828635	50.03767	1	0	0	0	0
2024-12-07 22:29:00	53.5318642815	48.8075653135	50.03767	1	0	0	0	0
2024-12-07 22:29:10	52.263889348	49.4851293765	50.03767	1	0	0	0	0
2024-12-07 22:29:20	54.539256947999995	48.3484449265	50.03767	1	0	0	0	0
2024-12-07 22:29:30	56.468815224	47.453121683	50.03767	1	0	0	0	0
2024-12-07 22:29:40	57.240664024	47.365833783	50.03767	1	0	0	0	0
2024-12-07 22:29:50	57.553607025999995	47.407300308500005	50.03767	1	0	0	0	0
2024-12-07 22:30:00	56.330213226	47.879814258500005	50.03767	1	0	0	0	0
2024-12-07 22:30:10	55.22761952	48.322073100000004	50.03767	1	0	0	0	0
2024-12-07 22:30:20	54.52944352	48.6630431	50.03767	1	0	0	0	0
2024-12-07 22:30:30	53.6193899445	49.0057457705	50.03767	1	0	0	0	0
2024-12-07 22:30:40	52.0000070945	49.3542491205	50.03767	1	0	0	0	0
2024-12-07 22:30:50	50.8430787355	49.564747951	50.03767	1	0	0	0	0
2024-12-07 22:31:00	51.2343675855	49.313231651	50.03767	1	0	0	0	0
2024-12-07 22:31:10	51.857721306500004	49.030124379499995	50.03767	1	0	0	0	0
2024-12-07 22:31:20	53.2579878565	48.6412560295	50.03767	1	0	0	0	0
2024-12-07 22:31:30	54.244979343500006	48.435753604	50.03767	1	0	0	0	0
2024-12-07 22:31:40	53.848397793500006	48.844128404	50.03767	1	0	0	0	0
2024-12-07 22:31:50	52.84917865	49.379600445	50.03767	1	0	0	0	0
2024-12-07 22:32:00	49.83243365	50.340571945	50.03767	1	0	0	0	0
2024-12-07 22:32:10	47.271483100000005	51.1644378	50.03767	1	0	0	0	0
2024-12-07 22:32:20	46.236453100000006	51.5292978	50.03767	1	0	0	0	0
2024-12-07 22:32:30	45.2121265985	51.8184717	50.03767	1	0	0	0	0
2024-12-07 22:32:40	44.2236335485	51.8542617	50.03767	1	0	0	0	0
2024-12-07 22:32:50	44.130924385	51.591897191499996	50.03767	1	0	0	0	0
2024-12-07 22:33:00	47.037143885	50.3313632415	50.03767	1	0	0	0	0
2024-12-07 22:33:10	48.9982123905	49.5802535085	50.03767	1	0	0	0	0
2024-12-07 22:33:20	47.7950797405	50.5346074585	50.03767	1	0	0	0	0
2024-12-07 22:33:30	46.5709496315	51.378656421500004	50.03767	1	0	0	0	0
2024-12-07 22:33:40	45.2765236815	51.8534234715	50.03767	1	0	0	0	0
2024-12-07 22:33:50	44.250074262	52.1713560285	50.03767	1	0	0	0	0
2024-12-07 22:34:00	44.120763662	51.9642339785	50.03767	1	0	0	0	0
2024-12-07 22:34:10	44.0552438725	51.784532356	50.03767	1	0	0	0	0
2024-12-07 22:34:20	44.2032846225	51.696629556	50.03767	1	0	0	0	0
2024-12-07 22:34:30	44.340021643	51.585983344	50.03767	1	0	0	0	0
2024-12-07 22:34:40	44.438915742999995	51.399196144	50.03767	1	0	0	0	0
2024-12-07 22:34:50	45.219846966999995	51.0410993665	50.03767	1	0	0	0	0
2024-12-07 22:35:00	48.284119867	50.1094879165	50.03767	1	0	0	0	0
2024-12-07 22:35:10	50.49786626225	49.484886716750005	50.03767	1	0	0	0	0
2024-12-07 22:35:20	49.86419783725	49.88810244175	50.03767	1	0	0	0	0
2024-12-07 22:35:30	49.23052941225	50.29131816675	50.03767	1	0	0	0	0
2024-12-07 22:35:40	48.596860987250004	50.69453389175	50.03767	1	0	0	0	0
2024-12-07 22:35:50	47.291516104500005	51.1770193985	50.03767	1	0	0	0	0
2024-12-07 22:36:00	43.7375152545	51.9248863485	50.03767	1	0	0	0	0
2024-12-07 22:36:10	41.0911095615	52.47523362250001	50.03767	1	0	0	0	0
2024-12-07 22:36:20	41.4831746115	52.364319372500006	50.03767	1	0	0	0	0
2024-12-07 22:36:30	41.4801934095	52.353690079	50.03767	1	0	0	0	0
2024-12-07 22:36:40	40.1546660595	52.678797379	50.03767	1	0	0	0	0
2024-12-07 22:36:50	39.13401	52.92913	50.03767	1	0	0	0	0
2024-12-07 22:37:00	39.13401	52.92913	50.03767	1	0	0	0	0
2024-12-07 22:37:10	41.1762542585	51.955370202	50.03767	1	0	0	0	0
2024-12-07 22:37:20	43.149403208500004	51.265947602	50.03767	1	0	0	0	0
2024-12-07 22:37:30	45.2251840235	50.52141323	50.03767	1	0	0	0	0
2024-12-07 22:37:40	47.6445584735	49.59237423	50.03767	1	0	0	0	0
2024-12-07 22:37:50	49.419807194	48.964073317	50.03767	1	0	0	0	0
2024-12-07 22:38:00	49.038634994	49.342591217	50.03767	1	0	0	0	0
2024-12-07 22:38:10	48.584277024	49.7152837	50.03767	1	0	0	0	0
2024-12-07 22:38:20	47.884905824	50.0684737	50.03767	1	0	0	0	0
2024-12-07 22:38:30	47.6654432055	50.2146458175	50.03767	1	0	0	0	0
2024-12-07 22:38:40	49.0526310555	49.667758067499996	50.03767	1	0	0	0	0
2024-12-07 22:38:50	50.1730150185	49.2500289105	50.03767	1	0	0	0	0
2024-12-07 22:39:00	50.400185968500004	49.2647002605	50.03767	1	0	0	0	0
2024-12-07 22:39:10	50.275652476000005	49.365733172	50.03767	1	0	0	0	0
2024-12-07 22:39:20	48.973673676000004	49.755889572	50.03767	1	0	0	0	0
2024-12-07 22:39:30	47.5873311175	50.214803	50.03767	1	0	0	0	0
2024-12-07 22:39:40	45.9185533675	50.903903	50.03767	1	0	0	0	0
2024-12-07 22:39:50	44.2592678325	51.5212964405	50.03767	1	0	0	0	0
2024-12-07 22:40:00	42.6317605825	51.898628790500005	50.03767	1	0	0	0	0
2024-12-07 22:40:10	41.3833952915	52.1505307095	50.03767	1	0	0	0	0
2024-12-07 22:40:20	41.4043313415	51.982513359500004	50.03767	1	0	0	0	0
2024-12-07 22:40:30	41.604068069	51.781510433	50.03767	1	0	0	0	0
2024-12-07 22:40:40	42.402398369	51.470077533	50.03767	1	0	0	0	0
2024-12-07 22:40:50	43.304081883	51.091071668	50.03767	1	0	0	0	0
2024-12-07 22:41:00	44.551773983000004	50.485843267999996	50.03767	1	0	0	0	0
2024-12-07 22:41:10	46.228993256500004	49.8417635785	50.03767	1	0	0	0	0
2024-12-07 22:41:20	49.3441948065	49.067616528500004	50.03767	1	0	0	0	0
2024-12-07 22:41:30	51.7708398365	48.5171782195	50.03767	1	0	0	0	0
2024-12-07 22:41:40	51.892317386500004	48.7156778695	50.03767	1	0	0	0	0
2024-12-07 22:41:50	51.5845592995	49.0091342155	50.03767	1	0	0	0	0
2024-12-07 22:42:00	49.8397949495	49.6204890655	50.03767	1	0	0	0	0
2024-12-07 22:42:10	47.753312446500004	50.2751856215	50.03767	1	0	0	0	0
2024-12-07 22:42:20	44.5228169965	51.0749826715	50.03767	1	0	0	0	0
2024-12-07 22:42:30	42.1381828175	51.649024314	50.03767	1	0	0	0	0
2024-12-07 22:42:40	42.5853450675	51.467276114	50.03767	1	0	0	0	0
2024-12-07 22:42:50	42.766718271	51.347721374500004	50.03767	1	0	0	0	0
2024-12-07 22:43:00	42.058275971	51.4363795245	50.03767	1	0	0	0	0
2024-12-07 22:43:10	41.530775729000005	51.5292567255	50.03767	1	0	0	0	0
2024-12-07 22:43:20	41.609038029000004	51.636258575499994	50.03767	1	0	0	0	0
2024-12-07 22:43:30	41.7435570985	51.647330036	50.03767	1	0	0	0	0
2024-12-07 22:43:40	42.0664140485	51.337243236	50.03767	1	0	0	0	0
2024-12-07 22:43:50	42.5281940805	51.0620888015	50.03767	1	0	0	0	0
2024-12-07 22:44:00	43.4550644305	50.9038818515	50.03767	1	0	0	0	0
2024-12-07 22:44:10	44.133586565	50.8205869595	50.03767	1	0	0	0	0
2024-12-07 22:44:20	43.980682065	50.9880846095	50.03767	1	0	0	0	0
2024-12-07 22:44:30	43.670880006000004	51.123637203	50.03767	1	0	0	0	0
2024-12-07 22:44:40	42.835812206	51.152243303	50.03767	1	0	0	0	0
2024-12-07 22:44:50	42.176958814	51.204040901	50.03767	1	0	0	0	0
2024-12-07 22:45:00	42.108040614	51.333479601	50.03767	1	0	0	0	0
2024-12-07 22:45:10	42.488924179499996	51.247890749	50.03767	1	0	0	0	0
2024-12-07 22:45:20	44.3756658295	50.442427049	50.03767	1	0	0	0	0
2024-12-07 22:45:30	46.63615572	49.539435000000005	50.03767	1	0	0	0	0
2024-12-07 22:45:40	50.14788972	48.309934999999996	50.03767	1	0	0	0	0
2024-12-07 22:45:50	53.0575771575	47.3504787015	50.03767	1	0	0	0	0
2024-12-07 22:46:00	53.9517174075	47.2950817515	50.03767	1	0	0	0	0
2024-12-07 22:46:10	54.338025512	47.3192541985	50.03767	1	0	0	0	0
2024-12-07 22:46:20	53.024199912	47.6098111485	50.03767	1	0	0	0	0
2024-12-07 22:46:30	51.863552196	47.947481218	50.03767	1	0	0	0	0
2024-12-07 22:46:40	51.215717396	48.442877818	50.03767	1	0	0	0	0
2024-12-07 22:46:50	50.4385620025	48.939873332	50.03767	1	0	0	0	0
2024-12-07 22:47:00	49.2284637525	49.442221732	50.03767	1	0	0	0	0
2024-12-07 22:47:10	48.176243954	49.853878625	50.03767	1	0	0	0	0
2024-12-07 22:47:20	47.652573754	49.961916125	50.03767	1	0	0	0	0
2024-12-07 22:47:30	47.4227158695	49.9989701395	50.03767	1	0	0	0	0
2024-12-07 22:47:40	48.1764905195	49.7983837895	50.03767	1	0	0	0	0
2024-12-07 22:47:50	48.824742745	49.5606197795	50.03767	1	0	0	0	0
2024-12-07 22:48:00	49.119724245	49.1983914295	50.03767	1	0	0	0	0
2024-12-07 22:48:10	49.8204154065	48.811078256	50.03767	1	0	0	0	0
2024-12-07 22:48:20	51.879351956499995	48.339785456	50.03767	1	0	0	0	0
2024-12-07 22:48:30	53.4948730935	47.9830678	50.03767	1	0	0	0	0
2024-12-07 22:48:40	53.6259165435	48.0099278	50.03767	1	0	0	0	0
2024-12-07 22:48:50	53.71644940298507	48.08028360348259	50.03767	1	0	0	0	0
2024-12-07 22:49:00	53.67135985074626	48.296255792537316	50.03767	1	0	0	0	0
2024-12-07 22:49:10	53.60135956716418	48.43506452487562	50.03767	1	0	0	0	0
2024-12-07 22:49:20	53.44303941791045	48.30029372885572	50.03767	1	0	0	0	0
2024-12-07 22:49:30	53.463543880597015	48.157290870149254	50.03767	1	0	0	0	0
2024-12-07 22:49:40	54.15676950248756	47.983319775621894	50.03767	1	0	0	0	0
2024-12-07 22:49:50	54.87668955223881	47.798697516915425	50.03767	1	0	0	0	0
2024-12-07 22:50:00	55.703387313432835	47.571470601492535	50.03767	1	0	0	0	0
2024-12-07 22:50:10	56.32210360696517	47.42735539552238	50.03767	1	0	0	0	0
2024-12-07 22:50:20	56.05416206467662	47.63755852985074	50.03767	1	0	0	0	0
2024-12-07 22:50:30	55.326071031999994	47.984190237	50.03767	1	0	0	0	0
2024-12-07 22:50:40	52.501743432	48.952329887000005	50.03767	1	0	0	0	0
2024-12-07 22:50:50	49.730435533999994	49.887261004	50.03767	1	0	0	0	0
2024-12-07 22:51:00	47.200661833999995	50.670908804	50.03767	1	0	0	0	0
2024-12-07 22:51:10	45.022318109	51.3318924	50.03767	1	0	0	0	0
2024-12-07 22:51:20	44.444933159	51.4340724	50.03767	1	0	0	0	0
2024-12-07 22:51:30	44.076560357	51.477725606999996	50.03767	1	0	0	0	0
2024-12-07 22:51:40	44.660354007	51.254756756999996	50.03767	1	0	0	0	0
2024-12-07 22:51:50	45.169097647	51.065382	50.03767	1	0	0	0	0
2024-12-07 22:52:00	45.335946797	51.029047	50.03767	1	0	0	0	0
2024-12-07 22:52:10	45.352710921	51.006356333	50.03767	1	0	0	0	0
2024-12-07 22:52:20	44.685754371	51.045823183	50.03767	1	0	0	0	0
2024-12-07 22:52:30	44.166472133999996	51.076243485	50.03767	1	0	0	0	0
2024-12-07 22:52:40	44.319928434	51.065451734999996	50.03767	1	0	0	0	0
2024-12-07 22:52:50	44.540029077	51.030228441	50.03767	1	0	0	0	0
2024-12-07 22:53:00	45.063731727000004	50.883705891	50.03767	1	0	0	0	0
2024-12-07 22:53:10	45.691450176000004	50.696366334000004	50.03767	1	0	0	0	0
2024-12-07 22:53:20	46.793018376	50.323082634	50.03767	1	0	0	0	0
2024-12-07 22:53:30	47.717911113	50.015368893	50.03767	1	0	0	0	0
2024-12-07 22:53:40	47.837948963	50.006362743	50.03767	1	0	0	0	0
2024-12-07 22:53:50	48.009325	49.975865006999996	50.03767	1	0	0	0	0
2024-12-07 22:54:00	48.414575	49.847461157	50.03767	1	0	0	0	0
2024-12-07 22:54:10	48.6497538	49.799782159	50.03767	1	0	0	0	0
2024-12-07 22:54:20	48.1101638	50.119849709	50.03767	1	0	0	0	0
2024-12-07 22:54:30	47.786779900000006	50.31944442	50.03767	1	0	0	0	0
2024-12-07 22:54:40	48.448334900000006	49.97021842	50.03767	1	0	0	0	0
2024-12-07 22:54:50	48.949330467	49.692368198	50.03767	1	0	0	0	0
2024-12-07 22:55:00	48.718888617000005	49.739674298	50.03767	1	0	0	0	0
2024-12-07 22:55:10	48.654693912	49.739017517	50.03767	1	0	0	0	0
2024-12-07 22:55:20	49.347847312	49.519863167	50.03767	1	0	0	0	0
2024-12-07 22:55:30	50.135453597	49.283443793	50.03767	1	0	0	0	0
2024-12-07 22:55:40	51.353345247	48.968372642999995	50.03767	1	0	0	0	0
2024-12-07 22:55:50	52.361864272	48.701821933	50.03767	1	0	0	0	0
2024-12-07 22:56:00	52.416574671999996	48.656308783	50.03767	1	0	0	0	0
2024-12-07 22:56:10	52.541028682	48.610902751000005	50.03767	1	0	0	0	0
2024-12-07 22:56:20	52.983203582	48.565984701000005	50.03767	1	0	0	0	0
2024-12-07 22:56:30	53.315508345	48.540507641000005	50.03767	1	0	0	0	0
2024-12-07 22:56:40	53.147293595	48.603595091	50.03767	1	0	0	0	0
2024-12-07 22:56:50	52.958688625	48.657869588	50.03767	1	0	0	0	0
2024-12-07 22:57:00	52.677194875	48.671996188	50.03767	1	0	0	0	0
2024-12-07 22:57:10	52.3575643	48.723467784	50.03767	1	0	0	0	0
2024-12-07 22:57:20	51.8641993	48.945066583999996	50.03767	1	0	0	0	0
2024-12-07 22:57:30	51.489860686	49.127527515999994	50.03767	1	0	0	0	0
2024-12-07 22:57:40	51.657753386	49.131693715999994	50.03767	1	0	0	0	0
2024-12-07 22:57:50	51.608323428	49.1794782	50.03767	1	0	0	0	0
2024-12-07 22:58:00	50.568868028	49.4259682	50.03767	1	0	0	0	0
2024-12-07 22:58:10	49.746390199	49.6621676	50.03767	1	0	0	0	0
2024-12-07 22:58:20	49.912365749	49.8514876	50.03767	1	0	0	0	0
2024-12-07 22:58:30	49.815993387	50.045668905	50.03767	1	0	0	0	0
2024-12-07 22:58:40	48.524480537	50.261996155	50.03767	1	0	0	0	0
2024-12-07 22:58:50	47.3925265	50.530721495	50.03767	1	0	0	0	0
2024-12-07 22:59:00	46.9874515	51.038149245	50.03767	1	0	0	0	0
2024-12-07 22:59:10	46.175312314	51.53671186	50.03767	1	0	0	0	0
2024-12-07 22:59:20	43.508769614	51.994888859999996	50.03767	1	0	0	0	0
2024-12-07 22:59:30	41.392920786	52.338242015	50.03767	1	0	0	0	0
2024-12-07 22:59:40	41.785788486	52.158508765	50.03767	1	0	0	0	0
2024-12-07 22:59:50	42.151712679	51.985309425000004	50.03767	1	0	0	0	0
2024-12-07 23:00:00	42.394894228999995	51.841875675000004	50.03767	1	0	0	0	0
2024-12-07 23:00:10	42.548987587	51.699774078000004	50.03767	1	0	0	0	0
2024-12-07 23:00:20	42.297234737	51.563741178	50.03767	1	0	0	0	0
2024-12-07 23:00:30	42.744582455999996	51.275684418	50.03767	1	0	0	0	0
2024-12-07 23:00:40	46.376721656	50.295074518	50.03767	1	0	0	0	0
2024-12-07 23:00:50	49.454327278	49.440980425999996	50.03767	1	0	0	0	0
2024-12-07 23:01:00	50.005724378000004	49.163236126	50.03767	1	0	0	0	0
2024-12-07 23:01:10	50.4684369	48.958719678	50.03767	1	0	0	0	0
2024-12-07 23:01:20	50.5271419	49.087796778000005	50.03767	1	0	0	0	0
2024-12-07 23:01:30	50.787442067	49.167429516	50.03767	1	0	0	0	0
2024-12-07 23:01:40	51.966120217	49.021815716000006	50.03767	1	0	0	0	0
2024-12-07 23:01:50	52.753251872999996	48.940945684	50.03767	1	0	0	0	0
2024-12-07 23:02:00	51.756671723	49.155019484	50.03767	1	0	0	0	0
2024-12-07 23:02:10	50.940869893	49.347483294	50.03767	1	0	0	0	0
2024-12-07 23:02:20	50.948613743	49.441501594	50.03767	1	0	0	0	0
2024-12-07 23:02:30	50.818998279	49.534906706	50.03767	1	0	0	0	0
2024-12-07 23:02:40	50.063634829	49.625518406000005	50.03767	1	0	0	0	0
2024-12-07 23:02:50	49.309238887999996	49.7288432	50.03767	1	0	0	0	0
2024-12-07 23:03:00	48.559250487999996	49.8900832	50.03767	1	0	0	0	0
2024-12-07 23:03:10	47.9419083	50.045311614	50.03767	1	0	0	0	0
2024-12-07 23:03:20	47.9288433	50.173153914000004	50.03767	1	0	0	0	0
2024-12-07 23:03:30	47.813223516	50.365192386000004	50.03767	1	0	0	0	0
2024-12-07 23:03:40	47.230409716	50.849680086	50.03767	1	0	0	0	0
2024-12-07 23:03:50	46.145417083999995	51.382182786	50.03767	1	0	0	0	0
2024-12-07 23:04:00	42.772720883999995	52.133420486000006	50.03767	1	0	0	0	0
2024-12-07 23:04:10	40.135525807	52.703101114000006	50.03767	1	0	0	0	0
2024-12-07 23:04:20	40.848946957	52.445688414	50.03767	1	0	0	0	0
2024-12-07 23:04:30	41.469472132	52.19325554	50.03767	1	0	0	0	0
2024-12-07 23:04:40	41.666804532	51.96350854	50.03767	1	0	0	0	0
2024-12-07 23:04:50	42.357763361	51.583667901	50.03767	1	0	0	0	0
2024-12-07 23:05:00	45.297464811	50.520067351	50.03767	1	0	0	0	0
2024-12-07 23:05:10	47.768028634	49.670240147	50.03767	1	0	0	0	0
2024-12-07 23:05:20	48.101409934	49.794269297	50.03767	1	0	0	0	0
2024-12-07 23:05:30	47.739226261000006	50.109695732	50.03767	1	0	0	0	0
2024-12-07 23:05:40	44.208357711000005	51.297043132	50.03767	1	0	0	0	0
2024-12-07 23:05:50	41.580740105000004	52.140477951	50.03767	1	0	0	0	0
2024-12-07 23:06:00	43.067932355	51.417199901	50.03767	1	0	0	0	0
2024-12-07 23:06:10	44.748345587	50.698904629	50.03767	1	0	0	0	0
2024-12-07 23:06:20	47.308987737	50.003308679	50.03767	1	0	0	0	0
2024-12-07 23:06:30	49.100194174	49.5423978	50.03767	1	0	0	0	0
2024-12-07 23:06:40	47.386193474	50.1506078	50.03767	1	0	0	0	0
2024-12-07 23:06:50	45.9807129	50.64934	50.03767	1	0	0	0	0
2024-12-07 23:07:00	45.9807129	50.64934	50.03767	1	0	0	0	0
2024-12-07 23:07:10	46.818332115	50.682628292	50.03767	1	0	0	0	0
2024-12-07 23:07:20	43.412418865	51.579482692	50.03767	1	0	0	0	0
2024-12-07 23:07:30	40.658660195	52.253644214999994	50.03767	1	0	0	0	0
2024-12-07 23:07:40	40.875827945	51.913315964999995	50.03767	1	0	0	0	0
2024-12-07 23:07:50	41.018926064	51.675508704	50.03767	1	0	0	0	0
2024-12-07 23:08:00	40.824595864	51.904741504	50.03767	1	0	0	0	0
2024-12-07 23:08:10	40.674827841	52.083094559	50.03767	1	0	0	0	0
2024-12-07 23:08:20	40.728065291	52.029662109	50.03767	1	0	0	0	0
2024-12-07 23:08:30	40.920478741000004	51.933344425	50.03767	1	0	0	0	0
2024-12-07 23:08:40	41.746916191000004	51.641660675	50.03767	1	0	0	0	0
2024-12-07 23:08:50	42.283726459	51.40715478	50.03767	1	0	0	0	0
2024-12-07 23:09:00	41.501124009	51.43312578	50.03767	1	0	0	0	0
2024-12-07 23:09:10	41.551127695999995	51.223608513	50.03767	1	0	0	0	0
2024-12-07 23:09:20	45.394114896	49.941311363	50.03767	1	0	0	0	0
2024-12-07 23:09:30	48.776544898	48.847086421	50.03767	1	0	0	0	0
2024-12-07 23:09:40	50.060880997999995	48.609634871	50.03767	1	0	0	0	0
2024-12-07 23:09:50	51.105846906	48.43659822	50.03767	1	0	0	0	0
2024-12-07 23:10:00	51.060348606	48.55700722	50.03767	1	0	0	0	0
2024-12-07 23:10:10	50.61762087	48.813433166	50.03767	1	0	0	0	0
2024-12-07 23:10:20	48.36529237	49.689491866000004	50.03767	1	0	0	0	0
2024-12-07 23:10:30	46.912043396	50.2238064	50.03767	1	0	0	0	0
2024-12-07 23:10:40	49.099045595999996	49.2012864	50.03767	1	0	0	0	0
2024-12-07 23:10:50	50.992700473	48.337854225	50.03767	1	0	0	0	0
2024-12-07 23:11:00	51.549995323	48.199155475	50.03767	1	0	0	0	0
2024-12-07 23:11:10	52.059128167	48.105770897	50.03767	1	0	0	0	0
2024-12-07 23:11:20	52.348856317	48.218817547	50.03767	1	0	0	0	0
2024-12-07 23:11:30	52.095824193999995	48.445486578	50.03767	1	0	0	0	0
2024-12-07 23:11:40	49.370217493999995	49.189768678	50.03767	1	0	0	0	0
2024-12-07 23:11:50	47.219315099999996	49.7806148	50.03767	1	0	0	0	0
2024-12-07 23:12:00	47.6865101	49.672474799999996	50.03767	1	0	0	0	0
2024-12-07 23:12:10	48.488967124	49.42554274	50.03767	1	0	0	0	0
2024-12-07 23:12:20	50.818728924	48.546335739999996	50.03767	1	0	0	0	0
2024-12-07 23:12:30	52.835418425	47.831013160000005	50.03767	1	0	0	0	0
2024-12-07 23:12:40	53.425889675	47.86227516	50.03767	1	0	0	0	0
2024-12-07 23:12:50	54.09859154	47.8191527	50.03767	1	0	0	0	0
2024-12-07 23:13:00	55.14589954	47.437167699999996	50.03767	1	0	0	0	0
2024-12-07 23:13:10	55.996115208	47.162802899999996	50.03767	1	0	0	0	0
2024-12-07 23:13:20	55.948465808	47.3787079	50.03767	1	0	0	0	0
2024-12-07 23:13:30	55.796176603	47.608732757000006	50.03767	1	0	0	0	0
2024-12-07 23:13:40	55.167194953	47.903081407	50.03767	1	0	0	0	0
2024-12-07 23:13:50	54.2167633	48.277036443	50.03767	1	0	0	0	0
2024-12-07 23:14:00	51.8019483	49.013642793	50.03767	1	0	0	0	0
2024-12-07 23:14:10	50.2020653	49.4580063	50.03767	1	0	0	0	0
2024-12-07 23:14:20	52.314650300000004	48.5710413	50.03767	1	0	0	0	0
2024-12-07 23:14:30	54.111889961	47.879964369	50.03767	1	0	0	0	0
2024-12-07 23:14:40	54.472556411	48.081266419	50.03767	1	0	0	0	0
2024-12-07 23:14:50	54.720592739000004	48.2445629	50.03767	1	0	0	0	0
2024-12-07 23:15:00	54.455536289	48.2347229	50.03767	1	0	0	0	0
2024-12-07 23:15:10	54.061659932000005	48.275421374	50.03767	1	0	0	0	0
2024-12-07 23:15:20	53.080937332000005	48.546350674	50.03767	1	0	0	0	0
2024-12-07 23:15:30	52.302641643	48.805407057000004	50.03767	1	0	0	0	0
2024-12-07 23:15:40	52.446512993	49.010375707	50.03767	1	0	0	0	0
2024-12-07 23:15:50	52.080205825	49.323989458999996	50.03767	1	0	0	0	0
2024-12-07 23:16:00	49.389752075	50.132542009	50.03767	1	0	0	0	0
2024-12-07 23:16:10	47.0847519	50.834311341	50.03767	1	0	0	0	0
2024-12-07 23:16:20	46.5357069	51.049623791	50.03767	1	0	0	0	0
2024-12-07 23:16:30	45.861732252	51.292091878	50.03767	1	0	0	0	0
2024-12-07 23:16:40	44.618633652	51.658268978	50.03767	1	0	0	0	0
2024-12-07 23:16:50	43.978444026	51.739147527	50.03767	1	0	0	0	0
2024-12-07 23:17:00	46.084839726	50.520332677	50.03767	1	0	0	0	0
2024-12-07 23:17:10	48.488945697	49.375076195	50.03767	1	0	0	0	0
2024-12-07 23:17:20	52.249287347000006	48.564918945	50.03767	1	0	0	0	0
2024-12-07 23:17:30	55.244052214	47.931420976	50.03767	1	0	0	0	0
2024-12-07 23:17:40	54.751189514000004	48.102704175999996	50.03767	1	0	0	0	0
2024-12-07 23:17:50	54.035777109	48.368850984999995	50.03767	1	0	0	0	0
2024-12-07 23:18:00	52.306527159000005	49.067154235	50.03767	1	0	0	0	0
2024-12-07 23:18:10	50.44646830200001	49.785509242	50.03767	1	0	0	0	0
2024-12-07 23:18:20	47.990502202	50.595211142000004	50.03767	1	0	0	0	0
2024-12-07 23:18:30	46.333805924	51.107993097	50.03767	1	0	0	0	0
2024-12-07 23:18:40	48.318227724	50.268139747	50.03767	1	0	0	0	0
2024-12-07 23:18:50	50.353604617	49.4584352	50.03767	1	0	0	0	0
2024-12-07 23:19:00	52.621110267	48.7860752	50.03767	1	0	0	0	0
2024-12-07 23:19:10	54.456485759	48.280905689	50.03767	1	0	0	0	0
2024-12-07 23:19:20	54.323268309	48.537381739000004	50.03767	1	0	0	0	0
2024-12-07 23:19:30	54.0433873	48.813136311	50.03767	1	0	0	0	0
2024-12-07 23:19:40	53.0953723	49.176715261000005	50.03767	1	0	0	0	0
2024-12-07 23:19:50	51.903894699999995	49.605870866000004	50.03767	1	0	0	0	0
2024-12-07 23:20:00	49.6033097	50.333764566	50.03767	1	0	0	0	0
2024-12-07 23:20:10	47.313360297	51.082767334	50.03767	1	0	0	0	0
2024-12-07 23:20:20	45.071861947	51.927933634	50.03767	1	0	0	0	0
2024-12-07 23:20:30	43.050665903	52.633645969	50.03767	1	0	0	0	0
2024-12-07 23:20:40	42.033069253	52.704068019000005	50.03767	1	0	0	0	0
2024-12-07 23:20:50	41.242204815	52.720645238	50.03767	1	0	0	0	0
2024-12-07 23:21:00	41.484231565	52.491929338	50.03767	1	0	0	0	0
2024-12-07 23:21:10	42.596	51.995996193	50.03767	1	0	0	0	0
2024-12-07 23:21:20	47.669925	50.282740043000004	50.03767	1	0	0	0	0
2024-12-07 23:21:30	51.4523419	49.0907677	50.03767	1	0	0	0	0
2024-12-07 23:21:40	49.3512219	50.273532700000004	50.03767	1	0	0	0	0
2024-12-07 23:21:50	47.219948552	51.2928838	50.03767	1	0	0	0	0
2024-12-07 23:22:00	44.951309952	51.5677938	50.03767	1	0	0	0	0
2024-12-07 23:22:10	42.939696133000005	51.860287459999995	50.03767	1	0	0	0	0
2024-12-07 23:22:20	42.098972983	52.23288446	50.03767	1	0	0	0	0
2024-12-07 23:22:30	41.29566862	52.526369552000006	50.03767	1	0	0	0	0
2024-12-07 23:22:40	40.66282762	52.459455952	50.03767	1	0	0	0	0
2024-12-07 23:22:50	40.330134802	52.338341301	50.03767	1	0	0	0	0
2024-12-07 23:23:00	41.364783702000004	51.970310751	50.03767	1	0	0	0	0
2024-12-07 23:23:10	42.222359978	51.670574486999996	50.03767	1	0	0	0	0
2024-12-07 23:23:20	42.273272078	51.681956637	50.03767	1	0	0	0	0
2024-12-07 23:23:30	42.180771328999995	51.714933900000005	50.03767	1	0	0	0	0
2024-12-07 23:23:40	41.434945379	51.846288900000005	50.03767	1	0	0	0	0
2024-12-07 23:23:50	40.838583671	51.9479556	50.03767	1	0	0	0	0
2024-12-07 23:24:00	40.923114621	51.9143756	50.03767	1	0	0	0	0
2024-12-07 23:24:10	41.1012616	51.832469767	50.03767	1	0	0	0	0
2024-12-07 23:24:20	41.7058816	51.530412917	50.03767	1	0	0	0	0
2024-12-07 23:24:30	42.312237925	51.276706533	50.03767	1	0	0	0	0
2024-12-07 23:24:40	42.926504175	51.243263383	50.03767	1	0	0	0	0
2024-12-07 23:24:50	43.555216775	51.1699724	50.03767	1	0	0	0	0
2024-12-07 23:25:00	44.249740525	50.915152400000004	50.03767	1	0	0	0	0
2024-12-07 23:25:10	45.530550383999994	50.450488400000005	50.03767	1	0	0	0	0
2024-12-07 23:25:20	49.482219183999995	49.029868400000005	50.03767	1	0	0	0	0
2024-12-07 23:25:30	53.05520555	47.8205351	50.03767	1	0	0	0	0
2024-12-07 23:25:40	54.90308305	47.5737301	50.03767	1	0	0	0	0
2024-12-07 23:25:50	55.732142379	47.5933314	50.03767	1	0	0	0	0
2024-12-07 23:26:00	51.919918929	48.826561399999996	50.03767	1	0	0	0	0
2024-12-07 23:26:10	48.505280055	49.903747599999996	50.03767	1	0	0	0	0
2024-12-07 23:26:20	46.901859805	50.2700676	50.03767	1	0	0	0	0
2024-12-07 23:26:30	46.237713332	50.3242154	50.03767	1	0	0	0	0
2024-12-07 23:26:40	49.852480732000004	48.9562454	50.03767	1	0	0	0	0
2024-12-07 23:26:50	53.302882247999996	47.7081797	50.03767	1	0	0	0	0
2024-12-07 23:27:00	56.004505848	47.0063447	50.03767	1	0	0	0	0
2024-12-07 23:27:10	58.083985413	46.506088757	50.03767	1	0	0	0	0
2024-12-07 23:27:20	57.329253263000005	46.924137407	50.03767	1	0	0	0	0
2024-12-07 23:27:30	56.613849772	47.306713943000005	50.03767	1	0	0	0	0
2024-12-07 23:27:40	56.077610172	47.527695293	50.03767	1	0	0	0	0
2024-12-07 23:27:50	55.599773543	47.72191472	50.03767	1	0	0	0	0
2024-12-07 23:28:00	55.387994893	47.794218719999996	50.03767	1	0	0	0	0
2024-12-07 23:28:10	54.425200119	48.144332587	50.03767	1	0	0	0	0
2024-12-07 23:28:20	50.041109669	49.760024737	50.03767	1	0	0	0	0
2024-12-07 23:28:30	46.305148405000004	51.098237599	50.03767	1	0	0	0	0
2024-12-07 23:28:40	45.521775655	51.172378149	50.03767	1	0	0	0	0
2024-12-07 23:28:50	44.8240159	51.229854155	50.03767	1	0	0	0	0
2024-12-07 23:29:00	44.5162709	51.211413905	50.03767	1	0	0	0	0
2024-12-07 23:29:10	44.4478512	51.152858108000004	50.03767	1	0	0	0	0
2024-12-07 23:29:20	45.4696912	50.911553708	50.03767	1	0	0	0	0
2024-12-07 23:29:30	46.3956353	50.681823731	50.03767	1	0	0	0	0
2024-12-07 23:29:40	46.8847203	50.504821680999996	50.03767	1	0	0	0	0
2024-12-07 23:29:50	47.286233869	50.365064007	50.03767	1	0	0	0	0
2024-12-07 23:30:00	47.288810919	50.394975157	50.03767	1	0	0	0	0
2024-12-07 23:30:10	47.213212987999995	50.465000116999995	50.03767	1	0	0	0	0
2024-12-07 23:30:20	46.781484588	50.717765766999996	50.03767	1	0	0	0	0
2024-12-07 23:30:30	46.313701477	50.931855078	50.03767	1	0	0	0	0
2024-12-07 23:30:40	45.681669127	50.969752178	50.03767	1	0	0	0	0
2024-12-07 23:30:50	45.358160323	50.904959386	50.03767	1	0	0	0	0
2024-12-07 23:31:00	46.440147673	50.372357086	50.03767	1	0	0	0	0
2024-12-07 23:31:10	48.289056955	49.665010705	50.03767	1	0	0	0	0
2024-12-07 23:31:20	53.631721705	48.161607955	50.03767	1	0	0	0	0
2024-12-07 23:31:30	57.936789208	47.017197007	50.03767	1	0	0	0	0
2024-12-07 23:31:40	57.515024808	47.508193157	50.03767	1	0	0	0	0
2024-12-07 23:31:50	56.902115474	47.9460504	50.03767	1	0	0	0	0
2024-12-07 23:32:00	55.418434774000005	48.1418304	50.03767	1	0	0	0	0
2024-12-07 23:32:10	54.196016154	48.307908321000006	50.03767	1	0	0	0	0
2024-12-07 23:32:20	54.163791454	48.338676771	50.03767	1	0	0	0	0
2024-12-07 23:32:30	54.300403631	48.303957279	50.03767	1	0	0	0	0
2024-12-07 23:32:40	55.206161581	47.970903829	50.03767	1	0	0	0	0
2024-12-07 23:32:50	55.960201419	47.697028178000004	50.03767	1	0	0	0	0
2024-12-07 23:33:00	56.023080969	47.692740278	50.03767	1	0	0	0	0
2024-12-07 23:33:10	56.015100423	47.736202426999995	50.03767	1	0	0	0	0
2024-12-07 23:33:20	55.684312772999995	47.997192577	50.03767	1	0	0	0	0
2024-12-07 23:33:30	55.351373511	48.216716595	50.03767	1	0	0	0	0
2024-12-07 23:33:40	55.008632461	48.247339345	50.03767	1	0	0	0	0
2024-12-07 23:33:50	54.638762747	48.329625893	50.03767	1	0	0	0	0
2024-12-07 23:34:00	54.145306897000005	48.647269742999995	50.03767	1	0	0	0	0
2024-12-07 23:34:10	53.508367188	48.953167539999995	50.03767	1	0	0	0	0
2024-12-07 23:34:20	52.217778788000004	49.20555554	50.03767	1	0	0	0	0
2024-12-07 23:34:30	51.116899903000004	49.455628173	50.03767	1	0	0	0	0
2024-12-07 23:34:40	50.880253253	49.695153023	50.03767	1	0	0	0	0
2024-12-07 23:34:50	50.401349481	50.074018501000005	50.03767	1	0	0	0	0
2024-12-07 23:35:00	48.818829930999996	51.087657951000004	50.03767	1	0	0	0	0
2024-12-07 23:35:10	46.869969899	52.027192562	50.03767	1	0	0	0	0
2024-12-07 23:35:20	43.252225448999994	52.629138462	50.03767	1	0	0	0	0
2024-12-07 23:35:30	40.365706627	53.11590472	50.03767	1	0	0	0	0
2024-12-07 23:35:40	40.810326777	53.07796372	50.03767	1	0	0	0	0
2024-12-07 23:35:50	41.016997223000004	53.069595811	50.03767	1	0	0	0	0
2024-12-07 23:36:00	40.139674573	53.195949761	50.03767	1	0	0	0	0
2024-12-07 23:36:10	39.328593813000005	53.3293698	50.03767	1	0	0	0	0
2024-12-07 23:36:20	38.819281663000005	53.4949798	50.03767	1	0	0	0	0
2024-12-07 23:36:30	38.362985687000005	53.612574215	50.03767	1	0	0	0	0
2024-12-07 23:36:40	38.148207837	53.511430965	50.03767	1	0	0	0	0
2024-12-07 23:36:50	37.97209	53.4284935	50.03767	1	0	0	0	0
2024-12-07 23:37:00	37.97209	53.4284935	50.03767	1	0	0	0	0
2024-12-07 23:37:10	41.087278938	52.128466829	50.03767	1	0	0	0	0
2024-12-07 23:37:20	45.577128038	50.620745879	50.03767	1	0	0	0	0
2024-12-07 23:37:30	49.426886536000005	49.333848677	50.03767	1	0	0	0	0
2024-12-07 23:37:40	50.360676736	49.052926327	50.03767	1	0	0	0	0
2024-12-07 23:37:50	51.039539677	48.8836188	50.03767	1	0	0	0	0
2024-12-07 23:38:00	50.557067327	49.2227788	50.03767	1	0	0	0	0
2024-12-07 23:38:10	50.069474643	49.518838466	50.03767	1	0	0	0	0
2024-12-07 23:38:20	49.558555993	49.618552166	50.03767	1	0	0	0	0
2024-12-07 23:38:30	48.097321457	50.036316047	50.03767	1	0	0	0	0
2024-12-07 23:38:40	42.306870107	51.902975197	50.03767	1	0	0	0	0
2024-12-07 23:38:50	37.4793515	53.406158187	50.03767	1	0	0	0	0
2024-12-07 23:39:00	37.0385265	53.253505337	50.03767	1	0	0	0	0
2024-12-07 23:39:10	36.709180684	53.1587086	50.03767	1	0	0	0	0
2024-12-07 23:39:20	36.887684484	53.3274786	50.03767	1	0	0	0	0
2024-12-07 23:39:30	36.937386493999995	53.5101275	50.03767	1	0	0	0	0
2024-12-07 23:39:40	36.400324794	53.7560025	50.03767	1	0	0	0	0
2024-12-07 23:39:50	35.955926599	53.9079148	50.03767	1	0	0	0	0
2024-12-07 23:40:00	35.933662149	53.6317748	50.03767	1	0	0	0	0
2024-12-07 23:40:10	36.275020775	53.272504842000004	50.03767	1	0	0	0	0
2024-12-07 23:40:20	38.272884525	52.534531742	50.03767	1	0	0	0	0
2024-12-07 23:40:30	39.720125548	51.994333642	50.03767	1	0	0	0	0
2024-12-07 23:40:40	38.658974148	52.355110542	50.03767	1	0	0	0	0
2024-12-07 23:40:50	38.2936832	52.380772847	50.03767	1	0	0	0	0
2024-12-07 23:41:00	41.0984232	50.879801997	50.03767	1	0	0	0	0
2024-12-07 23:41:10	44.2432534	49.482317269	50.03767	1	0	0	0	0
2024-12-07 23:41:20	48.9373834	48.556269318999995	50.03767	1	0	0	0	0
2024-12-07 23:41:30	52.7212471	47.850701199999996	50.03767	1	0	0	0	0
2024-12-07 23:41:40	52.3583421	48.1495412	50.03767	1	0	0	0	0
2024-12-07 23:41:50	52.088478551	48.366390021	50.03767	1	0	0	0	0
2024-12-07 23:42:00	52.242470501	48.209723471	50.03767	1	0	0	0	0
2024-12-07 23:42:10	52.382279054	48.19256179	50.03767	1	0	0	0	0
2024-12-07 23:42:20	52.457474354	48.81092229	50.03767	1	0	0	0	0
2024-12-07 23:42:30	51.578978102	49.537070687	50.03767	1	0	0	0	0
2024-12-07 23:42:40	46.355887001999996	50.754252837	50.03767	1	0	0	0	0
2024-12-07 23:42:50	41.987758093	51.764307502	50.03767	1	0	0	0	0
2024-12-07 23:43:00	41.514456943	51.830781402	50.03767	1	0	0	0	0
2024-12-07 23:43:10	42.1210372	51.534330905	50.03767	1	0	0	0	0
2024-12-07 23:43:20	47.6470772	49.584558155	50.03767	1	0	0	0	0
2024-12-07 23:43:30	52.228723575	48.056018795	50.03767	1	0	0	0	0
2024-12-07 23:43:40	52.508132325	48.446431545	50.03767	1	0	0	0	0
2024-12-07 23:43:50	52.796347125000004	48.6575836	50.03767	1	0	0	0	0
2024-12-07 23:44:00	53.124678375	48.0521036	50.03767	1	0	0	0	0
2024-12-07 23:44:10	53.6607105	47.497136703	50.03767	1	0	0	0	0
2024-12-07 23:44:20	55.1429355	47.172285053	50.03767	1	0	0	0	0
2024-12-07 23:44:30	55.1429355	47.172285053	50.03767	1	0	0	0	0
2024-12-07 23:44:40	56.189323525	47.021273825	50.03767	1	0	0	0	0
2024-12-07 23:44:50	56.189323525	47.021273825	50.03767	1	0	0	0	0
2024-12-07 23:45:00	56.102619628	47.072602522000004	50.03767	1	0	0	0	0
2024-12-07 23:45:10	55.520356682999996	47.3408282	50.03767	1	0	0	0	0
2024-12-07 23:45:20	52.166801033	48.9423182	50.03767	1	0	0	0	0
2024-12-07 23:45:30	48.595968418	50.4742796	50.03767	1	0	0	0	0
2024-12-07 23:45:40	48.595968418	50.4742796	50.03767	1	0	0	0	0
2024-12-07 23:45:50	40.207729310000005	52.683383266	50.03767	1	0	0	0	0
2024-12-07 23:46:00	39.71963881	52.668956966	50.03767	1	0	0	0	0
2024-12-07 23:46:10	39.382133286	52.626125334	50.03767	1	0	0	0	0
2024-12-07 23:46:20	39.730625986	52.453891634	50.03767	1	0	0	0	0
2024-12-07 23:46:30	40.047893114000004	52.2815974	50.03767	1	0	0	0	0
2024-12-07 23:46:40	40.222910414000005	52.1090274	50.03767	1	0	0	0	0
2024-12-07 23:46:50	40.281108209	51.9577037	50.03767	1	0	0	0	0
2024-12-07 23:47:00	39.807128259	51.9031687	50.03767	1	0	0	0	0
2024-12-07 23:47:10	39.501379891	51.865532568	50.03767	1	0	0	0	0
2024-12-07 23:47:20	39.962019841	51.904880168	50.03767	1	0	0	0	0
2024-12-07 23:47:30	40.321395715	51.926216032000006	50.03767	1	0	0	0	0
2024-12-07 23:47:40	40.219457465000005	51.865498432	50.03767	1	0	0	0	0
2024-12-07 23:47:50	40.317449787	51.756782257000005	50.03767	1	0	0	0	0
2024-12-07 23:48:00	41.326236937000004	51.429405907	50.03767	1	0	0	0	0
2024-12-07 23:48:10	42.254235434	51.138397567	50.03767	1	0	0	0	0
2024-12-07 23:48:20	42.814196734	51.013065717	50.03767	1	0	0	0	0
2024-12-07 23:48:30	43.22425785	50.928575534000004	50.03767	1	0	0	0	0
2024-12-07 23:48:40	42.95144035	51.030141834	50.03767	1	0	0	0	0
2024-12-07 23:48:50	42.7133534	51.101839401999996	50.03767	1	0	0	0	0
2024-12-07 23:49:00	42.6334834	51.037468302	50.03767	1	0	0	0	0
2024-12-07 23:49:10	43.3836411	50.67666341	50.03767	1	0	0	0	0
2024-12-07 23:49:20	47.9150361	48.96543791	50.03767	1	0	0	0	0
2024-12-07 23:49:30	52.220965134000004	47.432445322999996	50.03767	1	0	0	0	0
2024-12-07 23:49:40	55.499771434	46.711402672999995	50.03767	1	0	0	0	0
2024-12-07 23:49:50	57.539571989	46.361344982	50.03767	1	0	0	0	0
2024-12-07 23:50:00	53.935013039	47.701329881999996	50.03767	1	0	0	0	0
2024-12-07 23:50:10	50.608353263	48.926842225	50.03767	1	0	0	0	0
2024-12-07 23:50:20	48.547678613	49.630868475	50.03767	1	0	0	0	0
2024-12-07 23:50:30	46.676590907	50.2321757	50.03767	1	0	0	0	0
2024-12-07 23:50:40	45.669177057	50.3655407	50.03767	1	0	0	0	0
2024-12-07 23:50:50	44.853738607000004	50.476102598	50.03767	1	0	0	0	0
2024-12-07 23:51:00	44.912854757	50.482783698	50.03767	1	0	0	0	0
2024-12-07 23:51:10	45.093571094999994	50.405475754	50.03767	1	0	0	0	0
2024-12-07 23:51:20	45.828243844999996	49.945551054	50.03767	1	0	0	0	0
2024-12-07 23:51:30	47.351299405	49.243784653999995	50.03767	1	0	0	0	0
2024-12-07 23:51:40	52.465876655	47.440294953999995	50.03767	1	0	0	0	0
2024-12-07 23:51:50	56.924145096	45.966442826999995	50.03767	1	0	0	0	0
2024-12-07 23:52:00	58.392562296	45.994272976999994	50.03767	1	0	0	0	0
2024-12-07 23:52:10	59.621570406000004	46.013219299	50.03767	1	0	0	0	0
2024-12-07 23:52:20	59.759937106	45.991694849	50.03767	1	0	0	0	0
2024-12-07 23:52:30	59.859638114	46.011735468	50.03767	1	0	0	0	0
2024-12-07 23:52:40	59.783195414	46.221128068	50.03767	1	0	0	0	0
2024-12-07 23:52:50	59.130659185999995	46.651118911999994	50.03767	1	0	0	0	0
2024-12-07 23:53:00	55.853696886	48.086057311999994	50.03767	1	0	0	0	0
2024-12-07 23:53:10	52.756478698	49.309695665	50.03767	1	0	0	0	0
2024-12-07 23:53:20	50.478094798	49.570744915	50.03767	1	0	0	0	0
2024-12-07 23:53:30	49.5999325	49.439867556	50.03767	1	0	0	0	0
2024-12-07 23:53:40	55.1005575	47.523546756	50.03767	1	0	0	0	0
2024-12-07 23:53:50	59.753670707	45.959908767	50.03767	1	0	0	0	0
2024-12-07 23:54:00	60.545896857	46.002936917	50.03767	1	0	0	0	0
2024-12-07 23:54:10	60.992030788	46.097104957	50.03767	1	0	0	0	0
2024-12-07 23:54:20	59.861522388	46.424243607	50.03767	1	0	0	0	0
2024-12-07 23:54:30	59.031728666	46.689539918	50.03767	1	0	0	0	0
2024-12-07 23:54:40	59.571857366	46.673110018	50.03767	1	0	0	0	0
2024-12-07 23:54:50	59.604951572000004	46.922359425	50.03767	1	0	0	0	0
2024-12-07 23:55:00	57.328221972	48.381925675	50.03767	1	0	0	0	0
2024-12-07 23:55:10	54.367592416	49.8334772	50.03767	1	0	0	0	0
2024-12-07 23:55:20	48.291418616	51.2485172	50.03767	1	0	0	0	0
2024-12-07 23:55:30	43.31958297600001	52.413639503	50.03767	1	0	0	0	0
2024-12-07 23:55:40	43.378621176	52.440247853	50.03767	1	0	0	0	0
2024-12-07 23:55:50	43.305119175	52.458014297	50.03767	1	0	0	0	0
2024-12-07 23:56:00	42.627822925000004	52.435500947	50.03767	1	0	0	0	0
2024-12-07 23:56:10	42.2454695	52.313105723	50.03767	1	0	0	0	0
2024-12-07 23:56:20	43.2067445	51.735693073	50.03767	1	0	0	0	0
2024-12-07 23:56:30	44.704523576	51.045623355000004	50.03767	1	0	0	0	0
2024-12-07 23:56:40	48.646376776000004	49.842338105	50.03767	1	0	0	0	0
2024-12-07 23:56:50	52.144571124	48.72598939	50.03767	1	0	0	0	0
2024-12-07 23:57:00	53.621652923999996	48.00568489	50.03767	1	0	0	0	0
2024-12-07 23:57:10	55.013714099999994	47.446891132	50.03767	1	0	0	0	0
2024-12-07 23:57:20	56.0184591	47.623868532	50.03767	1	0	0	0	0
2024-12-07 23:57:30	56.366372139	48.093809	50.03767	1	0	0	0	0
2024-12-07 23:57:40	53.722050689	49.898359	50.03767	1	0	0	0	0
2024-12-07 23:57:50	50.515719163	51.555516441	50.03767	1	0	0	0	0
2024-12-07 23:58:00	44.749119513	52.541218891	50.03767	1	0	0	0	0
2024-12-07 23:58:10	39.957254197999994	53.373671348	50.03767	1	0	0	0	0
2024-12-07 23:58:20	39.605845298	53.507984948	50.03767	1	0	0	0	0
2024-12-07 23:58:30	39.246534802999996	53.605126811	50.03767	1	0	0	0	0
2024-12-07 23:58:40	38.851228153	53.532930761	50.03767	1	0	0	0	0
2024-12-07 23:58:50	38.618326395000004	53.373236180000006	50.03767	1	0	0	0	0
2024-12-07 23:59:00	39.125269145000004	52.81493718	50.03767	1	0	0	0	0
2024-12-07 23:59:10	40.835555059	51.939489826	50.03767	1	0	0	0	0
2024-12-07 23:59:20	48.027737609	49.619255526	50.03767	1	0	0	0	0
2024-12-07 23:59:30	54.031984977	47.735438687	50.03767	1	0	0	0	0
2024-12-07 23:59:40	54.624527627	47.839745837	50.03767	1	0	0	0	0
2024-12-07 23:59:50	54.986354979999994	47.982487631000005	50.03767	1	0	0	0	0
2024-12-08 00:00:00	54.297145979999996	48.300320581	50.03767	1	0	0	0	0
