PROCESSDATA	2411LIC30102 Data	yyyy-MM-dd HH:mm:ss
8	10	2024-08-24 21:55:00	751
tagname	2411LIC30102.MV	2411LIC30102.PV	2411LIC30102.SV	2411LIC30102.MODE	bOpOFL	bPvOFL	bSpOFL	bAutOFL
desc	气压机出口分离器D301液包_OP	气压机出口分离器D301液包_PV	气压机出口分离器D301液包_SP	Aut	bOpOFL	bPvOFL	bSpOFL	bAutOFL
fsMax=3.8923098841507553	fsMin=0	fsGridNum=10	fdMax=3.8923098841507553tfdMin=0	fdGridNum=10	v0GridNum=10	L=24
2024-08-24 21:55:00	41.001049947999995	48.853869864	49.0062943	1	0	0	0	0
2024-08-24 21:55:10	40.874233648	48.805696464	49.0062943	1	0	0	0	0
2024-08-24 21:55:20	40.765097442	48.766565688	49.0062943	1	0	0	0	0
2024-08-24 21:55:30	41.080283492	48.944457888	49.0062943	1	0	0	0	0
2024-08-24 21:55:40	41.386645746	49.115919823999995	49.0062943	1	0	0	0	0
2024-08-24 21:55:50	41.481236896	49.133055424	49.0062943	1	0	0	0	0
2024-08-24 21:56:00	41.573125256000004	49.151802688	49.0062943	1	0	0	0	0
2024-08-24 21:56:10	41.600146656	49.209229888	49.0062943	1	0	0	0	0
2024-08-24 21:56:20	41.632568656000004	49.264951858	49.0062943	1	0	0	0	0
2024-08-24 21:56:30	41.794605056	49.279748308	49.0062943	1	0	0	0	0
2024-08-24 21:56:40	41.956701462	49.296045042	49.0062943	1	0	0	0	0
2024-08-24 21:56:50	42.120238011999994	49.348348592	49.0062943	1	0	0	0	0
2024-08-24 21:57:00	42.254764038	49.388384668	49.0062943	1	0	0	0	0
2024-08-24 21:57:10	41.693037487999995	49.134001368	49.0062943	1	0	0	0	0
2024-08-24 21:57:20	41.150882857142854	48.88993264334976	49.0062943	1	0	0	0	0
2024-08-24 21:57:30	41.07845428571428	48.893413727093595	49.0062943	1	0	0	0	0
2024-08-24 21:57:40	41.00722913705584	48.896782418781726	49.0062943	1	0	0	0	0
2024-08-24 21:57:50	41.05514284263959	48.88902429695431	49.0062943	1	0	0	0	0
2024-08-24 21:58:00	41.09021156	48.87654157	49.0062943	1	0	0	0	0
2024-08-24 21:58:10	40.817000560000004	48.75066832	49.0062943	1	0	0	0	0
2024-08-24 21:58:20	40.576874602000004	48.640842942	49.0062943	1	0	0	0	0
2024-08-24 21:58:30	41.130789652000004	48.916166491999995	49.0062943	1	0	0	0	0
2024-08-24 21:58:40	41.6527	49.173994099999994	49.0062943	1	0	0	0	0
2024-08-24 21:58:50	41.4064975	49.0119191	49.0062943	1	0	0	0	0
2024-08-24 21:59:00	41.170219038	48.858069758	49.0062943	1	0	0	0	0
2024-08-24 21:59:10	41.172117488	48.901636208	49.0062943	1	0	0	0	0
2024-08-24 21:59:20	41.172117488	48.901636208	49.0062943	1	0	0	0	0
2024-08-24 21:59:30	41.1766375	48.945806316	49.0062943	1	0	0	0	0
2024-08-24 21:59:40	41.244075	49.004464216	49.0062943	1	0	0	0	0
2024-08-24 21:59:50	41.321607206	49.066320004000005	49.0062943	1	0	0	0	0
2024-08-24 22:00:00	41.641412356	49.204925104000004	49.0062943	1	0	0	0	0
2024-08-24 22:00:10	41.945111594	49.333585442	49.0062943	1	0	0	0	0
2024-08-24 22:00:20	41.862268944	49.223571492000005	49.0062943	1	0	0	0	0
2024-08-24 22:00:30	41.761438152	49.109092896	49.0062943	1	0	0	0	0
2024-08-24 22:00:40	41.228891952	48.887462796	49.0062943	1	0	0	0	0
2024-08-24 22:00:50	40.721150178	48.678636942	49.0062943	1	0	0	0	0
2024-08-24 22:01:00	40.808714628	48.777112992	49.0062943	1	0	0	0	0
2024-08-24 22:01:10	40.897309885999995	48.871926274	49.0062943	1	0	0	0	0
2024-08-24 22:01:20	41.010644536	48.878833124	49.0062943	1	0	0	0	0
2024-08-24 22:01:30	41.112436828	48.883531938000004	49.0062943	1	0	0	0	0
2024-08-24 22:01:40	40.937212528	48.835237888	49.0062943	1	0	0	0	0
2024-08-24 22:01:50	40.777395942	48.792635976	49.0062943	1	0	0	0	0
2024-08-24 22:02:00	40.987364492	48.886645376	49.0062943	1	0	0	0	0
2024-08-24 22:02:10	41.196139957999996	48.980026512	49.0062943	1	0	0	0	0
2024-08-24 22:02:20	41.376281408	49.058329312	49.0062943	1	0	0	0	0
2024-08-24 22:02:30	41.541186118	49.1298168	49.0062943	1	0	0	0	0
2024-08-24 22:02:40	41.340409068	49.0377368	49.0062943	1	0	0	0	0
2024-08-24 22:02:50	41.170400756	48.9603612	49.0062943	1	0	0	0	0
2024-08-24 22:03:00	41.738842156	49.2358912	49.0062943	1	0	0	0	0
2024-08-24 22:03:10	42.27694504	49.496357882	49.0062943	1	0	0	0	0
2024-08-24 22:03:20	42.08692354	49.395304932	49.0062943	1	0	0	0	0
2024-08-24 22:03:30	41.911280442	49.299826691999996	49.0062943	1	0	0	0	0
2024-08-24 22:03:40	42.080718992	49.338141492	49.0062943	1	0	0	0	0
2024-08-24 22:03:50	42.2401654	49.372895625999995	49.0062943	1	0	0	0	0
2024-08-24 22:04:00	42.1598004	49.322193776	49.0062943	1	0	0	0	0
2024-08-24 22:04:10	42.082990104000004	49.272026999999994	49.0062943	1	0	0	0	0
2024-08-24 22:04:20	42.091492704000004	49.234702	49.0062943	1	0	0	0	0
2024-08-24 22:04:30	42.064083986	49.1837556	49.0062943	1	0	0	0	0
2024-08-24 22:04:40	41.174803636	48.8058956	49.0062943	1	0	0	0	0
2024-08-24 22:04:50	40.316118076	48.441223874	49.0062943	1	0	0	0	0
2024-08-24 22:05:00	40.191707476	48.393070724000005	49.0062943	1	0	0	0	0
2024-08-24 22:05:10	40.084013034	48.354481426	49.0062943	1	0	0	0	0
2024-08-24 22:05:20	40.377506384	48.545424576	49.0062943	1	0	0	0	0
2024-08-24 22:05:30	40.666786318	48.735536853999996	49.0062943	1	0	0	0	0
2024-08-24 22:05:40	40.854944268	48.905708204	49.0062943	1	0	0	0	0
2024-08-24 22:05:50	41.048563341999994	49.070314646	49.0062943	1	0	0	0	0
2024-08-24 22:06:00	41.373249392	49.101363295999995	49.0062943	1	0	0	0	0
2024-08-24 22:06:10	41.681833376	49.12894455	49.0062943	1	0	0	0	0
2024-08-24 22:06:20	41.603967776	49.0733083	49.0062943	1	0	0	0	0
2024-08-24 22:06:30	41.52350017	49.018858224	49.0062943	1	0	0	0	0
2024-08-24 22:06:40	41.38058442	48.992876324	49.0062943	1	0	0	0	0
2024-08-24 22:06:50	41.240938794	48.965075576000004	49.0062943	1	0	0	0	0
2024-08-24 22:07:00	41.179776144	48.893622476	49.0062943	1	0	0	0	0
2024-08-24 22:07:10	41.1256248	48.829116398	49.0062943	1	0	0	0	0
2024-08-24 22:07:20	41.2397448	48.931338848	49.0062943	1	0	0	0	0
2024-08-24 22:07:30	41.353275456	49.029170810000004	49.0062943	1	0	0	0	0
2024-08-24 22:07:40	41.452661856	49.02163106	49.0062943	1	0	0	0	0
2024-08-24 22:07:50	41.541415544	49.013131242	49.0062943	1	0	0	0	0
2024-08-24 22:08:00	41.374984144	48.981589792	49.0062943	1	0	0	0	0
2024-08-24 22:08:10	41.19169033	48.93829851	49.0062943	1	0	0	0	0
2024-08-24 22:08:20	40.60369858	48.61301126	49.0062943	1	0	0	0	0
2024-08-24 22:08:30	40.043555724	48.305660350000004	49.0062943	1	0	0	0	0
2024-08-24 22:08:40	40.151786324	48.4287816	49.0062943	1	0	0	0	0
2024-08-24 22:08:50	40.257898546	48.55033944	49.0062943	1	0	0	0	0
2024-08-24 22:09:00	40.313169696	48.63437544	49.0062943	1	0	0	0	0
2024-08-24 22:09:10	40.364840534	48.713078599999996	49.0062943	1	0	0	0	0
2024-08-24 22:09:20	40.330103884	48.6637936	49.0062943	1	0	0	0	0
2024-08-24 22:09:30	40.30446816600001	48.624397288000004	49.0062943	1	0	0	0	0
2024-08-24 22:09:40	40.497254816	48.822329488	49.0062943	1	0	0	0	0
2024-08-24 22:09:50	40.719339	49.027364512000005	49.0062943	1	0	0	0	0
2024-08-24 22:10:00	41.644564	49.402867312000005	49.0062943	1	0	0	0	0
2024-08-24 22:10:10	42.532798152000005	49.758756522000006	49.0062943	1	0	0	0	0
2024-08-24 22:10:20	42.533251952	49.643919572	49.0062943	1	0	0	0	0
2024-08-24 22:10:30	42.51973566019417	49.52946311941748	49.0062943	1	0	0	0	0
2024-08-24 22:10:40	42.17093716504854	49.42413860485437	49.0062943	1	0	0	0	0
2024-08-24 22:10:50	41.82213866990291	49.31881409029126	49.0062943	1	0	0	0	0
2024-08-24 22:11:00	41.90352197525773	49.321927059793815	49.0062943	1	0	0	0	0
2024-08-24 22:11:10	41.990656765999994	49.327247551999996	49.0062943	1	0	0	0	0
2024-08-24 22:11:20	42.005125916	49.332436352	49.0062943	1	0	0	0	0
2024-08-24 22:11:30	42.018802218	49.339706648	49.0062943	1	0	0	0	0
2024-08-24 22:11:40	42.013450168	49.396932848	49.0062943	1	0	0	0	0
2024-08-24 22:11:50	42.025776556	49.457001758	49.0062943	1	0	0	0	0
2024-08-24 22:12:00	42.462385456	49.585295708	49.0062943	1	0	0	0	0
2024-08-24 22:12:10	42.8801032	49.705015542	49.0062943	1	0	0	0	0
2024-08-24 22:12:20	42.8444332	49.618956592	49.0062943	1	0	0	0	0
2024-08-24 22:12:30	42.783331292	49.524467400000006	49.0062943	1	0	0	0	0
2024-08-24 22:12:40	42.111863592	49.227652400000004	49.0062943	1	0	0	0	0
2024-08-24 22:12:50	41.451030005999996	48.935254954	49.0062943	1	0	0	0	0
2024-08-24 22:13:00	41.045415156	48.748878804	49.0062943	1	0	0	0	0
2024-08-24 22:13:10	40.662702001999996	48.573751798	49.0062943	1	0	0	0	0
2024-08-24 22:13:20	40.829629552	48.668604248	49.0062943	1	0	0	0	0
2024-08-24 22:13:30	40.984448549999996	48.755543548	49.0062943	1	0	0	0	0
2024-08-24 22:13:40	40.8486623	48.652567248000004	49.0062943	1	0	0	0	0
2024-08-24 22:13:50	40.722262272	48.559202268	49.0062943	1	0	0	0	0
2024-08-24 22:14:00	40.821131572	48.696508968	49.0062943	1	0	0	0	0
2024-08-24 22:14:10	40.942594716	48.83988506	49.0062943	1	0	0	0	0
2024-08-24 22:14:20	41.606310116	49.128926560000004	49.0062943	1	0	0	0	0
2024-08-24 22:14:30	42.247870285999994	49.406874672	49.0062943	1	0	0	0	0
2024-08-24 22:14:40	42.357704936	49.418581472	49.0062943	1	0	0	0	0
2024-08-24 22:14:50	42.462624119999994	49.430589444	49.0062943	1	0	0	0	0
2024-08-24 22:15:00	42.44957212	49.449825544	49.0062943	1	0	0	0	0
2024-08-24 22:15:10	42.424387476	49.461305156	49.0062943	1	0	0	0	0
2024-08-24 22:15:20	42.108019376	49.286629056	49.0062943	1	0	0	0	0
2024-08-24 22:15:30	41.786536147999996	49.110638654	49.0062943	1	0	0	0	0
2024-08-24 22:15:40	41.342289848	48.903105004	49.0062943	1	0	0	0	0
2024-08-24 22:15:50	40.923517182	48.707876148	49.0062943	1	0	0	0	0
2024-08-24 22:16:00	41.116111732	48.807962348	49.0062943	1	0	0	0	0
2024-08-24 22:16:10	41.288816144	48.896679997999996	49.0062943	1	0	0	0	0
2024-08-24 22:16:20	40.984157244	48.712552448	49.0062943	1	0	0	0	0
2024-08-24 22:16:30	40.667112606	48.52721104	49.0062943	1	0	0	0	0
2024-08-24 22:16:40	40.052810256	48.31273704	49.0062943	1	0	0	0	0
2024-08-24 22:16:50	39.467029077999996	48.109532888000004	49.0062943	1	0	0	0	0
2024-08-24 22:17:00	39.565756027999996	48.176805088	49.0062943	1	0	0	0	0
2024-08-24 22:17:10	39.678942021999994	48.250511004	49.0062943	1	0	0	0	0
2024-08-24 22:17:20	40.139145072	48.478626104	49.0062943	1	0	0	0	0
2024-08-24 22:17:30	40.599927508	48.706954596	49.0062943	1	0	0	0	0
2024-08-24 22:17:40	41.074615208	48.940404496	49.0062943	1	0	0	0	0
2024-08-24 22:17:50	41.532326491999996	49.165298719999996	49.0062943	1	0	0	0	0
2024-08-24 22:18:00	41.582603792	49.18485672	49.0062943	1	0	0	0	0
2024-08-24 22:18:10	41.636639800000005	49.206860352	49.0062943	1	0	0	0	0
2024-08-24 22:18:20	41.7808848	49.287559152	49.0062943	1	0	0	0	0
2024-08-24 22:18:30	41.912261938	49.360400452	49.0062943	1	0	0	0	0
2024-08-24 22:18:40	41.734810388	49.244661752	49.0062943	1	0	0	0	0
2024-08-24 22:18:50	41.567927894	49.135471548	49.0062943	1	0	0	0	0
2024-08-24 22:19:00	41.654702744	49.183445248	49.0062943	1	0	0	0	0
2024-08-24 22:19:10	41.733488268	49.227363842	49.0062943	1	0	0	0	0
2024-08-24 22:19:20	41.620529968	49.173959892	49.0062943	1	0	0	0	0
2024-08-24 22:19:30	41.510201318	49.120857384000004	49.0062943	1	0	0	0	0
2024-08-24 22:19:40	41.462984268	49.074989484	49.0062943	1	0	0	0	0
2024-08-24 22:19:50	41.411433062	49.027318832	49.0062943	1	0	0	0	0
2024-08-24 22:20:00	41.255862111999996	48.936382132	49.0062943	1	0	0	0	0
2024-08-24 22:20:10	41.105577796	48.851192841999996	49.0062943	1	0	0	0	0
2024-08-24 22:20:20	41.082172696	48.903941392	49.0062943	1	0	0	0	0
2024-08-24 22:20:30	41.062133610000004	48.9542424	49.0062943	1	0	0	0	0
2024-08-24 22:20:40	41.12287886	48.9458024	49.0062943	1	0	0	0	0
2024-08-24 22:20:50	41.163992814000004	48.929853288	49.0062943	1	0	0	0	0
2024-08-24 22:21:00	40.733955664	48.733685488	49.0062943	1	0	0	0	0
2024-08-24 22:21:10	40.3273404	48.549010867999996	49.0062943	1	0	0	0	0
2024-08-24 22:21:20	40.4828504	48.640172568	49.0062943	1	0	0	0	0
2024-08-24 22:21:30	40.639722496	48.730388147999996	49.0062943	1	0	0	0	0
2024-08-24 22:21:40	40.829284896	48.797896848	49.0062943	1	0	0	0	0
2024-08-24 22:21:50	41.012988662	48.86467244	49.0062943	1	0	0	0	0
2024-08-24 22:22:00	41.056085212	48.913853440000004	49.0062943	1	0	0	0	0
2024-08-24 22:22:10	41.098376022000004	48.964670410000004	49.0062943	1	0	0	0	0
2024-08-24 22:22:20	41.121329072	49.05475066	49.0062943	1	0	0	0	0
2024-08-24 22:22:30	41.155645719999995	49.143892266	49.0062943	1	0	0	0	0
2024-08-24 22:22:40	41.462688719999996	49.210506416	49.0062943	1	0	0	0	0
2024-08-24 22:22:50	41.765296452	49.277215324000004	49.0062943	1	0	0	0	0
2024-08-24 22:23:00	41.961457752	49.346198424	49.0062943	1	0	0	0	0
2024-08-24 22:23:10	42.139782548	49.407605458	49.0062943	1	0	0	0	0
2024-08-24 22:23:20	41.890031248	49.287186908	49.0062943	1	0	0	0	0
2024-08-24 22:23:30	41.650992552	49.171440598000004	49.0062943	1	0	0	0	0
2024-08-24 22:23:40	41.669056352	49.167828048000004	49.0062943	1	0	0	0	0
2024-08-24 22:23:50	41.691695526	49.167058746	49.0062943	1	0	0	0	0
2024-08-24 22:24:00	41.824143676	49.234527396	49.0062943	1	0	0	0	0
2024-08-24 22:24:10	41.95264316	49.301877868	49.0062943	1	0	0	0	0
2024-08-24 22:24:20	41.98637466	49.366392068	49.0062943	1	0	0	0	0
2024-08-24 22:24:30	42.0187569	49.4283257	49.0062943	1	0	0	0	0
2024-08-24 22:24:40	42.0187569	49.4283257	49.0062943	1	0	0	0	0
2024-08-24 22:24:50	42.36796261875	49.48357660625	49.0062943	1	0	0	0	0
2024-08-24 22:25:00	42.11328501538462	49.319460533846154	49.0062943	1	0	0	0	0
2024-08-24 22:25:10	41.843373642	49.155869282	49.0062943	1	0	0	0	0
2024-08-24 22:25:20	41.833964692	49.133953831999996	49.0062943	1	0	0	0	0
2024-08-24 22:25:30	41.811252658	49.1027243	49.0062943	1	0	0	0	0
2024-08-24 22:25:40	41.469266608	48.8479568	49.0062943	1	0	0	0	0
2024-08-24 22:25:50	41.11043328	48.593569800000004	49.0062943	1	0	0	0	0
2024-08-24 22:26:00	40.34726528	48.348314800000004	49.0062943	1	0	0	0	0
2024-08-24 22:26:10	39.615910164	48.115271718	49.0062943	1	0	0	0	0
2024-08-24 22:26:20	39.648064264	48.175314668	49.0062943	1	0	0	0	0
2024-08-24 22:26:30	39.695387888	48.241664982	49.0062943	1	0	0	0	0
2024-08-24 22:26:40	40.106780088	48.459392032000004	49.0062943	1	0	0	0	0
2024-08-24 22:26:50	40.515474268	48.675608358	49.0062943	1	0	0	0	0
2024-08-24 22:27:00	40.859415968	48.855567308	49.0062943	1	0	0	0	0
2024-08-24 22:27:10	41.199420518	49.032280742	49.0062943	1	0	0	0	0
2024-08-24 22:27:20	41.444933468	49.131101791999995	49.0062943	1	0	0	0	0
2024-08-24 22:27:30	41.67604071	49.2250744	49.0062943	1	0	0	0	0
2024-08-24 22:27:40	41.56141096	49.202684399999995	49.0062943	1	0	0	0	0
2024-08-24 22:27:50	41.451573767999996	49.17966	49.0062943	1	0	0	0	0
2024-08-24 22:28:00	41.456757968	49.14141	49.0062943	1	0	0	0	0
2024-08-24 22:28:10	41.460454104	49.101220999999995	49.0062943	1	0	0	0	0
2024-08-24 22:28:20	41.428436704	49.014496	49.0062943	1	0	0	0	0
2024-08-24 22:28:30	41.389728	48.931250302	49.0062943	1	0	0	0	0
2024-08-24 22:28:40	41.190428	48.931507852	49.0062943	1	0	0	0	0
2024-08-24 22:28:50	41.019354512	48.942471346	49.0062943	1	0	0	0	0
2024-08-24 22:29:00	41.525717312	49.210377496	49.0062943	1	0	0	0	0
2024-08-24 22:29:10	42.017582288	49.467728916	49.0062943	1	0	0	0	0
2024-08-24 22:29:20	42.161499488000004	49.471766816	49.0062943	1	0	0	0	0
2024-08-24 22:29:30	42.288474844	49.46509167	49.0062943	1	0	0	0	0
2024-08-24 22:29:40	42.008845944	49.20130342	49.0062943	1	0	0	0	0
2024-08-24 22:29:50	41.716741311999996	48.941370565999996	49.0062943	1	0	0	0	0
2024-08-24 22:30:00	41.125219111999996	48.773967215999996	49.0062943	1	0	0	0	0
2024-08-24 22:30:10	40.564556444	48.617821199999995	49.0062943	1	0	0	0	0
2024-08-24 22:30:20	40.744522544	48.7318512	49.0062943	1	0	0	0	0
2024-08-24 22:30:30	40.926641496	48.845054056	49.0062943	1	0	0	0	0
2024-08-24 22:30:40	41.160428896	48.938405456000005	49.0062943	1	0	0	0	0
2024-08-24 22:30:50	41.383981304	49.025510944000004	49.0062943	1	0	0	0	0
2024-08-24 22:31:00	41.361893904000006	48.962714544	49.0062943	1	0	0	0	0
2024-08-24 22:31:10	41.341015533333334	48.905394947058824	49.0062943	1	0	0	0	0
2024-08-24 22:31:20	41.34915386666667	48.979518623529415	49.0062943	1	0	0	0	0
2024-08-24 22:31:30	41.3572922	49.0536423	49.0062943	1	0	0	0	0
2024-08-24 22:31:40	41.777109342857145	49.33438842244898	49.0062943	1	0	0	0	0
2024-08-24 22:31:50	42.178896924	49.598750006	49.0062943	1	0	0	0	0
2024-08-24 22:32:00	42.147975024000004	49.469882656	49.0062943	1	0	0	0	0
2024-08-24 22:32:10	42.100852866000004	49.339889	49.0062943	1	0	0	0	0
2024-08-24 22:32:20	41.664924516	49.182864	49.0062943	1	0	0	0	0
2024-08-24 22:32:30	41.254714834	49.033608107999996	49.0062943	1	0	0	0	0
2024-08-24 22:32:40	41.461753184	49.070810808	49.0062943	1	0	0	0	0
2024-08-24 22:32:50	41.653760448	49.102282618000004	49.0062943	1	0	0	0	0
2024-08-24 22:33:00	41.485021648	48.996213068	49.0062943	1	0	0	0	0
2024-08-24 22:33:10	41.317294352000005	48.892598886	49.0062943	1	0	0	0	0
2024-08-24 22:33:20	41.173843152	48.847913536	49.0062943	1	0	0	0	0
2024-08-24 22:33:30	41.02643836	48.801230962	49.0062943	1	0	0	0	0
2024-08-24 22:33:40	40.78414736	48.706615012	49.0062943	1	0	0	0	0
2024-08-24 22:33:50	40.573840786	48.626418426	49.0062943	1	0	0	0	0
2024-08-24 22:34:00	41.131160435999995	48.892286576000004	49.0062943	1	0	0	0	0
2024-08-24 22:34:10	41.668394484	49.1458616	49.0062943	1	0	0	0	0
2024-08-24 22:34:20	41.723574084	49.1044016	49.0062943	1	0	0	0	0
2024-08-24 22:34:30	41.773583624000004	49.065780458	49.0062943	1	0	0	0	0
2024-08-24 22:34:40	41.699511724000004	49.095291908	49.0062943	1	0	0	0	0
2024-08-24 22:34:50	41.621748494	49.120972642	49.0062943	1	0	0	0	0
2024-08-24 22:35:00	41.455393344	49.054716192	49.0062943	1	0	0	0	0
2024-08-24 22:35:10	41.297756304	48.992288318	49.0062943	1	0	0	0	0
2024-08-24 22:35:20	41.349353904000004	49.021746268	49.0062943	1	0	0	0	0
2024-08-24 22:35:30	41.397446332	49.050361582	49.0062943	1	0	0	0	0
2024-08-24 22:35:40	41.361414632	49.058753632	49.0062943	1	0	0	0	0
2024-08-24 22:35:50	41.340011608	49.070775	49.0062943	1	0	0	0	0
2024-08-24 22:36:00	41.669696808	49.1699	49.0062943	1	0	0	0	0
2024-08-24 22:36:10	41.974431708	49.257829199999996	49.0062943	1	0	0	0	0
2024-08-24 22:36:20	41.680359408	49.0770592	49.0062943	1	0	0	0	0
2024-08-24 22:36:30	41.40444424	48.9079212	49.0062943	1	0	0	0	0
2024-08-24 22:36:40	41.56430024	49.0179512	49.0062943	1	0	0	0	0
2024-08-24 22:36:50	41.720386282	49.124514696	49.0062943	1	0	0	0	0
2024-08-24 22:37:00	41.785993332000004	49.147882096	49.0062943	1	0	0	0	0
2024-08-24 22:37:10	41.84020428	49.166564904	49.0062943	1	0	0	0	0
2024-08-24 22:37:20	41.62090878	49.072817504	49.0062943	1	0	0	0	0
2024-08-24 22:37:30	41.388475158	48.971183923999995	49.0062943	1	0	0	0	0
2024-08-24 22:37:40	40.840726608000004	48.680282024	49.0062943	1	0	0	0	0
2024-08-24 22:37:50	40.319232840000005	48.405251202	49.0062943	1	0	0	0	0
2024-08-24 22:38:00	40.427853840000004	48.511126252	49.0062943	1	0	0	0	0
2024-08-24 22:38:10	40.548493702	48.620697373999995	49.0062943	1	0	0	0	0
2024-08-24 22:38:20	40.957586252000006	48.818974224	49.0062943	1	0	0	0	0
2024-08-24 22:38:30	41.34816849400001	49.008269494000004	49.0062943	1	0	0	0	0
2024-08-24 22:38:40	41.294503344000006	48.982006844000004	49.0062943	1	0	0	0	0
2024-08-24 22:38:50	41.249415616	48.96106411	49.0062943	1	0	0	0	0
2024-08-24 22:39:00	41.410186016000004	49.06779936	49.0062943	1	0	0	0	0
2024-08-24 22:39:10	41.559864688000005	49.166905214	49.0062943	1	0	0	0	0
2024-08-24 22:39:20	41.443341888	49.082905564	49.0062943	1	0	0	0	0
2024-08-24 22:39:30	41.320039152	48.995609382	49.0062943	1	0	0	0	0
2024-08-24 22:39:40	41.034017952	48.829196431999996	49.0062943	1	0	0	0	0
2024-08-24 22:39:50	40.777428248	48.6809522	49.0062943	1	0	0	0	0
2024-08-24 22:40:00	41.227194448	48.9687572	49.0062943	1	0	0	0	0
2024-08-24 22:40:10	41.656799129999996	49.24181236	49.0062943	1	0	0	0	0
2024-08-24 22:40:20	41.60252738	49.16087136	49.0062943	1	0	0	0	0
2024-08-24 22:40:30	41.54179257	49.079250916	49.0062943	1	0	0	0	0
2024-08-24 22:40:40	41.32594432	48.981323816	49.0062943	1	0	0	0	0
2024-08-24 22:40:50	41.109935	48.884575124	49.0062943	1	0	0	0	0
2024-08-24 22:41:00	40.89006	48.816108224	49.0062943	1	0	0	0	0
2024-08-24 22:41:10	40.696968850000005	48.758705758	49.0062943	1	0	0	0	0
2024-08-24 22:41:20	41.1466901	48.966849708	49.0062943	1	0	0	0	0
2024-08-24 22:41:30	41.58488865	49.171777942	49.0062943	1	0	0	0	0
2024-08-24 22:41:40	41.7465424	49.299528992	49.0062943	1	0	0	0	0
2024-08-24 22:41:50	41.903973872	49.419358466	49.0062943	1	0	0	0	0
2024-08-24 22:42:00	41.960070672	49.349070116	49.0062943	1	0	0	0	0
2024-08-24 22:42:10	42.002255528	49.276655034	49.0062943	1	0	0	0	0
2024-08-24 22:42:20	41.710553728	49.153198384	49.0062943	1	0	0	0	0
2024-08-24 22:42:30	41.432583658	49.0350866	49.0062943	1	0	0	0	0
2024-08-24 22:42:40	41.484175108	49.0452516	49.0062943	1	0	0	0	0
2024-08-24 22:42:50	41.530193842	49.048760400000006	49.0062943	1	0	0	0	0
2024-08-24 22:43:00	41.442467392	48.8925204	49.0062943	1	0	0	0	0
2024-08-24 22:43:10	41.342750267999996	48.741051516	49.0062943	1	0	0	0	0
2024-08-24 22:43:20	40.955256968	48.704089416	49.0062943	1	0	0	0	0
2024-08-24 22:43:30	40.594553454	48.677083584	49.0062943	1	0	0	0	0
2024-08-24 22:43:40	40.876804804	48.889028184	49.0062943	1	0	0	0	0
2024-08-24 22:43:50	41.163932777999996	49.096346394	49.0062943	1	0	0	0	0
2024-08-24 22:44:00	41.568099728	49.192631244	49.0062943	1	0	0	0	0
2024-08-24 22:44:10	41.933661884	49.274855806	49.0062943	1	0	0	0	0
2024-08-24 22:44:20	41.372708984	49.019633456	49.0062943	1	0	0	0	0
2024-08-24 22:44:30	40.824570916	48.769718878	49.0062943	1	0	0	0	0
2024-08-24 22:44:40	40.583988815999994	48.647190828	49.0062943	1	0	0	0	0
2024-08-24 22:44:50	40.353613061999994	48.529635022	49.0062943	1	0	0	0	0
2024-08-24 22:45:00	40.368189611999995	48.531413072	49.0062943	1	0	0	0	0
2024-08-24 22:45:10	40.382121988	48.535205098	49.0062943	1	0	0	0	0
2024-08-24 22:45:20	40.380594188	48.587332548	49.0062943	1	0	0	0	0
2024-08-24 22:45:30	40.40507735	48.652008687999995	49.0062943	1	0	0	0	0
2024-08-24 22:45:40	41.0538236	49.017853388	49.0062943	1	0	0	0	0
2024-08-24 22:45:50	41.6876466	49.37158368	49.0062943	1	0	0	0	0
2024-08-24 22:46:00	41.9633116	49.43456818	49.0062943	1	0	0	0	0
2024-08-24 22:46:10	42.217803918	49.489577520000005	49.0062943	1	0	0	0	0
2024-08-24 22:46:20	41.964151868	49.35318302	49.0062943	1	0	0	0	0
2024-08-24 22:46:30	41.699992982	49.212258214	49.0062943	1	0	0	0	0
2024-08-24 22:46:40	41.183670032	48.962606064	49.0062943	1	0	0	0	0
2024-08-24 22:46:50	40.69592312	48.7292828	49.0062943	1	0	0	0	0
2024-08-24 22:47:00	40.89400112	48.887852800000005	49.0062943	1	0	0	0	0
2024-08-24 22:47:10	41.097967188	49.044390552	49.0062943	1	0	0	0	0
2024-08-24 22:47:20	41.443246888	49.152154352000004	49.0062943	1	0	0	0	0
2024-08-24 22:47:30	41.786279578	49.261247554	49.0062943	1	0	0	0	0
2024-08-24 22:47:40	42.075384027999995	49.402246404	49.0062943	1	0	0	0	0
2024-08-24 22:47:50	42.356889756	49.538557448000006	49.0062943	1	0	0	0	0
2024-08-24 22:48:00	42.456026156	49.562361148	49.0062943	1	0	0	0	0
2024-08-24 22:48:10	42.547316758	49.579449914	49.0062943	1	0	0	0	0
2024-08-24 22:48:20	42.450308208	49.435380264	49.0062943	1	0	0	0	0
2024-08-24 22:48:30	42.345661324	49.293219532	49.0062943	1	0	0	0	0
2024-08-24 22:48:40	42.057694424	49.196872832000004	49.0062943	1	0	0	0	0
2024-08-24 22:48:50	41.777344604	49.10247047	49.0062943	1	0	0	0	0
2024-08-24 22:49:00	41.679804704	49.05473222	49.0062943	1	0	0	0	0
2024-08-24 22:49:10	41.580040912	49.00675503	49.0062943	1	0	0	0	0
2024-08-24 22:49:20	41.426903712	48.95304328	49.0062943	1	0	0	0	0
2024-08-24 22:49:30	41.26699635999999	48.895101858	49.0062943	1	0	0	0	0
2024-08-24 22:49:40	40.94460536	48.735648308	49.0062943	1	0	0	0	0
2024-08-24 22:49:50	40.637526742	48.586025506000006	49.0062943	1	0	0	0	0
2024-08-24 22:50:00	40.697945292	48.672340656	49.0062943	1	0	0	0	0
2024-08-24 22:50:10	40.760853488	48.759326888	49.0062943	1	0	0	0	0
2024-08-24 22:50:20	40.883513188	48.862419088	49.0062943	1	0	0	0	0
2024-08-24 22:50:30	41.02191317	48.967851758	49.0062943	1	0	0	0	0
2024-08-24 22:50:40	41.53807992	49.129455708	49.0062943	1	0	0	0	0
2024-08-24 22:50:50	42.035558844	49.28521159	49.0062943	1	0	0	0	0
2024-08-24 22:51:00	42.084529943999996	49.30061384	49.0062943	1	0	0	0	0
2024-08-24 22:51:10	42.135693658	49.317766999999996	49.0062943	1	0	0	0	0
2024-08-24 22:51:20	42.239480108	49.376942	49.0062943	1	0	0	0	0
2024-08-24 22:51:30	42.320029712	49.4208848	49.0062943	1	0	0	0	0
2024-08-24 22:51:40	41.842895012	49.099254800000004	49.0062943	1	0	0	0	0
2024-08-24 22:51:50	41.408772932	48.80512629	49.0062943	1	0	0	0	0
2024-08-24 22:52:00	42.006953732	49.171033539999996	49.0062943	1	0	0	0	0
2024-08-24 22:52:10	42.582693154000005	49.519154476	49.0062943	1	0	0	0	0
2024-08-24 22:52:20	42.619839504000005	49.440403876	49.0062943	1	0	0	0	0
2024-08-24 22:52:30	42.64187028600001	49.360656724	49.0062943	1	0	0	0	0
2024-08-24 22:52:40	42.301127436	49.256992324	49.0062943	1	0	0	0	0
2024-08-24 22:52:50	41.955026414	49.146288664	49.0062943	1	0	0	0	0
2024-08-24 22:53:00	41.480329264	48.866642764	49.0062943	1	0	0	0	0
2024-08-24 22:53:10	41.014933264	48.597452846	49.0062943	1	0	0	0	0
2024-08-24 22:53:20	40.772764863999996	48.579206496	49.0062943	1	0	0	0	0
2024-08-24 22:53:30	40.5392794	48.559045678	49.0062943	1	0	0	0	0
2024-08-24 22:53:40	40.5141844	48.492937628	49.0062943	1	0	0	0	0
2024-08-24 22:53:50	40.499022262	48.434895348	49.0062943	1	0	0	0	0
2024-08-24 22:54:00	40.722248812000004	48.570431548	49.0062943	1	0	0	0	0
2024-08-24 22:54:10	40.93339597400001	48.70396442	49.0062943	1	0	0	0	0
2024-08-24 22:54:20	40.854637824	48.78941742	49.0062943	1	0	0	0	0
2024-08-24 22:54:30	40.77903	48.8714523	49.0062943	1	0	0	0	0
2024-08-24 22:54:40	40.77903	48.8714523	49.0062943	1	0	0	0	0
2024-08-24 22:54:50	41.22891	48.92079	49.0062943	1	0	0	0	0
2024-08-24 22:55:00	41.03855974489796	48.87310321428571	49.0062943	1	0	0	0	0
2024-08-24 22:55:10	40.85763263	48.825896136000004	49.0062943	1	0	0	0	0
2024-08-24 22:55:20	40.90286088	48.790202036000004	49.0062943	1	0	0	0	0
2024-08-24 22:55:30	40.940736358	48.752723724	49.0062943	1	0	0	0	0
2024-08-24 22:55:40	40.802145308	48.672424324	49.0062943	1	0	0	0	0
2024-08-24 22:55:50	40.676145858	48.601042962	49.0062943	1	0	0	0	0
2024-08-24 22:56:00	40.852344808	48.743694512	49.0062943	1	0	0	0	0
2024-08-24 22:56:10	41.023404084	48.8822328	49.0062943	1	0	0	0	0
2024-08-24 22:56:20	41.071111183999996	48.922052799999996	49.0062943	1	0	0	0	0
2024-08-24 22:56:30	41.106238518	48.955420256	49.0062943	1	0	0	0	0
2024-08-24 22:56:40	40.839451468	48.833926656	49.0062943	1	0	0	0	0
2024-08-24 22:56:50	40.591143382	48.722669944	49.0062943	1	0	0	0	0
2024-08-24 22:57:00	40.786330432	48.857098544	49.0062943	1	0	0	0	0
2024-08-24 22:57:10	40.97757266799999	48.986827086000005	49.0062943	1	0	0	0	0
2024-08-24 22:57:20	41.074139368	49.003754236	49.0062943	1	0	0	0	0
2024-08-24 22:57:30	41.17012343	49.018641308	49.0062943	1	0	0	0	0
2024-08-24 22:57:40	41.25212418	48.984566508	49.0062943	1	0	0	0	0
2024-08-24 22:57:50	41.33432726	48.955637888	49.0062943	1	0	0	0	0
2024-08-24 22:58:00	41.421386260000006	49.050217588	49.0062943	1	0	0	0	0
2024-08-24 22:58:10	41.498120706	49.137359544	49.0062943	1	0	0	0	0
2024-08-24 22:58:20	41.327065856000004	49.045995644	49.0062943	1	0	0	0	0
2024-08-24 22:58:30	41.162026250000004	48.958912672	49.0062943	1	0	0	0	0
2024-08-24 22:58:40	41.1413525	48.974571972	49.0062943	1	0	0	0	0
2024-08-24 22:58:50	41.135142186	48.99511752	49.0062943	1	0	0	0	0
2024-08-24 22:59:00	41.476054336000004	49.13293302	49.0062943	1	0	0	0	0
2024-08-24 22:59:10	41.8096742	49.268272704	49.0062943	1	0	0	0	0
2024-08-24 22:59:20	41.9682792	49.344192804	49.0062943	1	0	0	0	0
2024-08-24 22:59:30	42.109091114	49.410833654	49.0062943	1	0	0	0	0
2024-08-24 22:59:40	41.822868964	49.254772504	49.0062943	1	0	0	0	0
2024-08-24 22:59:50	41.550256585999996	49.107193323999994	49.0062943	1	0	0	0	0
2024-08-24 23:00:00	41.604278736	49.163181423999994	49.0062943	1	0	0	0	0
2024-08-24 23:00:10	41.665748142	49.2204322	49.0062943	1	0	0	0	0
2024-08-24 23:00:20	41.905951692	49.3079872	49.0062943	1	0	0	0	0
2024-08-24 23:00:30	42.128897030000005	49.38859686	49.0062943	1	0	0	0	0
2024-08-24 23:00:40	41.937645280000005	49.30251836	49.0062943	1	0	0	0	0
2024-08-24 23:00:50	41.749391194000005	49.216395222	49.0062943	1	0	0	0	0
2024-08-24 23:01:00	41.633081044	49.129200772000004	49.0062943	1	0	0	0	0
2024-08-24 23:01:10	41.501448782000004	49.036192618	49.0062943	1	0	0	0	0
2024-08-24 23:01:20	41.002085832	48.803655567999996	49.0062943	1	0	0	0	0
2024-08-24 23:01:30	40.521250452	48.5793568	49.0062943	1	0	0	0	0
2024-08-24 23:01:40	40.485076752	48.5527768	49.0062943	1	0	0	0	0
2024-08-24 23:01:50	40.460945738	48.5342822	49.0062943	1	0	0	0	0
2024-08-24 23:02:00	40.725839188	48.709837199999996	49.0062943	1	0	0	0	0
2024-08-24 23:02:10	40.98264637254902	48.88245259215686	49.0062943	1	0	0	0	0
2024-08-24 23:02:20	41.045383186274506	48.98451739607843	49.0062943	1	0	0	0	0
2024-08-24 23:02:30	41.10812	49.0865822	49.0062943	1	0	0	0	0
2024-08-24 23:02:40	41.497805522388056	49.19662588159204	49.0062943	1	0	0	0	0
2024-08-24 23:02:50	41.88749104477612	49.30666956318408	49.0062943	1	0	0	0	0
2024-08-24 23:03:00	41.64918130307692	49.122025692307695	49.0062943	1	0	0	0	0
2024-08-24 23:03:10	41.420200414	48.9464114	49.0062943	1	0	0	0	0
2024-08-24 23:03:20	41.567353264000005	49.0589464	49.0062943	1	0	0	0	0
2024-08-24 23:03:30	41.7083324	49.165900400000005	49.0062943	1	0	0	0	0
2024-08-24 23:03:40	41.7011424	49.1389104	49.0062943	1	0	0	0	0
2024-08-24 23:03:50	41.697426504	49.1153424	49.0062943	1	0	0	0	0
2024-08-24 23:04:00	41.777089104	49.1739024	49.0062943	1	0	0	0	0
2024-08-24 23:04:10	41.844759964	49.2232986	49.0062943	1	0	0	0	0
2024-08-24 23:04:20	41.624629064	49.0527636	49.0062943	1	0	0	0	0
2024-08-24 23:04:30	41.394335655999996	48.881857073999996	49.0062943	1	0	0	0	0
2024-08-24 23:04:40	40.920142055999996	48.702033924	49.0062943	1	0	0	0	0
2024-08-24 23:04:50	40.457290774	48.527052702000006	49.0062943	1	0	0	0	0
2024-08-24 23:05:00	40.266655124	48.468277752000006	49.0062943	1	0	0	0	0
2024-08-24 23:05:10	40.0846503	48.413941124000004	49.0062943	1	0	0	0	0
2024-08-24 23:05:20	40.1097853	48.466124224	49.0062943	1	0	0	0	0
2024-08-24 23:05:30	40.153496886	48.530185599999996	49.0062943	1	0	0	0	0
2024-08-24 23:05:40	40.643046536	48.8793256	49.0062943	1	0	0	0	0
2024-08-24 23:05:50	41.138198602	49.221726600000004	49.0062943	1	0	0	0	0
2024-08-24 23:06:00	41.767808652	49.4023916	49.0062943	1	0	0	0	0
2024-08-24 23:06:10	42.371508136	49.573656662000005	49.0062943	1	0	0	0	0
2024-08-24 23:06:20	42.353354036	49.519323212	49.0062943	1	0	0	0	0
2024-08-24 23:06:30	42.335442778	49.4678589	49.0062943	1	0	0	0	0
2024-08-24 23:06:40	42.323359728	49.485253900000004	49.0062943	1	0	0	0	0
2024-08-24 23:06:50	42.307321064	49.498162038000004	49.0062943	1	0	0	0	0
2024-08-24 23:07:00	42.196347664	49.403385488	49.0062943	1	0	0	0	0
2024-08-24 23:07:10	42.097232136	49.316049308	49.0062943	1	0	0	0	0
2024-08-24 23:07:20	42.282705536	49.407282008	49.0062943	1	0	0	0	0
2024-08-24 23:07:30	42.453148	49.487943492	49.0062943	1	0	0	0	0
2024-08-24 23:07:40	42.262848	49.314895792	49.0062943	1	0	0	0	0
2024-08-24 23:07:50	42.068050131999996	49.145148999999996	49.0062943	1	0	0	0	0
2024-08-24 23:08:00	41.765303431999996	49.054624	49.0062943	1	0	0	0	0
2024-08-24 23:08:10	41.474788868	48.9714862	49.0062943	1	0	0	0	0
2024-08-24 23:08:20	41.477845568	49.0656412	49.0062943	1	0	0	0	0
2024-08-24 23:08:30	41.488406298	49.156686560000004	49.0062943	1	0	0	0	0
2024-08-24 23:08:40	41.679063748000004	49.17310056	49.0062943	1	0	0	0	0
2024-08-24 23:08:50	41.877432602	49.195211840000006	49.0062943	1	0	0	0	0
2024-08-24 23:09:00	42.260875152	49.35405784	49.0062943	1	0	0	0	0
2024-08-24 23:09:10	42.6106268	49.496512687999996	49.0062943	1	0	0	0	0
2024-08-24 23:09:20	42.1517968	49.245579888	49.0062943	1	0	0	0	0
2024-08-24 23:09:30	41.6994062	48.998066512	49.0062943	1	0	0	0	0
2024-08-24 23:09:40	41.4015612	48.832619312	49.0062943	1	0	0	0	0
2024-08-24 23:09:50	41.10782004	48.671234686	49.0062943	1	0	0	0	0
2024-08-24 23:10:00	40.91257104	48.607351836	49.0062943	1	0	0	0	0
2024-08-24 23:10:10	40.718326046	48.547213614	49.0062943	1	0	0	0	0
2024-08-24 23:10:20	40.548177196000005	48.576946464	49.0062943	1	0	0	0	0
2024-08-24 23:10:30	40.385320674	48.60325172	49.0062943	1	0	0	0	0
2024-08-24 23:10:40	40.397480024000004	48.547294720000004	49.0062943	1	0	0	0	0
2024-08-24 23:10:50	40.41012574705883	48.4954494117647	49.0062943	1	0	0	0	0
2024-08-24 23:11:00	40.43444442352941	48.54228470588235	49.0062943	1	0	0	0	0
2024-08-24 23:11:10	40.4587631	48.58912	49.0062943	1	0	0	0	0
2024-08-24 23:11:20	40.76399111020408	48.75588790816327	49.0062943	1	0	0	0	0
2024-08-24 23:11:30	41.081642599999995	48.926343798	49.0062943	1	0	0	0	0
2024-08-24 23:11:40	41.6974576	49.185311248	49.0062943	1	0	0	0	0
2024-08-24 23:11:50	42.28395705882353	49.43203385490196	49.0062943	1	0	0	0	0
2024-08-24 23:12:00	42.16688352941176	49.384880227450985	49.0062943	1	0	0	0	0
2024-08-24 23:12:10	42.04981	49.3377266	49.0062943	1	0	0	0	0
2024-08-24 23:12:20	41.90619269035533	49.251829848730964	49.0062943	1	0	0	0	0
2024-08-24 23:12:30	41.7621996201005	49.16629054271357	49.0062943	1	0	0	0	0
2024-08-24 23:12:40	41.60605695678392	49.09230863316583	49.0062943	1	0	0	0	0
2024-08-24 23:12:50	41.457466868	49.024495152	49.0062943	1	0	0	0	0
2024-08-24 23:13:00	41.490138568	49.104723952	49.0062943	1	0	0	0	0
2024-08-24 23:13:10	41.530025054	49.182597128	49.0062943	1	0	0	0	0
2024-08-24 23:13:20	41.743066404000004	49.203935328	49.0062943	1	0	0	0	0
2024-08-24 23:13:30	41.931745578000005	49.216726	49.0062943	1	0	0	0	0
2024-08-24 23:13:40	41.535732528000004	49.024376000000004	49.0062943	1	0	0	0	0
2024-08-24 23:13:50	41.158254400000004	48.841459536	49.0062943	1	0	0	0	0
2024-08-24 23:14:00	41.225614400000005	48.884947936	49.0062943	1	0	0	0	0
2024-08-24 23:14:10	41.2927302	48.929022010000004	49.0062943	1	0	0	0	0
2024-08-24 23:14:20	41.353985200000004	48.98715226	49.0062943	1	0	0	0	0
2024-08-24 23:14:30	41.415804724000004	49.043004554	49.0062943	1	0	0	0	0
2024-08-24 23:14:40	41.491172824	49.044185903999995	49.0062943	1	0	0	0	0
2024-08-24 23:14:50	41.5703664	49.046615549019606	49.0062943	1	0	0	0	0
2024-08-24 23:15:00	41.7413714	49.0790042745098	49.0062943	1	0	0	0	0
2024-08-24 23:15:10	41.9123764	49.111393	49.0062943	1	0	0	0	0
2024-08-24 23:15:20	41.556130379591835	48.991123	49.0062943	1	0	0	0	0
2024-08-24 23:15:30	41.23119841	48.886115323999995	49.0062943	1	0	0	0	0
2024-08-24 23:15:40	41.65780366	49.147403424	49.0062943	1	0	0	0	0
2024-08-24 23:15:50	42.075861316	49.399153756000004	49.0062943	1	0	0	0	0
2024-08-24 23:16:00	42.288776716	49.421997656	49.0062943	1	0	0	0	0
2024-08-24 23:16:10	42.489696114	49.43872997	49.0062943	1	0	0	0	0
2024-08-24 23:16:20	42.402711464	49.30878422	49.0062943	1	0	0	0	0
2024-08-24 23:16:30	42.300601006	49.179141126000005	49.0062943	1	0	0	0	0
2024-08-24 23:16:40	41.835471156000004	49.056761776	49.0062943	1	0	0	0	0
2024-08-24 23:16:50	41.393745370000005	48.941580304	49.0062943	1	0	0	0	0
2024-08-24 23:17:00	41.51371712	48.999147904	49.0062943	1	0	0	0	0
2024-08-24 23:17:10	41.62830906926829	49.05213484878049	49.0062943	1	0	0	0	0
2024-08-24 23:17:20	41.61378580097561	48.99518606829268	49.0062943	1	0	0	0	0
2024-08-24 23:17:30	41.59926253268293	48.93823728780488	49.0062943	1	0	0	0	0
2024-08-24 23:17:40	41.42482079384615	48.90581503230769	49.0062943	1	0	0	0	0
2024-08-24 23:17:50	41.28093348	48.886605509999995	49.0062943	1	0	0	0	0
2024-08-24 23:18:00	41.90912048	49.178555759999995	49.0062943	1	0	0	0	0
2024-08-24 23:18:10	42.497793104	49.446354701999994	49.0062943	1	0	0	0	0
2024-08-24 23:18:20	42.138120704	49.134522252	49.0062943	1	0	0	0	0
2024-08-24 23:18:30	41.76595219	48.828236374	49.0062943	1	0	0	0	0
2024-08-24 23:18:40	41.09387694	48.655068224	49.0062943	1	0	0	0	0
2024-08-24 23:18:50	40.456206292000005	48.493493013999995	49.0062943	1	0	0	0	0
2024-08-24 23:19:00	40.644246092	48.610148364	49.0062943	1	0	0	0	0
2024-08-24 23:19:10	40.810266014	48.713811750000005	49.0062943	1	0	0	0	0
2024-08-24 23:19:20	40.447808864	48.505668	49.0062943	1	0	0	0	0
2024-08-24 23:19:30	40.095276858000005	48.30506648	49.0062943	1	0	0	0	0
2024-08-24 23:19:40	39.980948308	48.28547848	49.0062943	1	0	0	0	0
2024-08-24 23:19:50	39.886408042	48.275990408	49.0062943	1	0	0	0	0
2024-08-24 23:20:00	40.266786592	48.508900608	49.0062943	1	0	0	0	0
2024-08-24 23:20:10	40.652243892	48.743705112	49.0062943	1	0	0	0	0
2024-08-24 23:20:20	41.159591192	49.023972912	49.0062943	1	0	0	0	0
2024-08-24 23:20:30	41.648001308000005	49.2907956	49.0062943	1	0	0	0	0
2024-08-24 23:20:40	41.681919008	49.2349356	49.0062943	1	0	0	0	0
2024-08-24 23:20:50	41.717572526000005	49.1812672	49.0062943	1	0	0	0	0
2024-08-24 23:21:00	41.794885676	49.1801972	49.0062943	1	0	0	0	0
2024-08-24 23:21:10	41.867074286	49.17944364	49.0062943	1	0	0	0	0
2024-08-24 23:21:20	41.816273936	49.186284640000004	49.0062943	1	0	0	0	0
2024-08-24 23:21:30	41.774292688	49.19822546	49.0062943	1	0	0	0	0
2024-08-24 23:21:40	41.943969888	49.33256196	49.0062943	1	0	0	0	0
2024-08-24 23:21:50	42.123995642	49.4673101	49.0062943	1	0	0	0	0
2024-08-24 23:22:00	42.552386692	49.6119376	49.0062943	1	0	0	0	0
2024-08-24 23:22:10	42.928274258	49.727278147999996	49.0062943	1	0	0	0	0
2024-08-24 23:22:20	42.044078208	49.139731848	49.0062943	1	0	0	0	0
2024-08-24 23:22:30	41.19791284	48.583236652	49.0062943	1	0	0	0	0
2024-08-24 23:22:40	41.264483840000004	48.771967952	49.0062943	1	0	0	0	0
2024-08-24 23:22:50	41.34238721	48.958419886	49.0062943	1	0	0	0	0
2024-08-24 23:23:00	41.69226746	49.090167036	49.0062943	1	0	0	0	0
2024-08-24 23:23:10	42.02105065	49.213330702	49.0062943	1	0	0	0	0
2024-08-24 23:23:20	41.8435044	49.130490752	49.0062943	1	0	0	0	0
2024-08-24 23:23:30	41.66783435	49.049973646	49.0062943	1	0	0	0	0
2024-08-24 23:23:40	41.537193099999996	49.025204796000004	49.0062943	1	0	0	0	0
2024-08-24 23:23:50	41.415803684	49.000906966	49.0062943	1	0	0	0	0
2024-08-24 23:24:00	41.516458283999995	48.987913616	49.0062943	1	0	0	0	0
2024-08-24 23:24:10	41.607342681999995	48.9733972	49.0062943	1	0	0	0	0
2024-08-24 23:24:20	41.463742232	48.9223272	49.0062943	1	0	0	0	0
2024-08-24 23:24:30	41.3258858	48.8733	49.0062943	1	0	0	0	0
2024-08-24 23:24:40	41.3258858	48.8733	49.0062943	1	0	0	0	0
2024-08-24 23:24:50	41.40793905333334	49.008572013333335	49.0062943	1	0	0	0	0
2024-08-24 23:25:00	41.8627559123077	49.22115896615385	49.0062943	1	0	0	0	0
2024-08-24 23:25:10	42.293581558	49.414522764	49.0062943	1	0	0	0	0
2024-08-24 23:25:20	42.180443008	49.329231864	49.0062943	1	0	0	0	0
2024-08-24 23:25:30	42.07263133	49.248450852	49.0062943	1	0	0	0	0
2024-08-24 23:25:40	42.09266458	49.275907152	49.0062943	1	0	0	0	0
2024-08-24 23:25:50	42.11886992	49.304461168	49.0062943	1	0	0	0	0
2024-08-24 23:26:00	42.29320542	49.359360368000004	49.0062943	1	0	0	0	0
2024-08-24 23:26:10	42.452650350000006	49.407266528	49.0062943	1	0	0	0	0
2024-08-24 23:26:20	42.2547216	49.287339728	49.0062943	1	0	0	0	0
2024-08-24 23:26:30	42.063195199999996	49.171342856	49.0062943	1	0	0	0	0
2024-08-24 23:26:40	42.0253252	49.149664256	49.0062943	1	0	0	0	0
2024-08-24 23:26:50	41.986241916000004	49.125310016	49.0062943	1	0	0	0	0
2024-08-24 23:27:00	41.918039816000004	49.036740416	49.0062943	1	0	0	0	0
2024-08-24 23:27:10	41.835956084	48.945799598	49.0062943	1	0	0	0	0
2024-08-24 23:27:20	41.420713184	48.797949548	49.0062943	1	0	0	0	0
2024-08-24 23:27:30	41.028132464	48.65978663	49.0062943	1	0	0	0	0
2024-08-24 23:27:40	41.179444064	48.75411488	49.0062943	1	0	0	0	0
2024-08-24 23:27:50	41.317523024	48.840447652	49.0062943	1	0	0	0	0
2024-08-24 23:28:00	41.138018624	48.734888952	49.0062943	1	0	0	0	0
2024-08-24 23:28:10	40.956721712	48.629175148	49.0062943	1	0	0	0	0
2024-08-24 23:28:20	40.732404512	48.519738847999996	49.0062943	1	0	0	0	0
2024-08-24 23:28:30	40.521593144	48.418474599999996	49.0062943	1	0	0	0	0
2024-08-24 23:28:40	40.634921744	48.5133396	49.0062943	1	0	0	0	0
2024-08-24 23:28:50	40.754947363999996	48.612063088	49.0062943	1	0	0	0	0
2024-08-24 23:29:00	41.035701464	48.803390288	49.0062943	1	0	0	0	0
2024-08-24 23:29:10	41.311506091999995	48.987831312000004	49.0062943	1	0	0	0	0
2024-08-24 23:29:20	41.468523391999994	49.007004112000004	49.0062943	1	0	0	0	0
2024-08-24 23:29:30	41.620396199999995	49.0264808	49.0062943	1	0	0	0	0
2024-08-24 23:29:40	41.6488012	49.0532508	49.0062943	1	0	0	0	0
2024-08-24 23:29:50	41.681055756000006	49.0805862	49.0062943	1	0	0	0	0
2024-08-24 23:30:00	41.805699656	49.1214912	49.0062943	1	0	0	0	0
2024-08-24 23:30:10	41.923061886	49.162417160000004	49.0062943	1	0	0	0	0
2024-08-24 23:30:20	41.865664036	49.20384616	49.0062943	1	0	0	0	0
2024-08-24 23:30:30	41.828386349999995	49.250262746	49.0062943	1	0	0	0	0
2024-08-24 23:30:40	42.2739926	49.416381396	49.0062943	1	0	0	0	0
2024-08-24 23:30:50	42.696920508	49.573253676	49.0062943	1	0	0	0	0
2024-08-24 23:31:00	42.575568208	49.508213076000004	49.0062943	1	0	0	0	0
2024-08-24 23:31:10	42.449190357999996	49.439364112	49.0062943	1	0	0	0	0
2024-08-24 23:31:20	42.202199308	49.279114412	49.0062943	1	0	0	0	0
2024-08-24 23:31:30	41.953769388	49.119258691999995	49.0062943	1	0	0	0	0
2024-08-24 23:31:40	41.670806588	48.968858491999995	49.0062943	1	0	0	0	0
2024-08-24 23:31:50	41.405784654	48.827496304	49.0062943	1	0	0	0	0
2024-08-24 23:32:00	41.571343504	48.903046404	49.0062943	1	0	0	0	0
2024-08-24 23:32:10	41.719605522	48.96809101	49.0062943	1	0	0	0	0
2024-08-24 23:32:20	41.452743572	48.78100376	49.0062943	1	0	0	0	0
2024-08-24 23:32:30	41.18442872	48.5989004	49.0062943	1	0	0	0	0
2024-08-24 23:32:40	40.88124422	48.5364104	49.0062943	1	0	0	0	0
2024-08-24 23:32:50	40.593916652000004	48.479783294	49.0062943	1	0	0	0	0
2024-08-24 23:33:00	40.687155452	48.563865644	49.0062943	1	0	0	0	0
2024-08-24 23:33:10	40.775960966	48.644678312	49.0062943	1	0	0	0	0
2024-08-24 23:33:20	40.758367616	48.647018612000004	49.0062943	1	0	0	0	0
2024-08-24 23:33:30	40.746678958000004	48.650897994000005	49.0062943	1	0	0	0	0
2024-08-24 23:33:40	40.876702908	48.691715344	49.0062943	1	0	0	0	0
2024-08-24 23:33:50	40.993696381999996	48.7289648	49.0062943	1	0	0	0	0
2024-08-24 23:34:00	40.797958432	48.6805848	49.0062943	1	0	0	0	0
2024-08-24 23:34:10	40.634917200000004	48.64747435	49.0062943	1	0	0	0	0
2024-08-24 23:34:20	41.2565972	48.9808331	49.0062943	1	0	0	0	0
2024-08-24 23:34:30	41.841432741999995	49.293012499999996	49.0062943	1	0	0	0	0
2024-08-24 23:34:40	41.542001292	49.0968875	49.0062943	1	0	0	0	0
2024-08-24 23:34:50	41.253691998	48.913693026000004	49.0062943	1	0	0	0	0
2024-08-24 23:35:00	41.232314448000004	49.040831176000005	49.0062943	1	0	0	0	0
2024-08-24 23:35:10	41.246778114	49.17336323	49.0062943	1	0	0	0	0
2024-08-24 23:35:20	42.121430964000005	49.43534898	49.0062943	1	0	0	0	0
2024-08-24 23:35:30	42.946267606000006	49.678551848	49.0062943	1	0	0	0	0
2024-08-24 23:35:40	42.575515256	49.470965547999995	49.0062943	1	0	0	0	0
2024-08-24 23:35:50	42.218762084000005	49.271288489999996	49.0062943	1	0	0	0	0
2024-08-24 23:36:00	42.197989184	49.261433239999995	49.0062943	1	0	0	0	0
2024-08-24 23:36:10	42.175980256	49.252936479999995	49.0062943	1	0	0	0	0
2024-08-24 23:36:20	42.124306656	49.277043479999996	49.0062943	1	0	0	0	0
2024-08-24 23:36:30	42.062056936	49.292855676	49.0062943	1	0	0	0	0
2024-08-24 23:36:40	41.745980336	49.109592576000004	49.0062943	1	0	0	0	0
2024-08-24 23:36:50	41.435171618000005	48.931180342000005	49.0062943	1	0	0	0	0
2024-08-24 23:37:00	41.250792068	48.869188892000004	49.0062943	1	0	0	0	0
2024-08-24 23:37:10	41.07253068	48.80899282	49.0062943	1	0	0	0	0
2024-08-24 23:37:20	41.04110518	48.791885820000005	49.0062943	1	0	0	0	0
2024-08-24 23:37:30	41.009577366	48.773161082	49.0062943	1	0	0	0	0
2024-08-24 23:37:40	40.975594016	48.715610632	49.0062943	1	0	0	0	0
2024-08-24 23:37:50	40.963647954	48.673232956	49.0062943	1	0	0	0	0
2024-08-24 23:38:00	41.480596804	48.995001856	49.0062943	1	0	0	0	0
2024-08-24 23:38:10	41.974655745999996	49.301844064	49.0062943	1	0	0	0	0
2024-08-24 23:38:20	41.919356896	49.250445664	49.0062943	1	0	0	0	0
2024-08-24 23:38:30	41.859329274	49.196275336	49.0062943	1	0	0	0	0
2024-08-24 23:38:40	41.685811124	49.075578736	49.0062943	1	0	0	0	0
2024-08-24 23:38:50	41.50812431	48.954112144	49.0062943	1	0	0	0	0
2024-08-24 23:39:00	41.23038956	48.814165744	49.0062943	1	0	0	0	0
2024-08-24 23:39:10	40.959691116	48.679323578	49.0062943	1	0	0	0	0
2024-08-24 23:39:20	40.857864016	48.666983028000004	49.0062943	1	0	0	0	0
2024-08-24 23:39:30	40.762184	48.656650306	49.0062943	1	0	0	0	0
2024-08-24 23:39:40	40.814034	48.694505456	49.0062943	1	0	0	0	0
2024-08-24 23:39:50	40.8768014	48.735863414	49.0062943	1	0	0	0	0
2024-08-24 23:40:00	41.2015864	48.861288764	49.0062943	1	0	0	0	0
2024-08-24 23:40:10	41.501244648	48.9751626	49.0062943	1	0	0	0	0
2024-08-24 23:40:20	41.197860848	48.8118001	49.0062943	1	0	0	0	0
2024-08-24 23:40:30	40.913666844	48.660480658000004	49.0062943	1	0	0	0	0
2024-08-24 23:40:40	41.090027944	48.798194608	49.0062943	1	0	0	0	0
2024-08-24 23:40:50	41.257822606000005	48.9301442	49.0062943	1	0	0	0	0
2024-08-24 23:41:00	41.220022756	48.9237492	49.0062943	1	0	0	0	0
2024-08-24 23:41:10	41.18082665	48.915890644	49.0062943	1	0	0	0	0
2024-08-24 23:41:20	41.1081204	48.872906744	49.0062943	1	0	0	0	0
2024-08-24 23:41:30	41.04090701	48.835117235999995	49.0062943	1	0	0	0	0
2024-08-24 23:41:40	41.10552226	48.921993136	49.0062943	1	0	0	0	0
2024-08-24 23:41:50	41.175697641999996	49.007688846	49.0062943	1	0	0	0	0
2024-08-24 23:42:00	41.379316192	49.065059996	49.0062943	1	0	0	0	0
2024-08-24 23:42:10	41.57855749	49.120236626	49.0062943	1	0	0	0	0
2024-08-24 23:42:20	41.67274474	49.122744776	49.0062943	1	0	0	0	0
2024-08-24 23:42:30	41.770347728000004	49.130271848	49.0062943	1	0	0	0	0
2024-08-24 23:42:40	41.949928428	49.258253048	49.0062943	1	0	0	0	0
2024-08-24 23:42:50	42.117061542	49.376675988	49.0062943	1	0	0	0	0
2024-08-24 23:43:00	41.985452592	49.265700688	49.0062943	1	0	0	0	0
2024-08-24 23:43:10	41.85965312	49.160122194	49.0062943	1	0	0	0	0
2024-08-24 23:43:20	41.87328112	49.184067044	49.0062943	1	0	0	0	0
2024-08-24 23:43:30	41.878794802	49.208435098	49.0062943	1	0	0	0	0
2024-08-24 23:43:40	41.689564852	49.242960048	49.0062943	1	0	0	0	0
2024-08-24 23:43:50	41.525835541999996	49.279326319999996	49.0062943	1	0	0	0	0
2024-08-24 23:44:00	41.974121591999996	49.35988432	49.0062943	1	0	0	0	0
2024-08-24 23:44:10	42.389810214	49.4297004	49.0062943	1	0	0	0	0
2024-08-24 23:44:20	42.023160564	49.2417104	49.0062943	1	0	0	0	0
2024-08-24 23:44:30	41.678147116	49.06460985	49.0062943	1	0	0	0	0
2024-08-24 23:44:40	41.852402516	49.148856099999996	49.0062943	1	0	0	0	0
2024-08-24 23:44:50	42.007195482	49.221793809999994	49.0062943	1	0	0	0	0
2024-08-24 23:45:00	41.694890031999996	49.023326559999994	49.0062943	1	0	0	0	0
2024-08-24 23:45:10	41.370746736	48.823541483999996	49.0062943	1	0	0	0	0
2024-08-24 23:45:20	40.762495136	48.592128584	49.0062943	1	0	0	0	0
2024-08-24 23:45:30	40.188714668	48.377468756	49.0062943	1	0	0	0	0
2024-08-24 23:45:40	40.442241368	48.564882656	49.0062943	1	0	0	0	0
2024-08-24 23:45:50	40.699067551999995	48.75055906	49.0062943	1	0	0	0	0
2024-08-24 23:46:00	41.035081352	48.89453556	49.0062943	1	0	0	0	0
2024-08-24 23:46:10	41.372740353999994	49.040161448	49.0062943	1	0	0	0	0
2024-08-24 23:46:20	41.749884204	49.225372648000004	49.0062943	1	0	0	0	0
2024-08-24 23:46:30	42.108230454	49.398291442	49.0062943	1	0	0	0	0
2024-08-24 23:46:40	42.015434304	49.276192492	49.0062943	1	0	0	0	0
2024-08-24 23:46:50	41.9244524	49.159542609999995	49.0062943	1	0	0	0	0
2024-08-24 23:47:00	41.8770124	49.173670359999996	49.0062943	1	0	0	0	0
2024-08-24 23:47:10	41.8389134	49.189597806	49.0062943	1	0	0	0	0
2024-08-24 23:47:20	42.0249984	49.248717956	49.0062943	1	0	0	0	0
2024-08-24 23:47:30	42.190074326	49.298730976	49.0062943	1	0	0	0	0
2024-08-24 23:47:40	41.850932476	49.130172876	49.0062943	1	0	0	0	0
2024-08-24 23:47:50	41.515039574	48.963605894	49.0062943	1	0	0	0	0
2024-08-24 23:48:00	41.257121424	48.844825744	49.0062943	1	0	0	0	0
2024-08-24 23:48:10	41.014585000000004	48.733878618	49.0062943	1	0	0	0	0
2024-08-24 23:48:20	41.14121	48.810924068	49.0062943	1	0	0	0	0
2024-08-24 23:48:30	41.261833066	48.884276052	49.0062943	1	0	0	0	0
2024-08-24 23:48:40	41.238409716	48.868984852	49.0062943	1	0	0	0	0
2024-08-24 23:48:50	41.24184188	48.867993882	49.0062943	1	0	0	0	0
2024-08-24 23:49:00	41.88980638	49.210208432	49.0062943	1	0	0	0	0
2024-08-24 23:49:10	42.492303654000004	49.526932262	49.0062943	1	0	0	0	0
2024-08-24 23:49:20	42.003587504	49.231878812000005	49.0062943	1	0	0	0	0
2024-08-24 23:49:30	41.529097506	48.951340206	49.0062943	1	0	0	0	0
2024-08-24 23:49:40	41.396035155999996	49.019157856	49.0062943	1	0	0	0	0
2024-08-24 23:49:50	41.277854474	49.085128432	49.0062943	1	0	0	0	0
2024-08-24 23:50:00	41.516833824	49.106769232	49.0062943	1	0	0	0	0
2024-08-24 23:50:10	41.74413452	49.123247912	49.0062943	1	0	0	0	0
2024-08-24 23:50:20	41.69114752	49.015835712	49.0062943	1	0	0	0	0
2024-08-24 23:50:30	41.64261707	48.9165756	49.0062943	1	0	0	0	0
2024-08-24 23:50:40	41.70104382	49.0129656	49.0062943	1	0	0	0	0
2024-08-24 23:50:50	41.75310968	49.1022186	49.0062943	1	0	0	0	0
2024-08-24 23:51:00	41.652514180000004	49.020183599999996	49.0062943	1	0	0	0	0
2024-08-24 23:51:10	41.54528005	48.936741948	49.0062943	1	0	0	0	0
2024-08-24 23:51:20	41.2787188	48.819540648	49.0062943	1	0	0	0	0
2024-08-24 23:51:30	41.009973540000004	48.701762202	49.0062943	1	0	0	0	0
2024-08-24 23:51:40	40.68881204	48.570132252	49.0062943	1	0	0	0	0
2024-08-24 23:51:50	40.387851508	48.44857791	49.0062943	1	0	0	0	0
2024-08-24 23:52:00	40.571714208	48.56883816	49.0062943	1	0	0	0	0
2024-08-24 23:52:10	40.757650500000004	48.689938558	49.0062943	1	0	0	0	0
2024-08-24 23:52:20	40.993353	48.831202508000004	49.0062943	1	0	0	0	0
2024-08-24 23:52:30	41.228689136	48.970272932	49.0062943	1	0	0	0	0
2024-08-24 23:52:40	41.455232536000004	49.056698732	49.0062943	1	0	0	0	0
2024-08-24 23:52:50	41.664092516000004	49.13568875	49.0062943	1	0	0	0	0
2024-08-24 23:53:00	41.448550416	49.03622	49.0062943	1	0	0	0	0
2024-08-24 23:53:10	41.244489356	48.9427868	49.0062943	1	0	0	0	0
2024-08-24 23:53:20	41.315973256	48.9942068	49.0062943	1	0	0	0	0
2024-08-24 23:53:30	41.383367942	49.044825200000005	49.0062943	1	0	0	0	0
2024-08-24 23:53:40	41.352621492	49.076205200000004	49.0062943	1	0	0	0	0
2024-08-24 23:53:50	41.314253658	49.09819487	49.0062943	1	0	0	0	0
2024-08-24 23:54:00	41.092972608	48.89481662	49.0062943	1	0	0	0	0
2024-08-24 23:54:10	40.880656096	48.705607512	49.0062943	1	0	0	0	0
2024-08-24 23:54:20	40.883488496	48.856457812	49.0062943	1	0	0	0	0
2024-08-24 23:54:30	40.8862076	49.0012741	49.0062943	1	0	0	0	0
2024-08-24 23:54:40	40.8862076	49.0012741	49.0062943	1	0	0	0	0
2024-08-24 23:54:50	41.89717	49.2531128	49.0062943	1	0	0	0	0
2024-08-24 23:55:00	42.13450673469388	49.31681825918367	49.0062943	1	0	0	0	0
2024-08-24 23:55:10	42.358396686	49.37675639	49.0062943	1	0	0	0	0
2024-08-24 23:55:20	42.259563836	49.34627864	49.0062943	1	0	0	0	0
2024-08-24 23:55:30	42.158298726	49.313833439999996	49.0062943	1	0	0	0	0
2024-08-24 23:55:40	41.998659376	49.234169439999995	49.0062943	1	0	0	0	0
2024-08-24 23:55:50	41.858223888	49.16379816	49.0062943	1	0	0	0	0
2024-08-24 23:56:00	42.178681088	49.31645216	49.0062943	1	0	0	0	0
2024-08-24 23:56:10	42.482708864	49.461526400000004	49.0062943	1	0	0	0	0
2024-08-24 23:56:20	42.392430464	49.4246864	49.0062943	1	0	0	0	0
2024-08-24 23:56:30	42.310984454	49.3913516	49.0062943	1	0	0	0	0
2024-08-24 23:56:40	42.441515804	49.4421416	49.0062943	1	0	0	0	0
2024-08-24 23:56:50	42.579209704	49.4949104	49.0062943	1	0	0	0	0
2024-08-24 23:57:00	42.888804804	49.5951704	49.0062943	1	0	0	0	0
2024-08-24 23:57:10	43.173349978000005	49.684544726	49.0062943	1	0	0	0	0
2024-08-24 23:57:20	42.856696928	49.512662876	49.0062943	1	0	0	0	0
2024-08-24 23:57:30	42.55528106	49.348766174	49.0062943	1	0	0	0	0
2024-08-24 23:57:40	42.61955756	49.376513024	49.0062943	1	0	0	0	0
2024-08-24 23:57:50	42.66682025	49.395397515999996	49.0062943	1	0	0	0	0
2024-08-24 23:58:00	42.3057515	49.201585416	49.0062943	1	0	0	0	0
2024-08-24 23:58:10	41.94491347832512	49.00671764630542	49.0062943	1	0	0	0	0
2024-08-24 23:58:20	41.5896129364532	48.786513803940885	49.0062943	1	0	0	0	0
2024-08-24 23:58:30	41.24093017055837	48.57073987969543	49.0062943	1	0	0	0	0
2024-08-24 23:58:40	41.54740722639594	48.79352784923858	49.0062943	1	0	0	0	0
2024-08-24 23:58:50	41.860389772000005	49.015292102	49.0062943	1	0	0	0	0
2024-08-24 23:59:00	42.329504072	49.212487152	49.0062943	1	0	0	0	0
2024-08-24 23:59:10	42.761915644	49.393686644	49.0062943	1	0	0	0	0
2024-08-24 23:59:20	42.313461743999994	49.190992744	49.0062943	1	0	0	0	0
2024-08-24 23:59:30	41.88258768	48.994826668	49.0062943	1	0	0	0	0
2024-08-24 23:59:40	41.87362968	48.955328367999996	49.0062943	1	0	0	0	0
2024-08-24 23:59:50	41.852678129999994	48.912853199999994	49.0062943	1	0	0	0	0
2024-08-25 00:00:00	41.543881379999995	48.7989332	49.0062943	1	0	0	0	0
