PROCESSDATA	2111FIC10201 Data	yyyy-MM-dd HH:mm:ss
8	10	2024-11-09 21:55:00	751
tagname	2111FIC10201.MV	2111FIC10201.PV	2111FIC10201.SV	2111FIC10201.MODE	bOpOFL	bPvOFL	bSpOFL	bAutOFL
desc	二级电脱盐注水管_OP	二级电脱盐注水管_PV	二级电脱盐注水管_SP	Aut	bOpOFL	bPvOFL	bSpOFL	bAutOFL
fsMax=4.121338555797101	fsMin=0	fsGridNum=10	fdMax=4.121338555797101tfdMin=0	fdGridNum=10	v0GridNum=10	L=24
2024-11-09 21:55:00	13.037364067605633	54.150317464788735	54	1	0	0	0	0
2024-11-09 21:55:10	13.020243721428571	54.166872687142856	54	1	0	0	0	0
2024-11-09 21:55:20	13.043668380487805	54.00415733292683	54	1	0	0	0	0
2024-11-09 21:55:30	13.010884458666666	54.125725061333334	54	1	0	0	0	0
2024-11-09 21:55:40	12.974198430434782	54.220465652173914	54	1	0	0	0	0
2024-11-09 21:55:50	13.012106034782608	54.001166921739134	54	1	0	0	0	0
2024-11-09 21:56:00	13.013991623529412	53.96958317647059	54	1	0	0	0	0
2024-11-09 21:56:10	13.0416451	53.8766136	54	1	0	0	0	0
2024-11-09 21:56:20	13.024761849999999	53.953432	54	1	0	0	0	0
2024-11-09 21:56:30	13.012816515714286	54.021245934285716	54	1	0	0	0	0
2024-11-09 21:56:40	13.056554418333334	53.82523261	54	1	0	0	0	0
2024-11-09 21:56:50	13.0280561	54.0078964	54	1	0	0	0	0
2024-11-09 21:57:00	13.018082764556961	54.05028793670886	54	1	0	0	0	0
2024-11-09 21:57:10	13.028646020408164	54.02391012244898	54	1	0	0	0	0
2024-11-09 21:57:20	13.03365795774648	54.01825521126761	54	1	0	0	0	0
2024-11-09 21:57:30	13.06824175443038	53.845212455696206	54	1	0	0	0	0
2024-11-09 21:57:40	13.052130546666667	53.98343809166667	54	1	0	0	0	0
2024-11-09 21:57:50	13.052747523529412	53.95796688627451	54	1	0	0	0	0
2024-11-09 21:58:00	13.059391826530613	53.94484180612245	54	1	0	0	0	0
2024-11-09 21:58:10	13.066931934146343	53.911706585365856	54	1	0	0	0	0
2024-11-09 21:58:20	13.033568527142858	54.092120595714285	54	1	0	0	0	0
2024-11-09 21:58:30	13.051058825352111	53.99383433802817	54	1	0	0	0	0
2024-11-09 21:58:40	13.067434941573033	53.93845901573034	54	1	0	0	0	0
2024-11-09 21:58:50	13.053947479166666	54.031635941666664	54	1	0	0	0	0
2024-11-09 21:59:00	13.047153557746478	54.03630711830986	54	1	0	0	0	0
2024-11-09 21:59:10	13.060356977941176	53.96249691176471	54	1	0	0	0	0
2024-11-09 21:59:20	13.08579718875	53.907486125	54	1	0	0	0	0
2024-11-09 21:59:30	13.103167350724638	53.847409257971016	54	1	0	0	0	0
2024-11-09 21:59:40	13.07808857826087	53.992203956521735	54	1	0	0	0	0
2024-11-09 21:59:50	13.061709831884059	54.08736782608696	54	1	0	0	0	0
2024-11-09 22:00:00	13.1022253	53.8564644	54	1	0	0	0	0
2024-11-09 22:00:10	13.087365543181818	53.97184674318182	54	1	0	0	0	0
2024-11-09 22:00:20	13.1441355	53.70679	54	1	0	0	0	0
2024-11-09 22:00:30	13.054147178082191	54.151423353424654	54	1	0	0	0	0
2024-11-09 22:00:40	13.018313694736841	54.26709263157895	54	1	0	0	0	0
2024-11-09 22:00:50	13.01302927755102	54.18868037346939	54	1	0	0	0	0
2024-11-09 22:01:00	13.071719341666666	53.84831618194445	54	1	0	0	0	0
2024-11-09 22:01:10	13.019684370212767	54.1123463	54	1	0	0	0	0
2024-11-09 22:01:20	12.952315427160494	54.33913423580247	54	1	0	0	0	0
2024-11-09 22:01:30	12.9465055	54.25436	54	1	0	0	0	0
2024-11-09 22:01:40	12.96013678409091	54.14777943181818	54	1	0	0	0	0
2024-11-09 22:01:50	12.976555455737705	54.06855666885246	54	1	0	0	0	0
2024-11-09 22:02:00	12.997365176470588	53.96340018235294	54	1	0	0	0	0
2024-11-09 22:02:10	13.005762078	53.924598024	54	1	0	0	0	0
2024-11-09 22:02:20	12.984908433962264	54.049944528301886	54	1	0	0	0	0
2024-11-09 22:02:30	12.902466863768115	54.396367704347824	54	1	0	0	0	0
2024-11-09 22:02:40	12.91862837037037	54.22731037037037	54	1	0	0	0	0
2024-11-09 22:02:50	12.9173185	54.16525428571428	54	1	0	0	0	0
2024-11-09 22:03:00	12.940267645762711	54.00089365423729	54	1	0	0	0	0
2024-11-09 22:03:10	12.900354051999999	54.190109248000006	54	1	0	0	0	0
2024-11-09 22:03:20	12.899838438461538	54.10079692307692	54	1	0	0	0	0
2024-11-09 22:03:30	12.904213075409837	54.05238204590164	54	1	0	0	0	0
2024-11-09 22:03:40	12.901396403409091	54.08075373181818	54	1	0	0	0	0
2024-11-09 22:03:50	12.919880565853658	54.006897968292684	54	1	0	0	0	0
2024-11-09 22:04:00	12.911864034042553	54.03153889787234	54	1	0	0	0	0
2024-11-09 22:04:10	12.981983528571428	53.67817923809524	54	1	0	0	0	0
2024-11-09 22:04:20	12.934940026229508	53.97423606557377	54	1	0	0	0	0
2024-11-09 22:04:30	12.92308313076923	54.032158259615386	54	1	0	0	0	0
2024-11-09 22:04:40	12.958664042857142	53.83884285714286	54	1	0	0	0	0
2024-11-09 22:04:50	12.992478044117647	53.75908294117647	54	1	0	0	0	0
2024-11-09 22:05:00	13.038945842696629	53.65994256179775	54	1	0	0	0	0
2024-11-09 22:05:10	12.977414033333334	54.05630960784314	54	1	0	0	0	0
2024-11-09 22:05:20	12.989547591803278	53.99171698360656	54	1	0	0	0	0
2024-11-09 22:05:30	13.029843368	53.832966166	54	1	0	0	0	0
2024-11-09 22:05:40	13.00056789125	54.045996124999995	54	1	0	0	0	0
2024-11-09 22:05:50	13.031387581481482	53.89384426666667	54	1	0	0	0	0
2024-11-09 22:06:00	13.052202325925926	53.84777986666667	54	1	0	0	0	0
2024-11-09 22:06:10	13.048109869387755	53.918172408163265	54	1	0	0	0	0
2024-11-09 22:06:20	13.0848367	53.77064132857143	54	1	0	0	0	0
2024-11-09 22:06:30	13.059407414634146	53.95719365853659	54	1	0	0	0	0
2024-11-09 22:06:40	13.055295258426966	53.98985838202247	54	1	0	0	0	0
2024-11-09 22:06:50	13.0758848	53.9136734	54	1	0	0	0	0
2024-11-09 22:07:00	13.05476816741573	54.02456830786517	54	1	0	0	0	0
2024-11-09 22:07:10	13.06238934590164	53.97853040983607	54	1	0	0	0	0
2024-11-09 22:07:20	13.086837187142857	53.88372706142857	54	1	0	0	0	0
2024-11-09 22:07:30	13.091264750980391	53.902268262745096	54	1	0	0	0	0
2024-11-09 22:07:40	13.117358510294117	53.808400977941176	54	1	0	0	0	0
2024-11-09 22:07:50	13.078186074074074	54.00441857037037	54	1	0	0	0	0
2024-11-09 22:08:00	13.059620923076922	54.071750353846156	54	1	0	0	0	0
2024-11-09 22:08:10	13.076946082	53.9909702	54	1	0	0	0	0
2024-11-09 22:08:20	13.045990009836066	54.13392564262295	54	1	0	0	0	0
2024-11-09 22:08:30	13.050838976923076	54.06727035192308	54	1	0	0	0	0
2024-11-09 22:08:40	13.052098005128205	54.010558233333334	54	1	0	0	0	0
2024-11-09 22:08:50	13.03118688382353	54.079707238235294	54	1	0	0	0	0
2024-11-09 22:09:00	13.019883870422534	54.083187073239436	54	1	0	0	0	0
2024-11-09 22:09:10	13.0183926	54.0829048	54	1	0	0	0	0
2024-11-09 22:09:20	13.016176657142857	54.06313327142857	54	1	0	0	0	0
2024-11-09 22:09:30	13.016623529411765	54.01371521764706	54	1	0	0	0	0
2024-11-09 22:09:40	13.022736510126583	53.99699581012658	54	1	0	0	0	0
2024-11-09 22:09:50	13.022985673913043	54.00366461739131	54	1	0	0	0	0
2024-11-09 22:10:00	13.0271080625	54.0009122125	54	1	0	0	0	0
2024-11-09 22:10:10	13.01414244	54.052407519999996	54	1	0	0	0	0
2024-11-09 22:10:20	13.015253052857142	54.009327142857146	54	1	0	0	0	0
2024-11-09 22:10:30	13.022720737254902	53.9897560372549	54	1	0	0	0	0
2024-11-09 22:10:40	13.035754261290322	53.948721275806456	54	1	0	0	0	0
2024-11-09 22:10:50	13.039581498360656	53.93277110819672	54	1	0	0	0	0
2024-11-09 22:11:00	13.034800807594936	53.97721969620253	54	1	0	0	0	0
2024-11-09 22:11:10	13.044840689610389	53.942794415584416	54	1	0	0	0	0
2024-11-09 22:11:20	13.051217603703703	53.920760022222225	54	1	0	0	0	0
2024-11-09 22:11:30	13.033590902439025	54.04096902439024	54	1	0	0	0	0
2024-11-09 22:11:40	13.00416653164557	54.141821303797464	54	1	0	0	0	0
2024-11-09 22:11:50	13.026878340677966	53.98468993220339	54	1	0	0	0	0
2024-11-09 22:12:00	13.062439000000001	53.84602963	54	1	0	0	0	0
2024-11-09 22:12:10	13.059308771830986	53.889798492957745	54	1	0	0	0	0
2024-11-09 22:12:20	13.086343182608696	53.802998	54	1	0	0	0	0
2024-11-09 22:12:30	13.00605731111111	54.18016279444444	54	1	0	0	0	0
2024-11-09 22:12:40	13.029185726666666	54.03020449333333	54	1	0	0	0	0
2024-11-09 22:12:50	13.055797106	53.899428895999996	54	1	0	0	0	0
2024-11-09 22:13:00	13.016862375555556	54.11560813111111	54	1	0	0	0	0
2024-11-09 22:13:10	13.063662258333334	53.90280425666667	54	1	0	0	0	0
2024-11-09 22:13:20	13.099332317721519	53.79155817721519	54	1	0	0	0	0
2024-11-09 22:13:30	13.089880335294117	53.8652383882353	54	1	0	0	0	0
2024-11-09 22:13:40	13.113817407142857	53.80977634857143	54	1	0	0	0	0
2024-11-09 22:13:50	13.11681941617647	53.85946516617647	54	1	0	0	0	0
2024-11-09 22:14:00	13.104498817647059	53.98307159803922	54	1	0	0	0	0
2024-11-09 22:14:10	13.147649411764707	53.8293641	54	1	0	0	0	0
2024-11-09 22:14:20	13.099040290909091	54.08121731477273	54	1	0	0	0	0
2024-11-09 22:14:30	13.10962288235294	54.03115552941176	54	1	0	0	0	0
2024-11-09 22:14:40	13.121929324193548	54.00073596290323	54	1	0	0	0	0
2024-11-09 22:14:50	13.1274815	53.9717178	54	1	0	0	0	0
2024-11-09 22:15:00	13.150900544303797	53.879048405063294	54	1	0	0	0	0
2024-11-09 22:15:10	13.13057	53.96226	54	1	0	0	0	0
2024-11-09 22:15:20	13.086735316853932	54.170965842696624	54	1	0	0	0	0
2024-11-09 22:15:30	13.102532113207547	54.07855759811321	54	1	0	0	0	0
2024-11-09 22:15:40	13.145425213114754	53.86311984262295	54	1	0	0	0	0
2024-11-09 22:15:50	13.134891432692308	53.94926400384615	54	1	0	0	0	0
2024-11-09 22:16:00	13.09928901	54.127806118	54	1	0	0	0	0
2024-11-09 22:16:10	13.118602429411766	53.98605574117647	54	1	0	0	0	0
2024-11-09 22:16:20	13.121418542857143	53.99475205714286	54	1	0	0	0	0
2024-11-09 22:16:30	13.1011906	54.0885773	54	1	0	0	0	0
2024-11-09 22:16:40	13.068331842857143	54.19069782857143	54	1	0	0	0	0
2024-11-09 22:16:50	13.035422645833334	54.2385629	54	1	0	0	0	0
2024-11-09 22:17:00	13.00970263875	54.270259589999995	54	1	0	0	0	0
2024-11-09 22:17:10	13.019650614754099	54.116456744262294	54	1	0	0	0	0
2024-11-09 22:17:20	12.992191207865169	54.217906343820225	54	1	0	0	0	0
2024-11-09 22:17:30	12.991436240677967	54.142433959322034	54	1	0	0	0	0
2024-11-09 22:17:40	12.971834004878048	54.18786734268293	54	1	0	0	0	0
2024-11-09 22:17:50	12.975824489830508	54.12248813050847	54	1	0	0	0	0
2024-11-09 22:18:00	12.99397622	54.01022	54	1	0	0	0	0
2024-11-09 22:18:10	12.985326738	54.025554733999996	54	1	0	0	0	0
2024-11-09 22:18:20	12.98090456923077	54.01559576923077	54	1	0	0	0	0
2024-11-09 22:18:30	12.95485687704918	54.131856532786884	54	1	0	0	0	0
2024-11-09 22:18:40	12.992963384615384	53.94513083846154	54	1	0	0	0	0
2024-11-09 22:18:50	13.025859914	53.80479804	54	1	0	0	0	0
2024-11-09 22:19:00	12.95330108	54.1756211	54	1	0	0	0	0
2024-11-09 22:19:10	12.961594625490196	54.0828068627451	54	1	0	0	0	0
2024-11-09 22:19:20	12.965798487142857	54.02332421	54	1	0	0	0	0
2024-11-09 22:19:30	12.994287652941177	53.88097056911765	54	1	0	0	0	0
2024-11-09 22:19:40	12.927569586666667	54.191852672222225	54	1	0	0	0	0
2024-11-09 22:19:50	12.952933045070422	54.028677408450704	54	1	0	0	0	0
2024-11-09 22:20:00	12.980384908	53.91258312	54	1	0	0	0	0
2024-11-09 22:20:10	12.94296565	54.10093974285714	54	1	0	0	0	0
2024-11-09 22:20:20	12.925858225	54.123524999999994	54	1	0	0	0	0
2024-11-09 22:20:30	12.897678140845072	54.23681178028169	54	1	0	0	0	0
2024-11-09 22:20:40	12.9156656	54.095745050000005	54	1	0	0	0	0
2024-11-09 22:20:50	12.957916914285715	53.8824855	54	1	0	0	0	0
2024-11-09 22:21:00	12.925765652173913	54.077865763768116	54	1	0	0	0	0
2024-11-09 22:21:10	12.962479649056604	53.91630643396226	54	1	0	0	0	0
2024-11-09 22:21:20	12.98702571304348	53.846411678260864	54	1	0	0	0	0
2024-11-09 22:21:30	13.016800057142857	53.77107054285714	54	1	0	0	0	0
2024-11-09 22:21:40	13.0257912	53.8077469	54	1	0	0	0	0
2024-11-09 22:21:50	13.03037974057971	53.886524594202896	54	1	0	0	0	0
2024-11-09 22:22:00	13.07173508	53.78420642	54	1	0	0	0	0
2024-11-09 22:22:10	13.058512814	53.91168481	54	1	0	0	0	0
2024-11-09 22:22:20	13.071168614285714	53.89930775714286	54	1	0	0	0	0
2024-11-09 22:22:30	13.102309475806452	53.807087411290325	54	1	0	0	0	0
2024-11-09 22:22:40	13.117653611235955	53.84026168539326	54	1	0	0	0	0
2024-11-09 22:22:50	13.111079321311475	53.934298032786884	54	1	0	0	0	0
2024-11-09 22:23:00	13.1078291	53.971714	54	1	0	0	0	0
2024-11-09 22:23:10	13.136190342307692	53.87921923076923	54	1	0	0	0	0
2024-11-09 22:23:20	13.13883060375	53.8910857825	54	1	0	0	0	0
2024-11-09 22:23:30	13.15771694	53.83450392	54	1	0	0	0	0
2024-11-09 22:23:40	13.1609011	53.8685646	54	1	0	0	0	0
2024-11-09 22:23:50	13.171038150000001	53.85254655	54	1	0	0	0	0
2024-11-09 22:24:00	13.14633819607843	54.052755784313725	54	1	0	0	0	0
2024-11-09 22:24:10	13.092693583333334	54.22965654074074	54	1	0	0	0	0
2024-11-09 22:24:20	13.055744270129871	54.24041714285714	54	1	0	0	0	0
2024-11-09 22:24:30	13.069928230612245	54.08800884285714	54	1	0	0	0	0
2024-11-09 22:24:40	13.0101456	54.32864694444445	54	1	0	0	0	0
2024-11-09 22:24:50	13.0344458	54.0606262	54	1	0	0	0	0
2024-11-09 22:25:00	13.021558734177216	54.1178153164557	54	1	0	0	0	0
2024-11-09 22:25:10	13.019371524999999	54.10677063269231	54	1	0	0	0	0
2024-11-09 22:25:20	13.017354093670885	54.105358860759495	54	1	0	0	0	0
2024-11-09 22:25:30	12.98522582	54.218223996	54	1	0	0	0	0
2024-11-09 22:25:40	13.0535085725	53.99750780625	54.524998005	1	0	0	0	0
2024-11-09 22:25:50	13.19068794084507	54.14280295492957	55.9999924	1	0	0	0	0
2024-11-09 22:26:00	13.35061314375	54.2288459	55.9999924	1	0	0	0	0
2024-11-09 22:26:10	13.4959486	54.317804626666664	55.9999924	1	0	0	0	0
2024-11-09 22:26:20	13.605022330985916	54.53661984084507	55.9999924	1	0	0	0	0
2024-11-09 22:26:30	13.694843592	54.724477652	55.9999924	1	0	0	0	0
2024-11-09 22:26:40	13.826968472857143	54.66695633	55.9999924	1	0	0	0	0
2024-11-09 22:26:50	13.843260295081969	55.079080034426234	55.9999924	1	0	0	0	0
2024-11-09 22:27:00	13.938279778651685	55.02301939325842	55.9999924	1	0	0	0	0
2024-11-09 22:27:10	13.9619045	55.3616638	55.9999924	1	0	0	0	0
2024-11-09 22:27:20	14.023760682954546	55.357168410227274	55.9999924	1	0	0	0	0
2024-11-09 22:27:30	14.053544447619048	55.45023138571429	55.9999924	1	0	0	0	0
2024-11-09 22:27:40	14.12289	55.348877	55.9999924	1	0	0	0	0
2024-11-09 22:27:50	14.121854500000001	55.610433549999996	55.9999924	1	0	0	0	0
2024-11-09 22:28:00	14.1838312	55.4996643	55.9999924	1	0	0	0	0
2024-11-09 22:28:10	14.205393386956523	55.585500843478265	55.9999924	1	0	0	0	0
2024-11-09 22:28:20	14.243169790163934	55.578117704918036	55.9999924	1	0	0	0	0
2024-11-09 22:28:30	14.275258859183674	55.5988518122449	55.9999924	1	0	0	0	0
2024-11-09 22:28:40	14.271209055	55.81045957	55.9999924	1	0	0	0	0
2024-11-09 22:28:50	14.301674577419355	55.75855649354839	55.9999924	1	0	0	0	0
2024-11-09 22:29:00	14.30065561011236	55.8297565	55.9999924	1	0	0	0	0
2024-11-09 22:29:10	14.360028530985915	55.649404753521125	55.9999924	1	0	0	0	0
2024-11-09 22:29:20	14.331325878333335	55.93094523333333	55.9999924	1	0	0	0	0
2024-11-09 22:29:30	14.328453073584905	55.99122735849057	55.9999924	1	0	0	0	0
2024-11-09 22:29:40	14.355226673913043	55.85084492173913	55.9999924	1	0	0	0	0
2024-11-09 22:29:50	14.366402742857144	55.84406222857143	55.9999924	1	0	0	0	0
2024-11-09 22:30:00	14.3403006	55.97554	55.9999924	1	0	0	0	0
2024-11-09 22:30:10	14.353141988405797	55.926957246376816	55.9999924	1	0	0	0	0
2024-11-09 22:30:20	14.3227358	56.08699	55.9999924	1	0	0	0	0
2024-11-09 22:30:30	14.29246811875	56.195339643749996	55.9999924	1	0	0	0	0
2024-11-09 22:30:40	14.31637688974359	56.065897425641026	55.9999924	1	0	0	0	0
2024-11-09 22:30:50	14.354464446666666	55.863372203333334	55.9999924	1	0	0	0	0
2024-11-09 22:31:00	14.3876511225	55.7229308225	55.9999924	1	0	0	0	0
2024-11-09 22:31:10	14.319027695588236	56.14581590735295	55.9999924	1	0	0	0	0
2024-11-09 22:31:20	14.307267239436621	56.13560131126761	55.9999924	1	0	0	0	0
2024-11-09 22:31:30	14.316460294915254	56.04250028813559	55.9999924	1	0	0	0	0
2024-11-09 22:31:40	14.330345107692308	55.971443846153846	55.9999924	1	0	0	0	0
2024-11-09 22:31:50	14.320363963636364	56.06360021818182	55.9999924	1	0	0	0	0
2024-11-09 22:32:00	14.376441923333333	55.78045063333333	55.9999924	1	0	0	0	0
2024-11-09 22:32:10	14.341884357142858	56.01035171428571	55.9999924	1	0	0	0	0
2024-11-09 22:32:20	14.348832600000001	55.95936965	55.9999924	1	0	0	0	0
2024-11-09 22:32:30	14.35982106122449	55.901088	55.9999924	1	0	0	0	0
2024-11-09 22:32:40	14.284694257142856	56.2873502	55.9999924	1	0	0	0	0
2024-11-09 22:32:50	14.303640811864407	56.10453125423729	55.9999924	1	0	0	0	0
2024-11-09 22:33:00	14.290671491011237	56.14099721910112	55.9999924	1	0	0	0	0
2024-11-09 22:33:10	14.30662678611111	56.037529883333335	55.9999924	1	0	0	0	0
2024-11-09 22:33:20	14.324989708163265	55.96115038469387	55.9999924	1	0	0	0	0
2024-11-09 22:33:30	14.34802556122449	55.889860202040815	55.9999924	1	0	0	0	0
2024-11-09 22:33:40	14.3798246	55.81318	55.9999924	1	0	0	0	0
2024-11-09 22:33:50	14.377811766666667	55.90056333333334	55.9999924	1	0	0	0	0
2024-11-09 22:34:00	14.338875888	56.08527225	55.9999924	1	0	0	0	0
2024-11-09 22:34:10	14.4132929	55.7187042	55.9999924	1	0	0	0	0
2024-11-09 22:34:20	14.379880379120879	55.94598591318681	55.9999924	1	0	0	0	0
2024-11-09 22:34:30	14.395000774509803	55.895057923529414	55.9999924	1	0	0	0	0
2024-11-09 22:34:40	14.356207963380282	56.130811408450704	55.9999924	1	0	0	0	0
2024-11-09 22:34:50	14.37873218076923	56.00118655	55.9999924	1	0	0	0	0
2024-11-09 22:35:00	14.369014026923077	56.01308820769231	55.9999924	1	0	0	0	0
2024-11-09 22:35:10	14.380463196666666	55.96540985	55.9999924	1	0	0	0	0
2024-11-09 22:35:20	14.374719676249999	56.0047508925	55.9999924	1	0	0	0	0
2024-11-09 22:35:30	14.348189750847459	56.1301829559322	55.9999924	1	0	0	0	0
2024-11-09 22:35:40	14.344041242857143	56.06081794285714	55.9999924	1	0	0	0	0
2024-11-09 22:35:50	14.334584042622952	56.03378076393443	55.9999924	1	0	0	0	0
2024-11-09 22:36:00	14.273248439583334	56.27767435833333	55.9999924	1	0	0	0	0
2024-11-09 22:36:10	14.293026223728813	56.12743514915254	55.9999924	1	0	0	0	0
2024-11-09 22:36:20	14.256136512500001	56.238410025	55.9999924	1	0	0	0	0
2024-11-09 22:36:30	14.2807698725	56.0303509925	55.9999924	1	0	0	0	0
2024-11-09 22:36:40	14.34780513768116	55.678377444927534	55.9999924	1	0	0	0	0
2024-11-09 22:36:50	14.289800334693878	55.97965808367347	55.9999924	1	0	0	0	0
2024-11-09 22:37:00	14.310235826086956	55.89764782608696	55.9999924	1	0	0	0	0
2024-11-09 22:37:10	14.30382592857143	55.944402857142855	55.9999924	1	0	0	0	0
2024-11-09 22:37:20	14.3325423345679	55.804042518518514	55.9999924	1	0	0	0	0
2024-11-09 22:37:30	14.2520773	56.165938	55.9999924	1	0	0	0	0
2024-11-09 22:37:40	14.244464262962962	56.160283950617284	55.9999924	1	0	0	0	0
2024-11-09 22:37:50	14.267962914285715	56.02583772857143	55.9999924	1	0	0	0	0
2024-11-09 22:38:00	14.267962914285715	56.02583772857143	55.9999924	1	0	0	0	0
2024-11-09 22:38:10	14.255646621428571	56.07996393095238	55.9999924	1	0	0	0	0
2024-11-09 22:38:20	14.24207666101695	56.09226577118644	55.9999924	1	0	0	0	0
2024-11-09 22:38:30	14.262132924390244	55.97155637560976	55.9999924	1	0	0	0	0
2024-11-09 22:38:40	14.274849526582278	55.96469349746835	55.9999924	1	0	0	0	0
2024-11-09 22:38:50	14.287312949295774	55.942499587323944	55.9999924	1	0	0	0	0
2024-11-09 22:39:00	14.329098146938776	55.79004591836735	55.9999924	1	0	0	0	0
2024-11-09 22:39:10	14.3562145	55.7280731	55.9999924	1	0	0	0	0
2024-11-09 22:39:20	14.327408779310344	55.92524102241379	55.9999924	1	0	0	0	0
2024-11-09 22:39:30	14.3041506	56.05861	55.9999924	1	0	0	0	0
2024-11-09 22:39:40	14.283449587142858	56.13902021	55.9999924	1	0	0	0	0
2024-11-09 22:39:50	14.265161596666667	56.155910490000004	55.9999924	1	0	0	0	0
2024-11-09 22:40:00	14.26220765652174	56.107766115942034	55.9999924	1	0	0	0	0
2024-11-09 22:40:10	14.249412281632653	56.10824177551021	55.9999924	1	0	0	0	0
2024-11-09 22:40:20	14.3136136625	55.79862502708333	55.9999924	1	0	0	0	0
2024-11-09 22:40:30	14.280895241975308	56.0040869345679	55.9999924	1	0	0	0	0
2024-11-09 22:40:40	14.260873485714285	56.095419514285716	55.9999924	1	0	0	0	0
2024-11-09 22:40:50	14.287600600000001	55.9126574	55.9999924	1	0	0	0	0
2024-11-09 22:41:00	14.274998308474578	56.001750372881354	55.9999924	1	0	0	0	0
2024-11-09 22:41:10	14.278822742857143	55.98977828571429	55.9999924	1	0	0	0	0
2024-11-09 22:41:20	14.279072466666667	56.0011675	55.9999924	1	0	0	0	0
2024-11-09 22:41:30	14.259252906818181	56.08611519659091	55.9999924	1	0	0	0	0
2024-11-09 22:41:40	14.258308672580645	56.049181445161295	55.9999924	1	0	0	0	0
2024-11-09 22:41:50	14.227633961250001	56.150663997500004	55.9999924	1	0	0	0	0
2024-11-09 22:42:00	14.25102372295082	56.04559524590164	55.9999924	1	0	0	0	0
2024-11-09 22:42:10	14.264293602040816	55.96454657142857	55.9999924	1	0	0	0	0
2024-11-09 22:42:20	14.269051285714285	55.94404855102041	55.9999924	1	0	0	0	0
2024-11-09 22:42:30	14.207191482857143	56.22359534428571	55.9999924	1	0	0	0	0
2024-11-09 22:42:40	14.254972237078652	55.94182010786517	55.9999924	1	0	0	0	0
2024-11-09 22:42:50	14.24696915925926	56.01998536296296	55.9999924	1	0	0	0	0
2024-11-09 22:43:00	14.270733407692308	55.951508269230764	55.9999924	1	0	0	0	0
2024-11-09 22:43:10	14.25499083	56.01634215	55.9999924	1	0	0	0	0
2024-11-09 22:43:20	14.28128166	55.87259218	55.9999924	1	0	0	0	0
2024-11-09 22:43:30	14.266719708695653	55.95779025652174	55.9999924	1	0	0	0	0
2024-11-09 22:43:40	14.2256227	56.115002271428565	55.9999924	1	0	0	0	0
2024-11-09 22:43:50	14.2281835875	56.027134925	55.9999924	1	0	0	0	0
2024-11-09 22:44:00	14.197273294285715	56.20119513428571	55.9999924	1	0	0	0	0
2024-11-09 22:44:10	14.195246842857143	56.148259690476195	55.9999924	1	0	0	0	0
2024-11-09 22:44:20	14.152880761702129	56.24565446808511	55.9999924	1	0	0	0	0
2024-11-09 22:44:30	14.170930027142857	56.08971157142857	55.9999924	1	0	0	0	0
2024-11-09 22:44:40	14.134297094117647	56.23313613382353	55.9999924	1	0	0	0	0
2024-11-09 22:44:50	14.1740789	55.976387	55.9999924	1	0	0	0	0
2024-11-09 22:45:00	14.161849365714286	55.99302166142857	55.9999924	1	0	0	0	0
2024-11-09 22:45:10	14.133383646835442	56.11238107088608	55.9999924	1	0	0	0	0
2024-11-09 22:45:20	14.150669194117647	55.97475259607843	55.9999924	1	0	0	0	0
2024-11-09 22:45:30	14.103176617307692	56.207972215384615	55.9999924	1	0	0	0	0
2024-11-09 22:45:40	14.093930426	56.224556629999995	55.9999924	1	0	0	0	0
2024-11-09 22:45:50	14.10398585	56.13765515	55.9999924	1	0	0	0	0
2024-11-09 22:46:00	14.091756919402984	56.166827453731344	55.9999924	1	0	0	0	0
2024-11-09 22:46:10	14.055266066666666	56.26177976666666	55.9999924	1	0	0	0	0
2024-11-09 22:46:20	14.11763256122449	55.919545520408164	55.9999924	1	0	0	0	0
2024-11-09 22:46:30	14.136058166666666	55.8840784	55.9999924	1	0	0	0	0
2024-11-09 22:46:40	14.15370924117647	55.85694451764706	55.9999924	1	0	0	0	0
2024-11-09 22:46:50	14.185634661363636	55.779006953409095	55.9999924	1	0	0	0	0
2024-11-09 22:47:00	14.182744648571429	55.887675005714286	55.9999924	1	0	0	0	0
2024-11-09 22:47:10	14.24594143033708	55.69899748764045	55.9999924	1	0	0	0	0
2024-11-09 22:47:20	14.2133293	55.9661369	55.9999924	1	0	0	0	0
2024-11-09 22:47:30	14.243091828571428	55.896550857142856	55.9999924	1	0	0	0	0
2024-11-09 22:47:40	14.243133438000001	55.948415218	55.9999924	1	0	0	0	0
2024-11-09 22:47:50	14.273870169620253	55.83569179746836	55.9999924	1	0	0	0	0
2024-11-09 22:48:00	14.306262402816902	55.712046281690135	55.9999924	1	0	0	0	0
2024-11-09 22:48:10	14.274982971428571	55.94106838571429	55.9999924	1	0	0	0	0
2024-11-09 22:48:20	14.279167374	55.956788616000004	55.9999924	1	0	0	0	0
2024-11-09 22:48:30	14.275824971428571	55.99569928571429	55.9999924	1	0	0	0	0
2024-11-09 22:48:40	14.261695833333333	56.0475845	55.9999924	1	0	0	0	0
2024-11-09 22:48:50	14.292846769565218	55.88276899565217	55.9999924	1	0	0	0	0
2024-11-09 22:49:00	14.259670721311474	56.0451881147541	55.9999924	1	0	0	0	0
2024-11-09 22:49:10	14.261306901098902	56.016887901098904	55.9999924	1	0	0	0	0
2024-11-09 22:49:20	14.262153261428573	56.029404264285716	55.9999924	1	0	0	0	0
2024-11-09 22:49:30	14.273231235820896	55.97799373134328	55.9999924	1	0	0	0	0
2024-11-09 22:49:40	14.344088666666668	55.68797040333334	55.9999924	1	0	0	0	0
2024-11-09 22:49:50	14.319629010144928	55.91784600434783	55.9999924	1	0	0	0	0
2024-11-09 22:50:00	14.296012658227848	56.068433727848095	55.9999924	1	0	0	0	0
2024-11-09 22:50:10	14.307900237288136	56.03124044915254	55.9999924	1	0	0	0	0
2024-11-09 22:50:20	14.313634291836735	56.01804857142857	55.9999924	1	0	0	0	0
2024-11-09 22:50:30	14.2632627	56.2060547	55.9999924	1	0	0	0	0
2024-11-09 22:50:40	14.2578287	56.1864166	55.9999924	1	0	0	0	0
2024-11-09 22:50:50	14.271116906329114	56.070859658227846	55.9999924	1	0	0	0	0
2024-11-09 22:51:00	14.312704973239438	55.861940594366196	55.9999924	1	0	0	0	0
2024-11-09 22:51:10	14.272847559016393	56.082892003278694	55.9999924	1	0	0	0	0
2024-11-09 22:51:20	14.262189741428571	56.091838277142855	55.9999924	1	0	0	0	0
2024-11-09 22:51:30	14.3470688	55.686697914285716	55.9999924	1	0	0	0	0
2024-11-09 22:51:40	14.290434440476192	56.00569320952381	55.9999924	1	0	0	0	0
2024-11-09 22:51:50	14.338756085393259	55.806174456179775	55.9999924	1	0	0	0	0
2024-11-09 22:52:00	14.306508675	56.021968362500004	55.9999924	1	0	0	0	0
2024-11-09 22:52:10	14.32257504	55.94151764	55.9999924	1	0	0	0	0
2024-11-09 22:52:20	14.348855208695651	55.857141739130434	55.9999924	1	0	0	0	0
2024-11-09 22:52:30	14.281597952112676	56.174259549295776	55.9999924	1	0	0	0	0
2024-11-09 22:52:40	14.304913817647058	56.003276039215685	55.9999924	1	0	0	0	0
2024-11-09 22:52:50	14.274910225714287	56.11814045571428	55.9999924	1	0	0	0	0
2024-11-09 22:53:00	14.2442982	56.213620655	55.9999924	1	0	0	0	0
2024-11-09 22:53:10	14.215577140449438	56.287743644943816	55.9999924	1	0	0	0	0
2024-11-09 22:53:20	14.229707189873418	56.09126101265823	55.9999924	1	0	0	0	0
2024-11-09 22:53:30	14.262193690140844	55.94534922535211	55.9999924	1	0	0	0	0
2024-11-09 22:53:40	14.2761964	55.9219456	55.9999924	1	0	0	0	0
2024-11-09 22:53:50	14.25283591	56.05345071	55.9999924	1	0	0	0	0
2024-11-09 22:54:00	14.271917025862068	55.9576199137931	55.9999924	1	0	0	0	0
2024-11-09 22:54:10	14.282134578688524	55.942931150819675	55.9999924	1	0	0	0	0
2024-11-09 22:54:20	14.27393565443038	55.957365643037974	55.9999924	1	0	0	0	0
2024-11-09 22:54:30	14.275911628571428	55.956891317142855	55.9999924	1	0	0	0	0
2024-11-09 22:54:40	14.2906018	55.923615084	55.9999924	1	0	0	0	0
2024-11-09 22:54:50	14.26781102	56.02628327	55.9999924	1	0	0	0	0
2024-11-09 22:55:00	14.271508459016394	56.022026896721314	55.9999924	1	0	0	0	0
2024-11-09 22:55:10	14.28130298	55.98466012	55.9999924	1	0	0	0	0
2024-11-09 22:55:20	14.3285685925	55.79084605625	55.9999924	1	0	0	0	0
2024-11-09 22:55:30	14.36705513375	55.67412562	55.9999924	1	0	0	0	0
2024-11-09 22:55:40	14.304368571428572	56.0409135122449	55.9999924	1	0	0	0	0
2024-11-09 22:55:50	14.307796666666666	56.015534011111114	55.9999924	1	0	0	0	0
2024-11-09 22:56:00	14.291769306779662	56.06495717118644	55.9999924	1	0	0	0	0
2024-11-09 22:56:10	14.300000157692308	55.997660273076924	55.9999924	1	0	0	0	0
2024-11-09 22:56:20	14.268993279710145	56.13731932753623	55.9999924	1	0	0	0	0
2024-11-09 22:56:30	14.268398483333332	56.080464723333336	55.9999924	1	0	0	0	0
2024-11-09 22:56:40	14.320740432692308	55.82328792692308	55.9999924	1	0	0	0	0
2024-11-09 22:56:50	14.30092041	55.972395999999996	55.9999924	1	0	0	0	0
2024-11-09 22:57:00	14.308875758823529	55.942008535294114	55.9999924	1	0	0	0	0
2024-11-09 22:57:10	14.35132146707317	55.80953829268293	55.9999924	1	0	0	0	0
2024-11-09 22:57:20	14.34195278857143	55.88805810428572	55.9999924	1	0	0	0	0
2024-11-09 22:57:30	14.32100387159091	55.99184631704545	55.9999924	1	0	0	0	0
2024-11-09 22:57:40	14.352427694	55.859314311999995	55.9999924	1	0	0	0	0
2024-11-09 22:57:50	14.30379716923077	56.12362287692308	55.9999924	1	0	0	0	0
2024-11-09 22:58:00	14.285894247058824	56.121601979411764	55.9999924	1	0	0	0	0
2024-11-09 22:58:10	14.248255906	56.250833142000005	55.9999924	1	0	0	0	0
2024-11-09 22:58:20	14.259792714084506	56.10503669014084	55.9999924	1	0	0	0	0
2024-11-09 22:58:30	14.272265970786517	56.01401879213483	55.9999924	1	0	0	0	0
2024-11-09 22:58:40	14.2194424	56.2206039	55.9999924	1	0	0	0	0
2024-11-09 22:58:50	14.227296748051948	56.09146837922078	55.9999924	1	0	0	0	0
2024-11-09 22:59:00	14.20471646511628	56.16597636511628	55.9999924	1	0	0	0	0
2024-11-09 22:59:10	14.240858444871794	55.97372487179487	55.9999924	1	0	0	0	0
2024-11-09 22:59:20	14.239752221311475	55.971185032786885	55.9999924	1	0	0	0	0
2024-11-09 22:59:30	14.2814803	55.78452726666667	55.9999924	1	0	0	0	0
2024-11-09 22:59:40	14.239631860000001	56.0119095	55.9999924	1	0	0	0	0
2024-11-09 22:59:50	14.2021998625	56.1520214	55.9999924	1	0	0	0	0
2024-11-09 23:00:00	14.197222147058824	56.13539490588236	55.9999924	1	0	0	0	0
2024-11-09 23:00:10	14.206212306	56.054016245999996	55.9999924	1	0	0	0	0
2024-11-09 23:00:20	14.216343595161291	56.014148870967745	55.9999924	1	0	0	0	0
2024-11-09 23:00:30	14.227356598863636	55.97358011363636	55.9999924	1	0	0	0	0
2024-11-09 23:00:40	14.18625933076923	56.194027815384615	55.9999924	1	0	0	0	0
2024-11-09 23:00:50	14.19189520886076	56.0823571721519	55.9999924	1	0	0	0	0
2024-11-09 23:01:00	14.191236885714286	56.04881331020408	55.9999924	1	0	0	0	0
2024-11-09 23:01:10	14.1961336	55.9950447	55.9999924	1	0	0	0	0
2024-11-09 23:01:20	14.145275005633803	56.20664576478873	55.9999924	1	0	0	0	0
2024-11-09 23:01:30	14.1256411675	56.209480375	55.9999924	1	0	0	0	0
2024-11-09 23:01:40	14.139006167088608	56.0763122164557	55.9999924	1	0	0	0	0
2024-11-09 23:01:50	14.139288095774647	56.02551881549296	55.9999924	1	0	0	0	0
2024-11-09 23:02:00	14.0854736971831	56.23814574225352	55.9999924	1	0	0	0	0
2024-11-09 23:02:10	14.078645707142858	56.16798731190476	55.9999924	1	0	0	0	0
2024-11-09 23:02:20	14.102816307692308	55.9924076	55.9999924	1	0	0	0	0
2024-11-09 23:02:30	14.092177111111111	56.02687157530865	55.9999924	1	0	0	0	0
2024-11-09 23:02:40	14.095181811392404	55.962166235443036	55.9999924	1	0	0	0	0
2024-11-09 23:02:50	14.0630093	56.1415367	55.9999924	1	0	0	0	0
2024-11-09 23:03:00	14.1259365	55.8761444	55.9999924	1	0	0	0	0
2024-11-09 23:03:10	14.093195122666666	56.08690959733333	55.9999924	1	0	0	0	0
2024-11-09 23:03:20	14.1123161	55.9783249	55.9999924	1	0	0	0	0
2024-11-09 23:03:30	14.09052441851852	56.07014704814815	55.9999924	1	0	0	0	0
2024-11-09 23:03:40	14.113467411538462	55.97285211923077	55.9999924	1	0	0	0	0
2024-11-09 23:03:50	14.12775950327869	55.93194663770492	55.9999924	1	0	0	0	0
2024-11-09 23:04:00	14.101960484313725	56.033847566666665	55.9999924	1	0	0	0	0
2024-11-09 23:04:10	14.073942412500001	56.12957450625	55.9999924	1	0	0	0	0
2024-11-09 23:04:20	14.053007928571429	56.16372081632653	55.9999924	1	0	0	0	0
2024-11-09 23:04:30	14.042161	56.15472	55.9999924	1	0	0	0	0
2024-11-09 23:04:40	14.087529840677966	55.91562033728813	55.9999924	1	0	0	0	0
2024-11-09 23:04:50	14.0746126	56.009037	55.9999924	1	0	0	0	0
2024-11-09 23:05:00	14.035227856	56.177122069999996	55.9999924	1	0	0	0	0
2024-11-09 23:05:10	14.064878248717948	55.99204423589744	55.9999924	1	0	0	0	0
2024-11-09 23:05:20	14.076173043478262	55.950492188405796	55.9999924	1	0	0	0	0
2024-11-09 23:05:30	14.0984655625	55.8650894375	55.9999924	1	0	0	0	0
2024-11-09 23:05:40	14.1062355	55.891922	55.9999924	1	0	0	0	0
2024-11-09 23:05:50	14.071658484057972	56.08609279855072	55.9999924	1	0	0	0	0
2024-11-09 23:06:00	14.0994655	55.952840815	55.9999924	1	0	0	0	0
2024-11-09 23:06:10	14.1471071	55.7990837	55.9999924	1	0	0	0	0
2024-11-09 23:06:20	14.103118040425532	56.020551617021276	55.9999924	1	0	0	0	0
2024-11-09 23:06:30	14.084834239325843	56.07975397078652	55.9999924	1	0	0	0	0
2024-11-09 23:06:40	14.1289655852459	55.83526596065574	55.9999924	1	0	0	0	0
2024-11-09 23:06:50	14.093961897468354	55.98369962025316	55.9999924	1	0	0	0	0
2024-11-09 23:07:00	14.063814718333333	56.076176	55.9999924	1	0	0	0	0
2024-11-09 23:07:10	14.021841367142859	56.21351857142857	55.9999924	1	0	0	0	0
2024-11-09 23:07:20	14.033315360784314	56.07601623529412	55.9999924	1	0	0	0	0
2024-11-09 23:07:30	14.050182198734177	55.97802816455696	55.9999924	1	0	0	0	0
2024-11-09 23:07:40	14.061680091935484	55.9029747467742	55.9999924	1	0	0	0	0
2024-11-09 23:07:50	14.056601749382715	55.925951802469136	55.9999924	1	0	0	0	0
2024-11-09 23:08:00	14.11465360886076	55.69504308607595	55.9999924	1	0	0	0	0
2024-11-09 23:08:10	14.124673935714286	55.74887415238096	55.9999924	1	0	0	0	0
2024-11-09 23:08:20	14.074470008163265	56.054210204081635	55.9999924	1	0	0	0	0
2024-11-09 23:08:30	14.117503464285713	55.83921527285714	55.9999924	1	0	0	0	0
2024-11-09 23:08:40	14.12667579	55.8192951575	55.9999924	1	0	0	0	0
2024-11-09 23:08:50	14.125474759493672	55.89106632531646	55.9999924	1	0	0	0	0
2024-11-09 23:09:00	14.076436523943661	56.12940711830986	55.9999924	1	0	0	0	0
2024-11-09 23:09:10	14.068395125925926	56.13637673333333	55.9999924	1	0	0	0	0
2024-11-09 23:09:20	14.133531041176472	55.846667147058824	55.9999924	1	0	0	0	0
2024-11-09 23:09:30	14.093631028571428	56.09975857142857	55.9999924	1	0	0	0	0
2024-11-09 23:09:40	14.083318501408451	56.120805352112676	55.9999924	1	0	0	0	0
2024-11-09 23:09:50	14.1054077	55.94908	55.9999924	1	0	0	0	0
2024-11-09 23:10:00	14.228090132911392	56.060838456962024	57.9999847	1	0	0	0	0
2024-11-09 23:10:10	14.38910217804878	56.05858488292683	57.9999847	1	0	0	0	0
2024-11-09 23:10:20	14.412076276595744	56.706913334042554	57.9999847	1	0	0	0	0
2024-11-09 23:10:30	14.564214400000001	56.714571666666664	57.9999847	1	0	0	0	0
2024-11-09 23:10:40	14.668653653521128	56.72478047887324	57.9999847	1	0	0	0	0
2024-11-09 23:10:50	14.7297975125	56.983535	57.9999847	1	0	0	0	0
2024-11-09 23:11:00	14.787593355737704	57.17820327868853	57.9999847	1	0	0	0	0
2024-11-09 23:11:10	14.90347495	57.0564155	57.9999847	1	0	0	0	0
2024-11-09 23:11:20	14.9965391	57.00573	57.9999847	1	0	0	0	0
2024-11-09 23:11:30	15.070910427848101	57.07050486962026	57.9999847	1	0	0	0	0
2024-11-09 23:11:40	15.051302825	57.469823222916666	57.9999847	1	0	0	0	0
2024-11-09 23:11:50	15.074972164197531	57.62633841481482	57.9999847	1	0	0	0	0
2024-11-09 23:12:00	15.135177145070422	57.55075817746479	57.9999847	1	0	0	0	0
2024-11-09 23:12:10	15.165923635	57.59347068	57.9999847	1	0	0	0	0
2024-11-09 23:12:20	15.209882802380951	57.565691797619046	57.9999847	1	0	0	0	0
2024-11-09 23:12:30	15.230136114492753	57.61289202173913	57.9999847	1	0	0	0	0
2024-11-09 23:12:40	15.245569556	57.68312446	57.9999847	1	0	0	0	0
2024-11-09 23:12:50	15.259695407692307	57.74243487692308	57.9999847	1	0	0	0	0
2024-11-09 23:13:00	15.254756614754099	57.85776881967213	57.9999847	1	0	0	0	0
2024-11-09 23:13:10	15.267236578651685	57.86648991011236	57.9999847	1	0	0	0	0
2024-11-09 23:13:20	15.292304418	57.8402916	57.9999847	1	0	0	0	0
2024-11-09 23:13:30	15.27607240289855	57.9498084057971	57.9999847	1	0	0	0	0
2024-11-09 23:13:40	15.263935882352941	57.9863546117647	57.9999847	1	0	0	0	0
2024-11-09 23:13:50	15.313738872857144	57.751538000000004	57.9999847	1	0	0	0	0
2024-11-09 23:14:00	15.337128449438202	57.7561091011236	57.9999847	1	0	0	0	0
2024-11-09 23:14:10	15.359663827083333	57.7595454375	57.9999847	1	0	0	0	0
2024-11-09 23:14:20	15.367335288333333	57.78662900166667	57.9999847	1	0	0	0	0
2024-11-09 23:14:30	15.384013985714287	57.80872268571429	57.9999847	1	0	0	0	0
2024-11-09 23:14:40	15.377348128000001	57.882812713999996	57.9999847	1	0	0	0	0
2024-11-09 23:14:50	15.377549319230768	57.90922593846153	57.9999847	1	0	0	0	0
2024-11-09 23:15:00	15.377278404918034	57.931046191803276	57.9999847	1	0	0	0	0
2024-11-09 23:15:10	15.407458966666667	57.812664033333334	57.9999847	1	0	0	0	0
2024-11-09 23:15:20	15.456296297183098	57.645040453521126	57.9999847	1	0	0	0	0
2024-11-09 23:15:30	15.420750971428571	57.902900728571424	57.9999847	1	0	0	0	0
2024-11-09 23:15:40	15.406847242857143	57.991818775510204	57.9999847	1	0	0	0	0
2024-11-09 23:15:50	15.467882216129032	57.75385041935484	57.9999847	1	0	0	0	0
2024-11-09 23:16:00	15.418833152173914	57.99958672173913	57.9999847	1	0	0	0	0
2024-11-09 23:16:10	15.4096012	58.075798	57.9999847	1	0	0	0	0
2024-11-09 23:16:20	15.463196594202898	57.81026956521739	57.9999847	1	0	0	0	0
2024-11-09 23:16:30	15.44478769	58.000821689999995	57.9999847	1	0	0	0	0
2024-11-09 23:16:40	15.445663966666666	58.005086866666666	57.9999847	1	0	0	0	0
2024-11-09 23:16:50	15.399427225925926	58.216478737037036	57.9999847	1	0	0	0	0
2024-11-09 23:17:00	15.413977196774194	58.07684858709678	57.9999847	1	0	0	0	0
2024-11-09 23:17:10	15.445239411235955	57.939268007865174	57.9999847	1	0	0	0	0
2024-11-09 23:17:20	15.423355414084506	58.06038756760564	57.9999847	1	0	0	0	0
2024-11-09 23:17:30	15.397303556666666	58.094762249999995	57.9999847	1	0	0	0	0
2024-11-09 23:17:40	15.40140813559322	58.04396159322034	57.9999847	1	0	0	0	0
2024-11-09 23:17:50	15.415591408450705	58.01093022535211	57.9999847	1	0	0	0	0
2024-11-09 23:18:00	15.373690039130436	58.19632579710145	57.9999847	1	0	0	0	0
2024-11-09 23:18:10	15.3534	58.2217827	57.9999847	1	0	0	0	0
2024-11-09 23:18:20	15.38887639710145	57.97620754347826	57.9999847	1	0	0	0	0
2024-11-09 23:18:30	15.39915389	57.9890587525	57.9999847	1	0	0	0	0
2024-11-09 23:18:40	15.35942070612245	58.16093420612245	57.9999847	1	0	0	0	0
2024-11-09 23:18:50	15.344795908695652	58.15284035217391	57.9999847	1	0	0	0	0
2024-11-09 23:19:00	15.38971640338983	57.910692540677964	57.9999847	1	0	0	0	0
2024-11-09 23:19:10	15.38556457037037	57.953810840740736	57.9999847	1	0	0	0	0
2024-11-09 23:19:20	15.379055227272728	57.981964204545456	57.9999847	1	0	0	0	0
2024-11-09 23:19:30	15.38713937638889	57.93504254166667	57.9999847	1	0	0	0	0
2024-11-09 23:19:40	15.413681665217393	57.81691638695652	57.9999847	1	0	0	0	0
2024-11-09 23:19:50	15.36502746625	58.04205051375	57.9999847	1	0	0	0	0
2024-11-09 23:20:00	15.315479562121213	58.23620233636364	57.9999847	1	0	0	0	0
2024-11-09 23:20:10	15.30448859607843	58.25167235294117	57.9999847	1	0	0	0	0
2024-11-09 23:20:20	15.29472634117647	58.26143107843137	57.9999847	1	0	0	0	0
2024-11-09 23:20:30	15.319388315189872	58.1130717721519	57.9999847	1	0	0	0	0
2024-11-09 23:20:40	15.33207716122449	58.00737751020408	57.9999847	1	0	0	0	0
2024-11-09 23:20:50	15.335205042857142	57.99559285714286	57.9999847	1	0	0	0	0
2024-11-09 23:21:00	15.322990225423728	58.01348204745763	57.9999847	1	0	0	0	0
2024-11-09 23:21:10	15.283368808988763	58.159442404494385	57.9999847	1	0	0	0	0
2024-11-09 23:21:20	15.308688391666667	58.05209702361111	57.9999847	1	0	0	0	0
2024-11-09 23:21:30	15.365604748314606	57.85305436292135	57.9999847	1	0	0	0	0
2024-11-09 23:21:40	15.400576469387754	57.75680492244898	57.9999847	1	0	0	0	0
2024-11-09 23:21:50	15.309653255555556	58.26890205555556	57.9999847	1	0	0	0	0
2024-11-09 23:22:00	15.400744063380282	57.83352959859155	57.9999847	1	0	0	0	0
2024-11-09 23:22:10	15.434546476000001	57.749610464	57.9999847	1	0	0	0	0
2024-11-09 23:22:20	15.420161378333333	57.88822159666667	57.9999847	1	0	0	0	0
2024-11-09 23:22:30	15.425405504494382	57.921858808988766	57.9999847	1	0	0	0	0
2024-11-09 23:22:40	15.4395872	57.87758506	57.9999847	1	0	0	0	0
2024-11-09 23:22:50	15.438771986885246	57.92130237704918	57.9999847	1	0	0	0	0
2024-11-09 23:23:00	15.46545	57.8796463	57.9999847	1	0	0	0	0
2024-11-09 23:23:10	15.435179164102564	58.00811736538462	57.9999847	1	0	0	0	0
2024-11-09 23:23:20	15.3941755	58.1766357	57.9999847	1	0	0	0	0
2024-11-09 23:23:30	15.4760604010989	57.817894945054945	57.9999847	1	0	0	0	0
2024-11-09 23:23:40	15.474369699999999	57.875233333333334	57.9999847	1	0	0	0	0
2024-11-09 23:23:50	15.505503552112677	57.81257105774648	57.9999847	1	0	0	0	0
2024-11-09 23:24:00	15.502664417741935	57.907844193548385	57.9999847	1	0	0	0	0
2024-11-09 23:24:10	15.542393404166667	57.75873260625	57.9999847	1	0	0	0	0
2024-11-09 23:24:20	15.5428275	57.8656368	57.9999847	1	0	0	0	0
2024-11-09 23:24:30	15.523591064935065	58.01141323246753	57.9999847	1	0	0	0	0
2024-11-09 23:24:40	15.566601975	57.831780425	57.9999847	1	0	0	0	0
2024-11-09 23:24:50	15.545852528571428	57.99299294285714	57.9999847	1	0	0	0	0
2024-11-09 23:25:00	15.5511189	57.95139	57.9999847	1	0	0	0	0
2024-11-09 23:25:10	15.54475423	57.94393783	57.9999847	1	0	0	0	0
2024-11-09 23:25:20	15.508653201492537	58.09667740895522	57.9999847	1	0	0	0	0
2024-11-09 23:25:30	15.439930797560976	58.329026003658534	57.9999847	1	0	0	0	0
2024-11-09 23:25:40	15.435989542857142	58.251957142857144	57.9999847	1	0	0	0	0
2024-11-09 23:25:50	15.42003247142857	58.23964528571429	57.9999847	1	0	0	0	0
2024-11-09 23:26:00	15.442749732786885	58.04921699180328	57.9999847	1	0	0	0	0
2024-11-09 23:26:10	15.47057684680851	57.89875412765958	57.9999847	1	0	0	0	0
2024-11-09 23:26:20	15.479122036734694	57.8957187877551	57.9999847	1	0	0	0	0
2024-11-09 23:26:30	15.449354388888889	58.099349133333334	57.9999847	1	0	0	0	0
2024-11-09 23:26:40	15.492477505	57.90795566833334	57.9999847	1	0	0	0	0
2024-11-09 23:26:50	15.46179543	58.08322519875	57.9999847	1	0	0	0	0
2024-11-09 23:27:00	15.47861686	57.99886002	57.9999847	1	0	0	0	0
2024-11-09 23:27:10	15.441747746478873	58.201439267605636	57.9999847	1	0	0	0	0
2024-11-09 23:27:20	15.474897164	58.03748545	57.9999847	1	0	0	0	0
2024-11-09 23:27:30	15.478946561363635	58.00592375	57.9999847	1	0	0	0	0
2024-11-09 23:27:40	15.5005684	57.9094467	57.9999847	1	0	0	0	0
2024-11-09 23:27:50	15.495794973417722	57.96364785949367	57.9999847	1	0	0	0	0
2024-11-09 23:28:00	15.443128126923078	58.17523604615384	57.9999847	1	0	0	0	0
2024-11-09 23:28:10	15.49293966734694	57.88048072448979	57.9999847	1	0	0	0	0
2024-11-09 23:28:20	15.4571619	58.0532722	57.9999847	1	0	0	0	0
2024-11-09 23:28:30	15.41845102173913	58.22355543478261	57.9999847	1	0	0	0	0
2024-11-09 23:28:40	15.410694476136365	58.15961930681818	57.9999847	1	0	0	0	0
2024-11-09 23:28:50	15.467752870833333	57.84223568611111	57.9999847	1	0	0	0	0
2024-11-09 23:29:00	15.4844294	57.807148	57.9999847	1	0	0	0	0
2024-11-09 23:29:10	15.452832406410257	57.990880065384616	57.9999847	1	0	0	0	0
2024-11-09 23:29:20	15.452832406410257	57.990880065384616	57.9999847	1	0	0	0	0
2024-11-09 23:29:30	15.4822323625	57.8601164625	57.9999847	1	0	0	0	0
2024-11-09 23:29:40	15.529647909859156	57.70059631126761	57.9999847	1	0	0	0	0
2024-11-09 23:29:50	15.492174211111111	57.953923933333336	57.9999847	1	0	0	0	0
2024-11-09 23:30:00	15.448672595652173	58.15210637391304	57.9999847	1	0	0	0	0
2024-11-09 23:30:10	15.441550196296296	58.11641064814815	57.9999847	1	0	0	0	0
2024-11-09 23:30:20	15.381946051219511	58.33677926829269	57.9999847	1	0	0	0	0
2024-11-09 23:30:30	15.346534347826088	58.346280317391304	57.9999847	1	0	0	0	0
2024-11-09 23:30:40	15.416150944262295	57.89424731147541	57.9999847	1	0	0	0	0
2024-11-09 23:30:50	15.421407228089889	57.936018664044944	57.9999847	1	0	0	0	0
2024-11-09 23:31:00	15.468003780769232	57.768437826923076	57.9999847	1	0	0	0	0
2024-11-09 23:31:10	15.455386706557377	57.8927518852459	57.9999847	1	0	0	0	0
2024-11-09 23:31:20	15.490684611475409	57.793070229508196	57.9999847	1	0	0	0	0
2024-11-09 23:31:30	15.479138385714286	57.90393777142857	57.9999847	1	0	0	0	0
2024-11-09 23:31:40	15.457301491836736	58.04781675306123	57.9999847	1	0	0	0	0
2024-11-09 23:31:50	15.440170837362638	58.11336060659341	57.9999847	1	0	0	0	0
2024-11-09 23:32:00	15.479142466666667	57.91688906666666	57.9999847	1	0	0	0	0
2024-11-09 23:32:10	15.44522094509804	58.10094349019608	57.9999847	1	0	0	0	0
2024-11-09 23:32:20	15.446368249999999	58.061547149999996	57.9999847	1	0	0	0	0
2024-11-09 23:32:30	15.403280785714287	58.2078225	57.9999847	1	0	0	0	0
2024-11-09 23:32:40	15.373529554761905	58.24586769047619	57.9999847	1	0	0	0	0
2024-11-09 23:32:50	15.400802564772727	58.04786356818182	57.9999847	1	0	0	0	0
2024-11-09 23:33:00	15.3990936	58.0444641	57.9999847	1	0	0	0	0
2024-11-09 23:33:10	15.445377456179775	57.78113112359551	57.9999847	1	0	0	0	0
2024-11-09 23:33:20	15.446162651612903	57.82582483064516	57.9999847	1	0	0	0	0
2024-11-09 23:33:30	15.387451371428572	58.105594867142855	57.9999847	1	0	0	0	0
2024-11-09 23:33:40	15.402326582352941	57.96015571372549	57.9999847	1	0	0	0	0
2024-11-09 23:33:50	15.353996033333333	58.157670028205125	57.9999847	1	0	0	0	0
2024-11-09 23:34:00	15.35983084936709	58.08786012658228	57.9999847	1	0	0	0	0
2024-11-09 23:34:10	15.34148426	58.137786	57.9999847	1	0	0	0	0
2024-11-09 23:34:20	15.35234164	58.044363399999995	57.9999847	1	0	0	0	0
2024-11-09 23:34:30	15.3692865	57.9446754	57.9999847	1	0	0	0	0
2024-11-09 23:34:40	15.3679247	58.0001221	57.9999847	1	0	0	0	0
2024-11-09 23:34:50	15.354091378481012	58.06025347088608	57.9999847	1	0	0	0	0
2024-11-09 23:35:00	15.368106756338028	58.01906879014084	57.9999847	1	0	0	0	0
2024-11-09 23:35:10	15.3749977	57.98577550983607	57.9999847	1	0	0	0	0
2024-11-09 23:35:20	15.356143	58.0400772	57.9999847	1	0	0	0	0
2024-11-09 23:35:30	15.34643653164557	58.040665189873415	57.9999847	1	0	0	0	0
2024-11-09 23:35:40	15.375379207317073	57.87620593902439	57.9999847	1	0	0	0	0
2024-11-09 23:35:50	15.350980930379746	58.030185094936705	57.9999847	1	0	0	0	0
2024-11-09 23:36:00	15.338712444927536	58.07878754202899	57.9999847	1	0	0	0	0
2024-11-09 23:36:10	15.3297024	58.09284	57.9999847	1	0	0	0	0
2024-11-09 23:36:20	15.32916975	58.0605021	57.9999847	1	0	0	0	0
2024-11-09 23:36:30	15.388962398360656	57.7885805557377	57.9999847	1	0	0	0	0
2024-11-09 23:36:40	15.409433492156863	57.77478101960784	57.9999847	1	0	0	0	0
2024-11-09 23:36:50	15.42588295915493	57.78566883098591	57.9999847	1	0	0	0	0
2024-11-09 23:37:00	15.436113075806452	57.8213333016129	57.9999847	1	0	0	0	0
2024-11-09 23:37:10	15.43087904494382	57.903003213483146	57.9999847	1	0	0	0	0
2024-11-09 23:37:20	15.379138646153846	58.18482879230769	57.9999847	1	0	0	0	0
2024-11-09 23:37:30	15.416800383098591	57.95191123943662	57.9999847	1	0	0	0	0
2024-11-09 23:37:40	15.386234799999999	58.142041545454546	57.9999847	1	0	0	0	0
2024-11-09 23:37:50	15.417346510144927	57.993555217391304	57.9999847	1	0	0	0	0
2024-11-09 23:38:00	15.409135208235295	58.00564070588235	57.9999847	1	0	0	0	0
2024-11-09 23:38:10	15.424097048076923	57.916611613461534	57.9999847	1	0	0	0	0
2024-11-09 23:38:20	15.383481	58.1026265	57.9999847	1	0	0	0	0
2024-11-09 23:38:30	15.372396692682926	58.095531095121956	57.9999847	1	0	0	0	0
2024-11-09 23:38:40	15.403678900000001	57.92280274	57.9999847	1	0	0	0	0
2024-11-09 23:38:50	15.396208962295082	57.93416204918033	57.9999847	1	0	0	0	0
2024-11-09 23:39:00	15.357286758823529	58.099421568627456	57.9999847	1	0	0	0	0
2024-11-09 23:39:10	15.371034309876544	58.004990355555556	57.9999847	1	0	0	0	0
2024-11-09 23:39:20	15.352712933333333	58.1050308	57.9999847	1	0	0	0	0
2024-11-09 23:39:30	15.358114566666666	58.088305	57.9999847	1	0	0	0	0
2024-11-09 23:39:40	15.3709469	58.0289536	57.9999847	1	0	0	0	0
2024-11-09 23:39:50	15.434333539999999	57.78988711	57.9999847	1	0	0	0	0
2024-11-09 23:40:00	15.386192666666666	58.06398753333333	57.9999847	1	0	0	0	0
2024-11-09 23:40:10	15.427143573770492	57.85393273114754	57.9999847	1	0	0	0	0
2024-11-09 23:40:20	15.384103571428572	58.082875071428575	57.9999847	1	0	0	0	0
2024-11-09 23:40:30	15.3260756	58.35373	57.9999847	1	0	0	0	0
2024-11-09 23:40:40	15.345182234693878	58.18821934693877	57.9999847	1	0	0	0	0
2024-11-09 23:40:50	15.3306369	58.1882172	57.9999847	1	0	0	0	0
2024-11-09 23:41:00	15.322900280952382	58.146771921428574	57.9999847	1	0	0	0	0
2024-11-09 23:41:10	15.343514838461537	58.04038182307692	57.9999847	1	0	0	0	0
2024-11-09 23:41:20	15.35651700326087	57.954047797826085	57.9999847	1	0	0	0	0
2024-11-09 23:41:30	15.314118065217391	58.092969565217395	57.9999847	1	0	0	0	0
2024-11-09 23:41:40	15.285644343137255	58.14074878431372	57.9999847	1	0	0	0	0
2024-11-09 23:41:50	15.290223086764707	58.077723235294116	57.9999847	1	0	0	0	0
2024-11-09 23:42:00	15.281347395000001	58.106590475	57.9999847	1	0	0	0	0
2024-11-09 23:42:10	15.281161662	58.023428190000004	57.9999847	1	0	0	0	0
2024-11-09 23:42:20	15.316502623595506	57.85324560561798	57.9999847	1	0	0	0	0
2024-11-09 23:42:30	15.296470625000001	57.99536325	57.9999847	1	0	0	0	0
2024-11-09 23:42:40	15.284541540816328	58.03386559183674	57.9999847	1	0	0	0	0
2024-11-09 23:42:50	15.2798243	58.0253944	57.9999847	1	0	0	0	0
2024-11-09 23:43:00	15.281888	58.02143	57.9999847	1	0	0	0	0
2024-11-09 23:43:10	15.290200170588236	57.973473667647056	57.9999847	1	0	0	0	0
2024-11-09 23:43:20	15.2818508	58.0071335	57.9999847	1	0	0	0	0
2024-11-09 23:43:30	15.276198669662922	58.04057306966292	57.9999847	1	0	0	0	0
2024-11-09 23:43:40	15.328833967307693	57.810763788461536	57.9999847	1	0	0	0	0
2024-11-09 23:43:50	15.330865385714286	57.872768	57.9999847	1	0	0	0	0
2024-11-09 23:44:00	15.273623395652173	58.16346956521739	57.9999847	1	0	0	0	0
2024-11-09 23:44:10	15.299573108163266	58.00465330612245	57.9999847	1	0	0	0	0
2024-11-09 23:44:20	15.30883571724138	57.95589194137931	57.9999847	1	0	0	0	0
2024-11-09 23:44:30	15.318622949295776	57.94956509859155	57.9999847	1	0	0	0	0
2024-11-09 23:44:40	15.328538039344263	57.93451257377049	57.9999847	1	0	0	0	0
2024-11-09 23:44:50	15.348475851249999	57.86098093125	57.9999847	1	0	0	0	0
2024-11-09 23:45:00	15.35849142244898	57.877672775510206	57.9999847	1	0	0	0	0
2024-11-09 23:45:10	15.348630225	57.976087675	57.9999847	1	0	0	0	0
2024-11-09 23:45:20	15.353031573913043	57.95817606956521	57.9999847	1	0	0	0	0
2024-11-09 23:45:30	15.333774104166666	58.059101570833334	57.9999847	1	0	0	0	0
2024-11-09 23:45:40	15.35756788045977	57.961415236781605	57.9999847	1	0	0	0	0
2024-11-09 23:45:50	15.31856037	58.13263779571428	57.9999847	1	0	0	0	0
2024-11-09 23:46:00	15.35467982857143	57.920570371428575	57.9999847	1	0	0	0	0
2024-11-09 23:46:10	15.359861160000001	57.917629999999996	57.9999847	1	0	0	0	0
2024-11-09 23:46:20	15.341067901492536	58.040131970149254	57.9999847	1	0	0	0	0
2024-11-09 23:46:30	15.354017390000001	57.976184265	57.9999847	1	0	0	0	0
2024-11-09 23:46:40	15.328451243037975	58.04641956708861	57.9999847	1	0	0	0	0
2024-11-09 23:46:50	15.27896874590164	58.21980126557377	57.9999847	1	0	0	0	0
2024-11-09 23:47:00	15.33339	57.9275322	57.9999847	1	0	0	0	0
2024-11-09 23:47:10	15.33091869	57.98399808	57.9999847	1	0	0	0	0
2024-11-09 23:47:20	15.323960596000001	58.028255474	57.9999847	1	0	0	0	0
2024-11-09 23:47:30	15.30799340625	58.09156677125	57.9999847	1	0	0	0	0
2024-11-09 23:47:40	15.317187101666667	58.027912545	57.9999847	1	0	0	0	0
2024-11-09 23:47:50	15.32143900909091	58.011541928409095	57.9999847	1	0	0	0	0
2024-11-09 23:48:00	15.335723547826086	57.96624826086957	57.9999847	1	0	0	0	0
2024-11-09 23:48:10	15.331441426190477	57.986815435714284	57.9999847	1	0	0	0	0
2024-11-09 23:48:20	15.336999930612246	57.986568204081635	57.9999847	1	0	0	0	0
2024-11-09 23:48:30	15.286698197727272	58.24706559318182	57.9999847	1	0	0	0	0
2024-11-09 23:48:40	15.2455182	58.3305054	57.9999847	1	0	0	0	0
2024-11-09 23:48:50	15.310106657692307	57.90733395769231	57.9999847	1	0	0	0	0
2024-11-09 23:49:00	15.323840485365853	57.899531268292684	57.9999847	1	0	0	0	0
2024-11-09 23:49:10	15.272767614285714	58.13057416984127	57.9999847	1	0	0	0	0
2024-11-09 23:49:20	15.274794283999999	58.070287812	57.9999847	1	0	0	0	0
2024-11-09 23:49:30	15.313139493181819	57.87598862272728	57.9999847	1	0	0	0	0
2024-11-09 23:49:40	15.31512741935484	57.94113925645161	57.9999847	1	0	0	0	0
2024-11-09 23:49:50	15.317293122222223	57.958930098765435	57.9999847	1	0	0	0	0
2024-11-09 23:50:00	15.33893629493671	57.8541327443038	57.9999847	1	0	0	0	0
2024-11-09 23:50:10	15.381259678	57.708967774	57.9999847	1	0	0	0	0
2024-11-09 23:50:20	15.331034651020408	58.02027876122449	57.9999847	1	0	0	0	0
2024-11-09 23:50:30	15.333768639999999	58.047723592857146	57.9999847	1	0	0	0	0
2024-11-09 23:50:40	15.372538718749999	57.8462722275	57.9999847	1	0	0	0	0
2024-11-09 23:50:50	15.420107848101265	57.69845357341772	57.9999847	1	0	0	0	0
2024-11-09 23:51:00	15.408755314285713	57.81823242857143	57.9999847	1	0	0	0	0
2024-11-09 23:51:10	15.368732685714287	58.09256142857143	57.9999847	1	0	0	0	0
2024-11-09 23:51:20	15.374704161538462	58.04740005769231	57.9999847	1	0	0	0	0
2024-11-09 23:51:30	15.4513534	57.72977446666667	57.9999847	1	0	0	0	0
2024-11-09 23:51:40	15.415095327160493	57.97441572839506	57.9999847	1	0	0	0	0
2024-11-09 23:51:50	15.4320335	57.83289	57.9999847	1	0	0	0	0
2024-11-09 23:52:00	15.43908215	57.863886550000004	57.9999847	1	0	0	0	0
2024-11-09 23:52:10	15.4319949	57.94474605652174	57.9999847	1	0	0	0	0
2024-11-09 23:52:20	15.414540193617022	58.04145829787234	57.9999847	1	0	0	0	0
2024-11-09 23:52:30	15.399284043548388	58.07475866774194	57.9999847	1	0	0	0	0
2024-11-09 23:52:40	15.419647947457626	57.971661666101696	57.9999847	1	0	0	0	0
2024-11-09 23:52:50	15.457085	57.83853270491803	57.9999847	1	0	0	0	0
2024-11-09 23:53:00	15.391655704225352	58.15061774647887	57.9999847	1	0	0	0	0
2024-11-09 23:53:10	15.38735536122449	58.11547633979592	57.9999847	1	0	0	0	0
2024-11-09 23:53:20	15.44999598	57.789613679999995	57.9999847	1	0	0	0	0
2024-11-09 23:53:30	15.45034726229508	57.897014295081966	57.9999847	1	0	0	0	0
2024-11-09 23:53:40	15.45294	57.9058075	57.9999847	1	0	0	0	0
2024-11-09 23:53:50	15.4604681	57.89235079493671	57.9999847	1	0	0	0	0
2024-11-09 23:54:00	15.511445160493826	57.69061034567901	57.9999847	1	0	0	0	0
2024-11-09 23:54:10	15.47394425	57.957098655555555	57.9999847	1	0	0	0	0
2024-11-09 23:54:20	15.48038032244898	57.91214017959184	57.9999847	1	0	0	0	0
2024-11-09 23:54:30	15.506436030508473	57.80674326271186	57.9999847	1	0	0	0	0
2024-11-09 23:54:40	15.504585219607842	57.85830975490196	57.9999847	1	0	0	0	0
2024-11-09 23:54:50	15.488823934177216	58.00775789746835	57.9999847	1	0	0	0	0
2024-11-09 23:55:00	15.4377031	58.2370071	57.9999847	1	0	0	0	0
2024-11-09 23:55:10	15.486793145054945	58.006641575824176	57.9999847	1	0	0	0	0
2024-11-09 23:55:20	15.54701395	57.771822900000004	57.9999847	1	0	0	0	0
2024-11-09 23:55:30	15.52866532295082	57.98388737704918	57.9999847	1	0	0	0	0
2024-11-09 23:55:40	15.523496876923076	58.007889340384615	57.9999847	1	0	0	0	0
2024-11-09 23:55:50	15.5583753875	57.84530113636364	57.9999847	1	0	0	0	0
2024-11-09 23:56:00	15.5115356	58.12326	57.9999847	1	0	0	0	0
2024-11-09 23:56:10	15.500602881355933	58.161724052542375	57.9999847	1	0	0	0	0
2024-11-09 23:56:20	15.504444953061224	58.08077742653062	57.9999847	1	0	0	0	0
2024-11-09 23:56:30	15.441751956944445	58.30028811527778	57.9999847	1	0	0	0	0
2024-11-09 23:56:40	15.48680328627451	58.02733772745098	57.9999847	1	0	0	0	0
2024-11-09 23:56:50	15.478125090140844	58.029054507042254	57.9999847	1	0	0	0	0
2024-11-09 23:57:00	15.449042003370787	58.15192063370786	57.9999847	1	0	0	0	0
2024-11-09 23:57:10	15.487971894366197	57.90567563521127	57.9999847	1	0	0	0	0
2024-11-09 23:57:20	15.481310376811594	57.97856536231884	57.9999847	1	0	0	0	0
2024-11-09 23:57:30	15.457305265	58.068719125	57.9999847	1	0	0	0	0
2024-11-09 23:57:40	15.409554022	58.201422312	57.9999847	1	0	0	0	0
2024-11-09 23:57:50	15.401862330434783	58.13967819130435	57.9999847	1	0	0	0	0
2024-11-09 23:58:00	15.4140263	58.0387955	57.9999847	1	0	0	0	0
2024-11-09 23:58:10	15.284832380000001	58.569490959999996	57.9999847	1	0	0	0	0
2024-11-09 23:58:20	15.315615511111112	58.24437673015873	57.9999847	1	0	0	0	0
2024-11-09 23:58:30	15.386489433766233	57.85361725714286	57.9999847	1	0	0	0	0
2024-11-09 23:58:40	15.348495266	58.063633126	57.9999847	1	0	0	0	0
2024-11-09 23:58:50	15.324412057142856	58.13796121428571	57.9999847	1	0	0	0	0
2024-11-09 23:59:00	15.340568366292135	58.026558685393255	57.9999847	1	0	0	0	0
2024-11-09 23:59:10	15.359045737499999	57.9466082875	57.9999847	1	0	0	0	0
2024-11-09 23:59:20	15.322818228571428	58.11558695714286	57.9999847	1	0	0	0	0
2024-11-09 23:59:30	15.31593526557377	58.072328426229504	57.9999847	1	0	0	0	0
2024-11-09 23:59:40	15.29807072	58.112545440000005	57.9999847	1	0	0	0	0
2024-11-09 23:59:50	15.309490873913044	58.01682899130435	57.9999847	1	0	0	0	0
2024-11-10 00:00:00	15.300113734567901	58.04282856790124	57.9999847	1	0	0	0	0
