PROCESSDATA	2111LIC31102B Data	yyyy-MM-dd HH:mm:ss
8	10	2024-11-26 21:55:00	751
tagname	2111LIC31102B.MV	2111LIC31102B.PV	2111LIC31102B.SV	2111LIC31102B.MODE	bOpOFL	bPvOFL	bSpOFL	bAutOFL
desc	C301中段_OP	C301中段_PV	C301中段_SP	Aut	bOpOFL	bPvOFL	bSpOFL	bAutOFL
fsMax=2.3891586879999984	fsMin=0	fsGridNum=10	fdMax=2.3891586879999984tfdMin=0	fdGridNum=10	v0GridNum=10	L=24
2024-11-26 21:55:00	60.501133100000004	48.389817995	47.98181	1	0	0	0	0
2024-11-26 21:55:10	60.922566100000004	48.131194845	47.98181	1	0	0	0	0
2024-11-26 21:55:20	61.537264900000004	47.846854185	47.98181	1	0	0	0	0
2024-11-26 21:55:30	62.2347919	47.551491735	47.98181	1	0	0	0	0
2024-11-26 21:55:40	62.651942999999996	47.36482469	47.98181	1	0	0	0	0
2024-11-26 21:55:50	62.948933	47.22474139	47.98181	1	0	0	0	0
2024-11-26 21:56:00	62.87722747	47.284489085	47.98181	1	0	0	0	0
2024-11-26 21:56:10	62.64750957	47.429878635	47.98181	1	0	0	0	0
2024-11-26 21:56:20	62.29570656	47.636463165	47.98181	1	0	0	0	0
2024-11-26 21:56:30	61.891581359999996	47.869274115	47.98181	1	0	0	0	0
2024-11-26 21:56:40	61.41080497	48.0977045	47.98181	1	0	0	0	0
2024-11-26 21:56:50	60.89717807	48.3242575	47.98181	1	0	0	0	0
2024-11-26 21:57:00	60.54058525	48.501774624999996	47.98181	1	0	0	0	0
2024-11-26 21:57:10	60.25129275	48.658276375	47.98181	1	0	0	0	0
2024-11-26 21:57:20	60.18325975	48.66169719	47.98181	1	0	0	0	0
2024-11-26 21:57:30	60.21005225	48.59951189	47.98181	1	0	0	0	0
2024-11-26 21:57:40	60.513308	48.389215095	47.98181	1	0	0	0	0
2024-11-26 21:57:50	60.935048	48.115441945	47.98181	1	0	0	0	0
2024-11-26 21:58:00	61.560242020000004	47.823927365	47.98181	1	0	0	0	0
2024-11-26 21:58:10	62.27263062	47.524809315	47.98181	1	0	0	0	0
2024-11-26 21:58:20	62.70471801	47.340173535	47.98181	1	0	0	0	0
2024-11-26 21:58:30	63.01667631	47.204601585	47.98181	1	0	0	0	0
2024-11-26 21:58:40	62.94878647	47.26035241	47.98181	1	0	0	0	0
2024-11-26 21:58:50	62.718104569999994	47.39809871	47.98181	1	0	0	0	0
2024-11-26 21:59:00	62.378893515	47.605837625	47.98181	1	0	0	0	0
2024-11-26 21:59:10	61.993169965	47.843573375	47.98181	1	0	0	0	0
2024-11-26 21:59:20	61.437872885000004	48.10073815	47.98181	1	0	0	0	0
2024-11-26 21:59:30	60.809901435	48.366229649999994	47.98181	1	0	0	0	0
2024-11-26 21:59:40	60.41991112	48.544002155	47.98181	1	0	0	0	0
2024-11-26 21:59:50	60.13191272	48.684180805000004	47.98181	1	0	0	0	0
2024-11-26 22:00:00	60.15623808	48.648374170000004	47.98181	1	0	0	0	0
2024-11-26 22:00:10	60.314416480000006	48.53714527	47.98181	1	0	0	0	0
2024-11-26 22:00:20	60.635108	48.319222790000005	47.98181	1	0	0	0	0
2024-11-26 22:00:30	61.025448	48.055574490000005	47.98181	1	0	0	0	0
2024-11-26 22:00:40	61.63798774	47.779473645	47.98181	1	0	0	0	0
2024-11-26 22:00:50	62.345755940000004	47.498035995	47.98181	1	0	0	0	0
2024-11-26 22:01:00	62.72454066	47.363266055	47.98181	1	0	0	0	0
2024-11-26 22:01:10	62.96233246	47.291353705	47.98181	1	0	0	0	0
2024-11-26 22:01:20	62.76541182089552	47.39754835323383	47.98181	1	0	0	0	0
2024-11-26 22:01:30	62.38218585074627	47.5800745721393	47.98181	1	0	0	0	0
2024-11-26 22:01:40	61.96271854271357	47.8127386959799	47.98181	1	0	0	0	0
2024-11-26 22:01:50	61.52696889447236	48.06792854522613	47.98181	1	0	0	0	0
2024-11-26 22:02:00	61.08911089655172	48.26438360344828	47.98181	1	0	0	0	0
2024-11-26 22:02:10	60.650349320197044	48.43566660837438	47.98181	1	0	0	0	0
2024-11-26 22:02:20	60.45752104060914	48.49523730964467	47.98181	1	0	0	0	0
2024-11-26 22:02:30	60.38582408629441	48.49978553299493	47.98181	1	0	0	0	0
2024-11-26 22:02:40	60.58427425	48.392867	47.98181	1	0	0	0	0
2024-11-26 22:02:50	60.89850175	48.238177	47.98181	1	0	0	0	0
2024-11-26 22:03:00	61.258740425	48.023455945	47.98181	1	0	0	0	0
2024-11-26 22:03:10	61.638698175	47.783007295000004	47.98181	1	0	0	0	0
2024-11-26 22:03:20	62.09748613681592	47.58090272487562	47.98181	1	0	0	0	0
2024-11-26 22:03:30	62.59005847512438	47.3952313318408	47.98181	1	0	0	0	0
2024-11-26 22:03:40	62.74985149246231	47.365932340703516	47.98181	1	0	0	0	0
2024-11-26 22:03:50	62.76013495979899	47.406887617085424	47.98181	1	0	0	0	0
2024-11-26 22:04:00	62.507659345	47.539274425	47.98181	1	0	0	0	0
2024-11-26 22:04:10	62.142572695	47.710846175	47.98181	1	0	0	0	0
2024-11-26 22:04:20	61.825952855	47.887233505	47.98181	1	0	0	0	0
2024-11-26 22:04:30	61.530104505	48.065684655	47.98181	1	0	0	0	0
2024-11-26 22:04:40	61.11037145	48.2541625	47.98181	1	0	0	0	0
2024-11-26 22:04:50	60.63754495	48.4469375	47.98181	1	0	0	0	0
2024-11-26 22:05:00	60.39455950248756	48.543624109452736	47.98181	1	0	0	0	0
2024-11-26 22:05:10	60.25007736318408	48.599129980099505	47.98181	1	0	0	0	0
2024-11-26 22:05:20	60.4255090245	48.499175904	47.98181	1	0	0	0	0
2024-11-26 22:05:30	60.7446700745	48.329377504	47.98181	1	0	0	0	0
2024-11-26 22:05:40	61.08670756666667	48.10787896666667	47.98181	1	0	0	0	0
2024-11-26 22:05:50	61.439022880676326	47.86315283140097	47.98181	1	0	0	0	0
2024-11-26 22:06:00	61.91863185440415	47.648538310362696	47.98181	1	0	0	0	0
2024-11-26 22:06:10	62.47625952279793	47.452379294818655	47.98181	1	0	0	0	0
2024-11-26 22:06:20	62.626626597989954	47.42622949748744	47.98181	1	0	0	0	0
2024-11-26 22:06:30	62.59402152261307	47.47646065326633	47.98181	1	0	0	0	0
2024-11-26 22:06:40	62.3086983	47.62316633	47.98181	1	0	0	0	0
2024-11-26 22:06:50	61.915067300000004	47.81121823	47.98181	1	0	0	0	0
2024-11-26 22:07:00	61.560987700000005	48.00942209	47.98181	1	0	0	0	0
2024-11-26 22:07:10	61.2238587	48.21197679	47.98181	1	0	0	0	0
2024-11-26 22:07:20	60.828162765	48.38663635	47.98181	1	0	0	0	0
2024-11-26 22:07:30	60.407366715	48.54934085	47.98181	1	0	0	0	0
2024-11-26 22:07:40	60.306706635000005	48.55199091	47.98181	1	0	0	0	0
2024-11-26 22:07:50	60.343247685	48.486046210000005	47.98181	1	0	0	0	0
2024-11-26 22:08:00	60.67257417910448	48.330010377114434	47.98181	1	0	0	0	0
2024-11-26 22:08:10	61.12738014925373	48.13536405870647	47.98181	1	0	0	0	0
2024-11-26 22:08:20	61.560468844221106	47.887117907035176	47.98181	1	0	0	0	0
2024-11-26 22:08:30	61.98380050251256	47.614790670854276	47.98181	1	0	0	0	0
2024-11-26 22:08:40	62.385292854999996	47.44911462	47.98181	1	0	0	0	0
2024-11-26 22:08:50	62.777425505	47.32914622	47.98181	1	0	0	0	0
2024-11-26 22:09:00	62.800668445	47.374453945	47.98181	1	0	0	0	0
2024-11-26 22:09:10	62.665815795	47.490594294999994	47.98181	1	0	0	0	0
2024-11-26 22:09:20	62.221621	47.70198466	47.98181	1	0	0	0	0
2024-11-26 22:09:30	61.644851	47.95419646	47.98181	1	0	0	0	0
2024-11-26 22:09:40	61.189531	48.203007345	47.98181	1	0	0	0	0
2024-11-26 22:09:50	60.786261	48.450360695	47.98181	1	0	0	0	0
2024-11-26 22:10:00	60.403256	48.608214355	47.98181	1	0	0	0	0
2024-11-26 22:10:10	60.028936	48.727711004999996	47.98181	1	0	0	0	0
2024-11-26 22:10:20	60.02608619	48.6755595	47.98181	1	0	0	0	0
2024-11-26 22:10:30	60.182437889999996	48.5498445	47.98181	1	0	0	0	0
2024-11-26 22:10:40	60.658797809999996	48.3130605	47.98181	1	0	0	0	0
2024-11-26 22:10:50	61.27230411	48.0286755	47.98181	1	0	0	0	0
2024-11-26 22:11:00	61.7816649	47.758559999999996	47.98181	1	0	0	0	0
2024-11-26 22:11:10	62.2463919	47.49456	47.98181	1	0	0	0	0
2024-11-26 22:11:20	62.569475896039606	47.36870603960396	47.98181	1	0	0	0	0
2024-11-26 22:11:30	62.831855747524756	47.30205752475247	47.98181	1	0	0	0	0
2024-11-26 22:11:40	62.72818264472362	47.41462507537688	47.98181	1	0	0	0	0
2024-11-26 22:11:50	62.4522493281407	47.61152959798995	47.98181	1	0	0	0	0
2024-11-26 22:12:00	61.957768942	47.8457117	47.98181	1	0	0	0	0
2024-11-26 22:12:10	61.365100742	48.0966417	47.98181	1	0	0	0	0
2024-11-26 22:12:20	60.916312308	48.3261390235	47.98181	1	0	0	0	0
2024-11-26 22:12:30	60.532165508	48.5460071735	47.98181	1	0	0	0	0
2024-11-26 22:12:40	60.2939585040201	48.6270626080402	47.98181	1	0	0	0	0
2024-11-26 22:12:50	60.121318654773866	48.64575290954774	47.98181	1	0	0	0	0
2024-11-26 22:13:00	60.261672605	48.516128435	47.98181	1	0	0	0	0
2024-11-26 22:13:10	60.536166755	48.322940485	47.98181	1	0	0	0	0
2024-11-26 22:13:20	61.06117925	48.07857396	47.98181	1	0	0	0	0
2024-11-26 22:13:30	61.693556750000006	47.81227376	47.98181	1	0	0	0	0
2024-11-26 22:13:40	62.1650389	47.57567253	47.98181	1	0	0	0	0
2024-11-26 22:13:50	62.567565900000005	47.35179943	47.98181	1	0	0	0	0
2024-11-26 22:14:00	62.69617464	47.320795860000004	47.98181	1	0	0	0	0
2024-11-26 22:14:10	62.70738984	47.37245066	47.98181	1	0	0	0	0
2024-11-26 22:14:20	62.48852386	47.539216259999996	47.98181	1	0	0	0	0
2024-11-26 22:14:30	62.171051659999996	47.75531506	47.98181	1	0	0	0	0
2024-11-26 22:14:40	61.700456766169154	47.96539240149254	47.98181	1	0	0	0	0
2024-11-26 22:14:50	61.16423786069652	48.172889117910444	47.98181	1	0	0	0	0
2024-11-26 22:15:00	60.79101877236181	48.35960106984925	47.98181	1	0	0	0	0
2024-11-26 22:15:10	60.491031485929646	48.53697493919598	47.98181	1	0	0	0	0
2024-11-26 22:15:20	60.328457445	48.592760615	47.98181	1	0	0	0	0
2024-11-26 22:15:30	60.224774794999995	48.596437065	47.98181	1	0	0	0	0
2024-11-26 22:15:40	60.3893305	48.466844715	47.98181	1	0	0	0	0
2024-11-26 22:15:50	60.668845499999996	48.280137165	47.98181	1	0	0	0	0
2024-11-26 22:16:00	61.171603065	48.039753685	47.98181	1	0	0	0	0
2024-11-26 22:16:10	61.770036015	47.776366235	47.98181	1	0	0	0	0
2024-11-26 22:16:20	62.21888671372549	47.54854935294118	47.98181	1	0	0	0	0
2024-11-26 22:16:30	62.60363073333333	47.335977	47.98181	1	0	0	0	0
2024-11-26 22:16:40	62.73648306632653	47.302116285714284	47.98181	1	0	0	0	0
2024-11-26 22:16:50	62.73957301530612	47.36031914285714	47.98181	1	0	0	0	0
2024-11-26 22:17:00	62.7405	47.37778	47.98181	1	0	0	0	0
2024-11-26 22:17:10	62.35735875	47.633844929245285	47.98181	1	0	0	0	0
2024-11-26 22:17:20	61.87533952613065	47.874810469849244	47.98181	1	0	0	0	0
2024-11-26 22:17:30	61.40627550603015	48.07064433919598	47.98181	1	0	0	0	0
2024-11-26 22:17:40	61.04791063663367	48.25628006930693	47.98181	1	0	0	0	0
2024-11-26 22:17:50	60.73698826039604	48.43754516831683	47.98181	1	0	0	0	0
2024-11-26 22:18:00	60.49016098542714	48.53595573668342	47.98181	1	0	0	0	0
2024-11-26 22:18:10	60.27349611105528	48.595375937688445	47.98181	1	0	0	0	0
2024-11-26 22:18:20	60.35198372964824	48.49895416030151	47.98181	1	0	0	0	0
2024-11-26 22:18:30	60.56307609145728	48.33251642160804	47.98181	1	0	0	0	0
2024-11-26 22:18:40	60.99019317	48.134218315	47.98181	1	0	0	0	0
2024-11-26 22:18:50	61.50989227	47.922265765	47.98181	1	0	0	0	0
2024-11-26 22:19:00	61.898707189999996	47.72320319	47.98181	1	0	0	0	0
2024-11-26 22:19:10	62.231428890000004	47.52966489	47.98181	1	0	0	0	0
2024-11-26 22:19:20	62.459907885	47.44623421	47.98181	1	0	0	0	0
2024-11-26 22:19:30	62.643711435	47.40999251	47.98181	1	0	0	0	0
2024-11-26 22:19:40	62.51127725862069	47.52656389655173	47.98181	1	0	0	0	0
2024-11-26 22:19:50	62.24331262807882	47.708626605911334	47.98181	1	0	0	0	0
2024-11-26 22:20:00	61.81674029949239	47.90900689847716	47.98181	1	0	0	0	0
2024-11-26 22:20:10	61.31204776142132	48.11840928426396	47.98181	1	0	0	0	0
2024-11-26 22:20:20	60.96451887562189	48.29511665671642	47.98181	1	0	0	0	0
2024-11-26 22:20:30	60.68434584079602	48.45781188059701	47.98181	1	0	0	0	0
2024-11-26 22:20:40	60.493922440999995	48.528796497	47.98181	1	0	0	0	0
2024-11-26 22:20:50	60.343821340999995	48.558577797	47.98181	1	0	0	0	0
2024-11-26 22:21:00	60.46031505175879	48.43902271356784	47.98181	1	0	0	0	0
2024-11-26 22:21:10	60.696583242713565	48.25237447236181	47.98181	1	0	0	0	0
2024-11-26 22:21:20	61.19282724	48.0144185	47.98181	1	0	0	0	0
2024-11-26 22:21:30	61.80048944	47.7544735	47.98181	1	0	0	0	0
2024-11-26 22:21:40	62.2430397	47.5299135	47.98181	1	0	0	0	0
2024-11-26 22:21:50	62.6148277	47.3205185	47.98181	1	0	0	0	0
2024-11-26 22:22:00	62.746425856218906	47.2925034079602	47.98181	1	0	0	0	0
2024-11-26 22:22:10	62.7750855079602	47.34222256218906	47.98181	1	0	0	0	0
2024-11-26 22:22:20	62.52681240904523	47.52758163316583	47.98181	1	0	0	0	0
2024-11-26 22:22:30	62.154120248241206	47.77388037688442	47.98181	1	0	0	0	0
2024-11-26 22:22:40	61.655443950000006	48.006271	47.98181	1	0	0	0	0
2024-11-26 22:22:50	61.10277445	48.232701	47.98181	1	0	0	0	0
2024-11-26 22:23:00	60.690054311442786	48.43430732835821	47.98181	1	0	0	0	0
2024-11-26 22:23:10	60.337312470646765	48.6252749402985	47.98181	1	0	0	0	0
2024-11-26 22:23:20	60.1525033718593	48.68417071055276	47.98181	1	0	0	0	0
2024-11-26 22:23:30	60.043142316582916	48.6837298562814	47.98181	1	0	0	0	0
2024-11-26 22:23:40	60.271241185	48.49986944	47.98181	1	0	0	0	0
2024-11-26 22:23:50	60.643965735	48.23740064	47.98181	1	0	0	0	0
2024-11-26 22:24:00	61.251068654455445	47.95880653465346	47.98181	1	0	0	0	0
2024-11-26 22:24:10	61.958619446534655	47.673301584158416	47.98181	1	0	0	0	0
2024-11-26 22:24:20	62.459380704040406	47.45138686868687	47.98181	1	0	0	0	0
2024-11-26 22:24:30	62.86282923939394	47.25939696969697	47.98181	1	0	0	0	0
2024-11-26 22:24:40	62.882525354455446	47.270091584158415	47.98181	1	0	0	0	0
2024-11-26 22:24:50	62.73775614653465	47.36765099009901	47.98181	1	0	0	0	0
2024-11-26 22:25:00	62.4872532	47.54455082	47.98181	1	0	0	0	0
2024-11-26 22:25:10	62.1869932	47.758787319999996	47.98181	1	0	0	0	0
2024-11-26 22:25:20	61.688849422222226	47.99326540404041	47.98181	1	0	0	0	0
2024-11-26 22:25:30	61.09758386666667	48.23726893939394	47.98181	1	0	0	0	0
2024-11-26 22:25:40	60.692858515000005	48.419073495	47.98181	1	0	0	0	0
2024-11-26 22:25:50	60.368078965	48.574221345	47.98181	1	0	0	0	0
2024-11-26 22:26:00	60.285733565	48.592212315	47.98181	1	0	0	0	0
2024-11-26 22:26:10	60.307288515	48.551421765	47.98181	1	0	0	0	0
2024-11-26 22:26:20	60.55826221393035	48.378481072636816	47.98181	1	0	0	0	0
2024-11-26 22:26:30	60.90755823383084	48.14890460497512	47.98181	1	0	0	0	0
2024-11-26 22:26:40	61.456652914572864	47.89312359145729	47.98181	1	0	0	0	0
2024-11-26 22:26:50	62.09551221105528	47.625569521105525	47.98181	1	0	0	0	0
2024-11-26 22:27:00	62.5426595	47.42913242	47.98181	1	0	0	0	0
2024-11-26 22:27:10	62.907644499999996	47.26317402	47.98181	1	0	0	0	0
2024-11-26 22:27:20	62.889497368159205	47.29031737064677	47.98181	1	0	0	0	0
2024-11-26 22:27:30	62.70715075124378	47.400218614427864	47.98181	1	0	0	0	0
2024-11-26 22:27:40	62.3985872080402	47.60157312562814	47.98181	1	0	0	0	0
2024-11-26 22:27:50	62.033317509547736	47.84401533668341	47.98181	1	0	0	0	0
2024-11-26 22:28:00	61.502196915	48.0844757	47.98181	1	0	0	0	0
2024-11-26 22:28:10	60.899997365000004	48.324086699999995	47.98181	1	0	0	0	0
2024-11-26 22:28:20	60.523894875	48.5120545	47.98181	1	0	0	0	0
2024-11-26 22:28:30	60.244691125	48.6778895	47.98181	1	0	0	0	0
2024-11-26 22:28:40	60.205152500000004	48.66613198	47.98181	1	0	0	0	0
2024-11-26 22:28:50	60.268327500000005	48.57826338	47.98181	1	0	0	0	0
2024-11-26 22:29:00	60.574002555	48.37080132	47.98181	1	0	0	0	0
2024-11-26 22:29:10	60.983606205	48.11208492	47.98181	1	0	0	0	0
2024-11-26 22:29:20	61.594523835	47.8248305	47.98181	1	0	0	0	0
2024-11-26 22:29:30	62.291718885	47.5253455	47.98181	1	0	0	0	0
2024-11-26 22:29:40	62.68828512636816	47.35561095024875	47.98181	1	0	0	0	0
2024-11-26 22:29:50	62.95601044975124	47.24148373631841	47.98181	1	0	0	0	0
2024-11-26 22:30:00	62.843315509547736	47.31783932864322	47.98181	1	0	0	0	0
2024-11-26 22:30:10	62.55970711758794	47.47977415276382	47.98181	1	0	0	0	0
2024-11-26 22:30:20	62.20911056019901	47.70389349552239	47.98181	1	0	0	0	0
2024-11-26 22:30:30	61.82980478905473	47.95466334626865	47.98181	1	0	0	0	0
2024-11-26 22:30:40	61.295832600000004	48.1979268245	47.98181	1	0	0	0	0
2024-11-26 22:30:50	60.6923726	48.4378178745	47.98181	1	0	0	0	0
2024-11-26 22:31:00	60.34160811005025	48.5812467201005	47.98181	1	0	0	0	0
2024-11-26 22:31:10	60.104373486934676	48.68133747386934	47.98181	1	0	0	0	0
2024-11-26 22:31:20	60.17133766930693	48.629392170297024	47.98181	1	0	0	0	0
2024-11-26 22:31:30	60.368672768316834	48.51228855643564	47.98181	1	0	0	0	0
2024-11-26 22:31:40	60.74395828140704	48.27714883115578	47.98181	1	0	0	0	0
2024-11-26 22:31:50	61.20298516582915	47.98646270050251	47.98181	1	0	0	0	0
2024-11-26 22:32:00	61.83278382562814	47.697374977386936	47.98181	1	0	0	0	0
2024-11-26 22:32:10	62.53930603668341	47.40900537939698	47.98181	1	0	0	0	0
2024-11-26 22:32:20	62.91004202	47.26441305	47.98181	1	0	0	0	0
2024-11-26 22:32:30	63.13686962	47.18143955	47.98181	1	0	0	0	0
2024-11-26 22:32:40	62.91220226	47.305350875	47.98181	1	0	0	0	0
2024-11-26 22:32:50	62.49403706	47.517927125	47.98181	1	0	0	0	0
2024-11-26 22:33:00	62.102899175	47.7470715	47.98181	1	0	0	0	0
2024-11-26 22:33:10	61.723344425	47.9833165	47.98181	1	0	0	0	0
2024-11-26 22:33:20	61.191485775000004	48.2229705	47.98181	1	0	0	0	0
2024-11-26 22:33:30	60.594354025	48.464085499999996	47.98181	1	0	0	0	0
2024-11-26 22:33:40	60.300069015	48.5807055	47.98181	1	0	0	0	0
2024-11-26 22:33:50	60.135575464999995	48.6439705	47.98181	1	0	0	0	0
2024-11-26 22:34:00	60.326373075	48.54063431	47.98181	1	0	0	0	0
2024-11-26 22:34:10	60.669438325	48.365897610000005	47.98181	1	0	0	0	0
2024-11-26 22:34:20	61.079152640000004	48.13080929	47.98181	1	0	0	0	0
2024-11-26 22:34:30	61.51743084	47.86985599	47.98181	1	0	0	0	0
2024-11-26 22:34:40	62.06286637	47.619105015	47.98181	1	0	0	0	0
2024-11-26 22:34:50	62.65422647	47.372726465	47.98181	1	0	0	0	0
2024-11-26 22:35:00	62.822371925	47.332270275	47.98181	1	0	0	0	0
2024-11-26 22:35:10	62.809139675	47.380066525	47.98181	1	0	0	0	0
2024-11-26 22:35:20	62.47641017	47.54884801	47.98181	1	0	0	0	0
2024-11-26 22:35:30	62.006753270000004	47.76948031	47.98181	1	0	0	0	0
2024-11-26 22:35:40	61.60132543	48.0035405	47.98181	1	0	0	0	0
2024-11-26 22:35:50	61.22342433	48.2433555	47.98181	1	0	0	0	0
2024-11-26 22:36:00	60.80040207	48.424552500000004	47.98181	1	0	0	0	0
2024-11-26 22:36:10	60.35804217	48.580627500000006	47.98181	1	0	0	0	0
2024-11-26 22:36:20	60.2641842	48.572396330000004	47.98181	1	0	0	0	0
2024-11-26 22:36:30	60.319684200000005	48.49374823	47.98181	1	0	0	0	0
2024-11-26 22:36:40	60.734436730000006	48.28885247	47.98181	1	0	0	0	0
2024-11-26 22:36:50	61.30315463	48.02985057	47.98181	1	0	0	0	0
2024-11-26 22:37:00	61.78315096	47.760705810000005	47.98181	1	0	0	0	0
2024-11-26 22:37:10	62.22512376	47.487214110000004	47.98181	1	0	0	0	0
2024-11-26 22:37:20	62.56930789	47.35786529	47.98181	1	0	0	0	0
2024-11-26 22:37:30	62.87158259	47.29029199	47.98181	1	0	0	0	0
2024-11-26 22:37:40	62.82396544	47.36909954	47.98181	1	0	0	0	0
2024-11-26 22:37:50	62.62639464	47.510641740000004	47.98181	1	0	0	0	0
2024-11-26 22:38:00	62.16832521	47.736199375	47.98181	1	0	0	0	0
2024-11-26 22:38:10	61.59861351	47.997763625000005	47.98181	1	0	0	0	0
2024-11-26 22:38:20	61.1481865	48.230439365	47.98181	1	0	0	0	0
2024-11-26 22:38:30	60.748881499999996	48.450734315	47.98181	1	0	0	0	0
2024-11-26 22:38:40	60.408103499999996	48.59294682	47.98181	1	0	0	0	0
2024-11-26 22:38:50	60.092408500000005	48.70169542	47.98181	1	0	0	0	0
2024-11-26 22:39:00	60.13934934	48.6162895	47.98181	1	0	0	0	0
2024-11-26 22:39:10	60.34170554	48.4476745	47.98181	1	0	0	0	0
2024-11-26 22:39:20	60.881957060000005	48.18849	47.98181	1	0	0	0	0
2024-11-26 22:39:30	61.56702086	47.89049	47.98181	1	0	0	0	0
2024-11-26 22:39:40	62.117857	47.60388397	47.98181	1	0	0	0	0
2024-11-26 22:39:50	62.611167	47.32216107	47.98181	1	0	0	0	0
2024-11-26 22:40:00	62.86652796	47.23248373	47.98181	1	0	0	0	0
2024-11-26 22:40:10	63.01991076	47.22511163	47.98181	1	0	0	0	0
2024-11-26 22:40:20	62.87008933	47.375484390000004	47.98181	1	0	0	0	0
2024-11-26 22:40:30	62.59032323	47.59346209	47.98181	1	0	0	0	0
2024-11-26 22:40:40	62.05317609	47.84262101	47.98181	1	0	0	0	0
2024-11-26 22:40:50	61.405722790000006	48.10514331	47.98181	1	0	0	0	0
2024-11-26 22:41:00	60.91951351	48.3441356	47.98181	1	0	0	0	0
2024-11-26 22:41:10	60.50240881	48.573043600000005	47.98181	1	0	0	0	0
2024-11-26 22:41:20	60.216769045	48.683057405	47.98181	1	0	0	0	0
2024-11-26 22:41:30	59.987471395	48.742116555	47.98181	1	0	0	0	0
2024-11-26 22:41:40	60.10162486	48.61857073	47.98181	1	0	0	0	0
2024-11-26 22:41:50	60.36297166	48.41676563	47.98181	1	0	0	0	0
2024-11-26 22:42:00	60.940839735000004	48.145156495	47.98181	1	0	0	0	0
2024-11-26 22:42:10	61.654359785000004	47.843631345	47.98181	1	0	0	0	0
2024-11-26 22:42:20	61.654359785000004	47.843631345	47.98181	1	0	0	0	0
2024-11-26 22:42:30	62.19632317	47.56335347	47.98181	1	0	0	0	0
2024-11-26 22:42:40	62.664762270000004	47.292181570000004	47.98181	1	0	0	0	0
2024-11-26 22:42:50	62.882007385	47.2273927	47.98181	1	0	0	0	0
2024-11-26 22:43:00	62.991597934999994	47.2510537	47.98181	1	0	0	0	0
2024-11-26 22:43:10	62.776205049999994	47.416792300000004	47.98181	1	0	0	0	0
2024-11-26 22:43:20	62.42153355	47.6434213	47.98181	1	0	0	0	0
2024-11-26 22:43:30	61.901348275	47.8928535	47.98181	1	0	0	0	0
2024-11-26 22:43:40	61.310228525	48.152058499999995	47.98181	1	0	0	0	0
2024-11-26 22:43:50	60.91409052	48.346014995	47.98181	1	0	0	0	0
2024-11-26 22:44:00	60.60151612	48.512007845	47.98181	1	0	0	0	0
2024-11-26 22:44:10	60.462559885	48.55084685	47.98181	1	0	0	0	0
2024-11-26 22:44:20	60.398011435	48.53519135	47.98181	1	0	0	0	0
2024-11-26 22:44:30	60.54583497	48.417711085	47.98181	1	0	0	0	0
2024-11-26 22:44:40	60.78467507	48.256591635	47.98181	1	0	0	0	0
2024-11-26 22:44:50	61.249735115	48.034481465	47.98181	1	0	0	0	0
2024-11-26 22:45:00	61.811746565	47.786232415	47.98181	1	0	0	0	0
2024-11-26 22:45:10	62.257817155	47.565892505	47.98181	1	0	0	0	0
2024-11-26 22:45:20	62.654198805	47.357513655	47.98181	1	0	0	0	0
2024-11-26 22:45:30	62.73229658	47.34841847	47.98181	1	0	0	0	0
2024-11-26 22:45:40	62.67398698	47.42473057	47.98181	1	0	0	0	0
2024-11-26 22:45:50	62.418631510000004	47.60697899	47.98181	1	0	0	0	0
2024-11-26 22:46:00	62.07882781	47.83462869	47.98181	1	0	0	0	0
2024-11-26 22:46:10	61.554981195	48.07299693	47.98181	1	0	0	0	0
2024-11-26 22:46:20	60.952259045	48.31595883	47.98181	1	0	0	0	0
2024-11-26 22:46:30	60.57598266	48.476763935	47.98181	1	0	0	0	0
2024-11-26 22:46:40	60.29675446	48.602358985	47.98181	1	0	0	0	0
2024-11-26 22:46:50	60.298316385	48.578782425	47.98181	1	0	0	0	0
2024-11-26 22:47:00	60.420216935	48.491275175	47.98181	1	0	0	0	0
2024-11-26 22:47:10	60.4567871	48.465023	47.98181	1	0	0	0	0
2024-11-26 22:47:20	61.00495424622641	48.10530877830189	47.98181	1	0	0	0	0
2024-11-26 22:47:30	61.698893490452264	47.770969432160804	47.98181	1	0	0	0	0
2024-11-26 22:47:40	62.37623188241206	47.50190063819095	47.98181	1	0	0	0	0
2024-11-26 22:47:50	62.74127424	47.3600875	47.98181	1	0	0	0	0
2024-11-26 22:48:00	62.972475440000004	47.2728125	47.98181	1	0	0	0	0
2024-11-26 22:48:10	62.814626335	47.364718705	47.98181	1	0	0	0	0
2024-11-26 22:48:20	62.490041385	47.533416855	47.98181	1	0	0	0	0
2024-11-26 22:48:30	62.150635335	47.747789095	47.98181	1	0	0	0	0
2024-11-26 22:48:40	61.804877385	47.981735945000004	47.98181	1	0	0	0	0
2024-11-26 22:48:50	61.299159145	48.2124944	47.98181	1	0	0	0	0
2024-11-26 22:49:00	60.724886495	48.4418864	47.98181	1	0	0	0	0
2024-11-26 22:49:10	60.31478348	48.62490956	47.98181	1	0	0	0	0
2024-11-26 22:49:20	59.97503888	48.788060359999996	47.98181	1	0	0	0	0
2024-11-26 22:49:30	59.962517575	48.76509614	47.98181	1	0	0	0	0
2024-11-26 22:49:40	60.090234824999996	48.66236834	47.98181	1	0	0	0	0
2024-11-26 22:49:50	60.468727879999996	48.405149	47.98181	1	0	0	0	0
2024-11-26 22:50:00	60.95469628	48.081719	47.98181	1	0	0	0	0
2024-11-26 22:50:10	61.646174845	47.764927205	47.98181	1	0	0	0	0
2024-11-26 22:50:20	62.425729195	47.450980355	47.98181	1	0	0	0	0
2024-11-26 22:50:30	62.864154575	47.28574259	47.98181	1	0	0	0	0
2024-11-26 22:50:40	63.156381825000004	47.18423729	47.98181	1	0	0	0	0
2024-11-26 22:50:50	63.005646345	47.27582587	47.98181	1	0	0	0	0
2024-11-26 22:51:00	62.665069695	47.45016897	47.98181	1	0	0	0	0
2024-11-26 22:51:10	62.266104855	47.682427235	47.98181	1	0	0	0	0
2024-11-26 22:51:20	61.842116505	47.939506285	47.98181	1	0	0	0	0
2024-11-26 22:51:30	61.269907145	48.201499999999996	47.98181	1	0	0	0	0
2024-11-26 22:51:40	60.634174494999996	48.465599999999995	47.98181	1	0	0	0	0
2024-11-26 22:51:50	60.301696054999994	48.606273445	47.98181	1	0	0	0	0
2024-11-26 22:52:00	60.099183705	48.694049795	47.98181	1	0	0	0	0
2024-11-26 22:52:10	60.201912795	48.61908934	47.98181	1	0	0	0	0
2024-11-26 22:52:20	60.435459644999995	48.47438454	47.98181	1	0	0	0	0
2024-11-26 22:52:30	60.806278245	48.246532515000006	47.98181	1	0	0	0	0
2024-11-26 22:52:40	61.235927595	47.983045965	47.98181	1	0	0	0	0
2024-11-26 22:52:50	61.811836625	47.723362795	47.98181	1	0	0	0	0
2024-11-26 22:53:00	62.450428375	47.465309645	47.98181	1	0	0	0	0
2024-11-26 22:53:10	62.761327725	47.35944178	47.98181	1	0	0	0	0
2024-11-26 22:53:20	62.931787475	47.31879618	47.98181	1	0	0	0	0
2024-11-26 22:53:30	62.66208551	47.45850985	47.98181	1	0	0	0	0
2024-11-26 22:53:40	62.20374281	47.67552035	47.98181	1	0	0	0	0
2024-11-26 22:53:50	61.77374675	47.9341259	47.98181	1	0	0	0	0
2024-11-26 22:54:00	61.35589925	48.2105579	47.98181	1	0	0	0	0
2024-11-26 22:54:10	60.85381942	48.428822875	47.98181	1	0	0	0	0
2024-11-26 22:54:20	60.31564002	48.622159125	47.98181	1	0	0	0	0
2024-11-26 22:54:30	60.13411853	48.651901	47.98181	1	0	0	0	0
2024-11-26 22:54:40	60.105450430000005	48.611531	47.98181	1	0	0	0	0
2024-11-26 22:54:50	60.47884	48.42188677	47.98181	1	0	0	0	0
2024-11-26 22:55:00	61.024539999999995	48.16826787	47.98181	1	0	0	0	0
2024-11-26 22:55:10	61.501449949999994	47.90250761	47.98181	1	0	0	0	0
2024-11-26 22:55:20	61.948878449999995	47.63154391	47.98181	1	0	0	0	0
2024-11-26 22:55:30	62.43590105	47.42483937	47.98181	1	0	0	0	0
2024-11-26 22:55:40	62.93989255	47.24567447	47.98181	1	0	0	0	0
2024-11-26 22:55:50	62.961620135000004	47.29731329	47.98181	1	0	0	0	0
2024-11-26 22:56:00	62.776663185000004	47.44786799	47.98181	1	0	0	0	0
2024-11-26 22:56:10	62.310896965	47.671150625	47.98181	1	0	0	0	0
2024-11-26 22:56:20	61.724783914999996	47.925602375000004	47.98181	1	0	0	0	0
2024-11-26 22:56:30	61.263113085	48.172889135	47.98181	1	0	0	0	0
2024-11-26 22:56:40	60.854774635	48.417105185	47.98181	1	0	0	0	0
2024-11-26 22:56:50	60.451436215	48.584685164999996	47.98181	1	0	0	0	0
2024-11-26 22:57:00	60.050240665	48.719421114999996	47.98181	1	0	0	0	0
2024-11-26 22:57:10	60.048924805	48.666731645	47.98181	1	0	0	0	0
2024-11-26 22:57:20	60.218985954999994	48.533716995	47.98181	1	0	0	0	0
2024-11-26 22:57:30	60.73037799	48.280861189999996	47.98181	1	0	0	0	0
2024-11-26 22:57:40	61.388054690000004	47.976644889999996	47.98181	1	0	0	0	0
2024-11-26 22:57:50	61.897233005000004	47.69873081	47.98181	1	0	0	0	0
2024-11-26 22:58:00	62.342769155	47.43208911	47.98181	1	0	0	0	0
2024-11-26 22:58:10	62.67019511	47.313883425	47.98181	1	0	0	0	0
2024-11-26 22:58:20	62.947002409999996	47.259293175	47.98181	1	0	0	0	0
2024-11-26 22:58:30	62.837680211940295	47.37594183631841	47.98181	1	0	0	0	0
2024-11-26 22:58:40	62.562873943283584	47.56597860248756	47.98181	1	0	0	0	0
2024-11-26 22:58:50	62.049647596984926	47.80719909547739	47.98181	1	0	0	0	0
2024-11-26 22:59:00	61.4293049839196	48.071415175879395	47.98181	1	0	0	0	0
2024-11-26 22:59:10	60.97132843	48.300683	47.98181	1	0	0	0	0
2024-11-26 22:59:20	60.58293733	48.514973	47.98181	1	0	0	0	0
2024-11-26 22:59:30	60.327005305	48.6167835	47.98181	1	0	0	0	0
2024-11-26 22:59:40	60.127841455	48.6703885	47.98181	1	0	0	0	0
2024-11-26 22:59:50	60.24343012	48.5547265	47.98181	1	0	0	0	0
2024-11-26 23:00:00	60.49391272	48.3665215	47.98181	1	0	0	0	0
2024-11-26 23:00:10	61.006784474999996	48.123174	47.98181	1	0	0	0	0
2024-11-26 23:00:20	61.632108724999995	47.856194	47.98181	1	0	0	0	0
2024-11-26 23:00:30	62.10969395522388	47.61616706467662	47.98181	1	0	0	0	0
2024-11-26 23:00:40	62.52396246268657	47.38769144278607	47.98181	1	0	0	0	0
2024-11-26 23:00:50	62.664978962814075	47.35076969849246	47.98181	1	0	0	0	0
2024-11-26 23:01:00	62.683230068341715	47.3999083919598	47.98181	1	0	0	0	0
2024-11-26 23:01:10	62.45186201	47.5478985	47.98181	1	0	0	0	0
2024-11-26 23:01:20	62.11351431	47.7382535	47.98181	1	0	0	0	0
2024-11-26 23:01:30	61.661939999999994	47.9590235	47.98181	1	0	0	0	0
2024-11-26 23:01:40	61.16184	48.192828500000005	47.98181	1	0	0	0	0
2024-11-26 23:01:50	60.8058014	48.377626500000005	47.98181	1	0	0	0	0
2024-11-26 23:02:00	60.5115034	48.541421500000006	47.98181	1	0	0	0	0
2024-11-26 23:02:10	60.4573796	48.542127	47.98181	1	0	0	0	0
2024-11-26 23:02:20	60.5061876	48.472937	47.98181	1	0	0	0	0
2024-11-26 23:02:30	60.7418725	48.303464999999996	47.98181	1	0	0	0	0
2024-11-26 23:02:40	61.0576475	48.091015	47.98181	1	0	0	0	0
2024-11-26 23:02:50	61.61919376	47.827249679999994	47.98181	1	0	0	0	0
2024-11-26 23:03:00	62.28607056	47.54149208	47.98181	1	0	0	0	0
2024-11-26 23:03:10	62.69783936	47.36352503	47.98181	1	0	0	0	0
2024-11-26 23:03:20	63.00027616	47.23175393	47.98181	1	0	0	0	0
2024-11-26 23:03:30	62.87754038	47.311997045	47.98181	1	0	0	0	0
2024-11-26 23:03:40	62.57258778	47.483103395	47.98181	1	0	0	0	0
2024-11-26 23:03:50	62.20934142	47.70753137	47.98181	1	0	0	0	0
2024-11-26 23:04:00	61.82111202	47.95481147	47.98181	1	0	0	0	0
2024-11-26 23:04:10	61.30941389	48.188278575	47.98181	1	0	0	0	0
2024-11-26 23:04:20	60.74480059	48.415825825	47.98181	1	0	0	0	0
2024-11-26 23:04:30	60.44304779	48.543969505	47.98181	1	0	0	0	0
2024-11-26 23:04:40	60.253949490000004	48.629511655	47.98181	1	0	0	0	0
2024-11-26 23:04:50	60.35647861	48.557974295	47.98181	1	0	0	0	0
2024-11-26 23:05:00	60.583990910000004	48.419117145	47.98181	1	0	0	0	0
2024-11-26 23:05:10	60.95248111	48.18550117	47.98181	1	0	0	0	0
2024-11-26 23:05:20	61.38139041	47.91127427	47.98181	1	0	0	0	0
2024-11-26 23:05:30	61.948426579999996	47.65341071	47.98181	1	0	0	0	0
2024-11-26 23:05:40	62.57465998	47.40256001	47.98181	1	0	0	0	0
2024-11-26 23:05:50	62.815438205	47.348780590000004	47.98181	1	0	0	0	0
2024-11-26 23:06:00	62.891021355	47.37946029	47.98181	1	0	0	0	0
2024-11-26 23:06:10	62.60281202	47.520520364999996	47.98181	1	0	0	0	0
2024-11-26 23:06:20	62.15869162	47.708886315	47.98181	1	0	0	0	0
2024-11-26 23:06:30	61.80716477	47.90609491	47.98181	1	0	0	0	0
2024-11-26 23:06:40	61.49532087	48.10709321	47.98181	1	0	0	0	0
2024-11-26 23:06:50	61.088557005	48.28573589	47.98181	1	0	0	0	0
2024-11-26 23:07:00	60.641113155	48.45479759	47.98181	1	0	0	0	0
2024-11-26 23:07:10	60.439186500000005	48.524466465	47.98181	1	0	0	0	0
2024-11-26 23:07:20	60.342481500000005	48.551538415	47.98181	1	0	0	0	0
2024-11-26 23:07:30	60.54596226	48.4409505	47.98181	1	0	0	0	0
2024-11-26 23:07:40	60.87809406	48.2713655	47.98181	1	0	0	0	0
2024-11-26 23:07:50	61.2095026990099	48.06356677227723	47.98181	1	0	0	0	0
2024-11-26 23:08:00	61.540601411881184	47.839390732673266	47.98181	1	0	0	0	0
2024-11-26 23:08:10	62.012707070707066	47.62766650909091	47.98181	1	0	0	0	0
2024-11-26 23:08:20	62.55116893939394	47.42180196363636	47.98181	1	0	0	0	0
2024-11-26 23:08:30	62.705039875000004	47.392398455	47.98181	1	0	0	0	0
2024-11-26 23:08:40	62.694086125000005	47.438621105	47.98181	1	0	0	0	0
2024-11-26 23:08:50	62.366605500000006	47.607050875	47.98181	1	0	0	0	0
2024-11-26 23:09:00	61.9034705	47.827855125	47.98181	1	0	0	0	0
2024-11-26 23:09:10	61.559815	48.018398305	47.98181	1	0	0	0	0
2024-11-26 23:09:20	61.267365000000005	48.195972454999996	47.98181	1	0	0	0	0
2024-11-26 23:09:30	60.8754135	48.370016469999996	47.98181	1	0	0	0	0
2024-11-26 23:09:40	60.4408185	48.542547569999996	47.98181	1	0	0	0	0
2024-11-26 23:09:50	60.245354	48.602272375	47.98181	1	0	0	0	0
2024-11-26 23:10:00	60.152374	48.613651625	47.98181	1	0	0	0	0
2024-11-26 23:10:10	60.472387	48.44647939	47.98181	1	0	0	0	0
2024-11-26 23:10:20	60.969397	48.20278509	47.98181	1	0	0	0	0
2024-11-26 23:10:30	61.415555499999996	47.948158645	47.98181	1	0	0	0	0
2024-11-26 23:10:40	61.8399205	47.688846995	47.98181	1	0	0	0	0
2024-11-26 23:10:50	62.32170069	47.480528455	47.98181	1	0	0	0	0
2024-11-26 23:11:00	62.82808739	47.294064105000004	47.98181	1	0	0	0	0
2024-11-26 23:11:10	62.93722521	47.30238662	47.98181	1	0	0	0	0
2024-11-26 23:11:20	62.876113509999996	47.394189219999994	47.98181	1	0	0	0	0
2024-11-26 23:11:30	62.441319375	47.60853802	47.98181	1	0	0	0	0
2024-11-26 23:11:40	61.846375625	47.87540662	47.98181	1	0	0	0	0
2024-11-26 23:11:50	61.357714625	48.139850595	47.98181	1	0	0	0	0
2024-11-26 23:12:00	60.914603375	48.403255445	47.98181	1	0	0	0	0
2024-11-26 23:12:10	60.493400234999996	48.576690485	47.98181	1	0	0	0	0
2024-11-26 23:12:20	60.081586285	48.711567035	47.98181	1	0	0	0	0
2024-11-26 23:12:30	60.0258582039604	48.676662905940596	47.98181	1	0	0	0	0
2024-11-26 23:12:40	60.122738352475245	48.56899562871288	47.98181	1	0	0	0	0
2024-11-26 23:12:50	60.59525088080808	48.348783306060604	47.98181	1	0	0	0	0
2024-11-26 23:13:00	61.24453158787879	48.07560860909091	47.98181	1	0	0	0	0
2024-11-26 23:13:10	61.750302770000005	47.803930895	47.98181	1	0	0	0	0
2024-11-26 23:13:20	62.194569869999995	47.532894745	47.98181	1	0	0	0	0
2024-11-26 23:13:30	62.56331747	47.381990845000004	47.98181	1	0	0	0	0
2024-11-26 23:13:40	62.89969957	47.282572195	47.98181	1	0	0	0	0
2024-11-26 23:13:50	62.82951161826923	47.39072989326923	47.98181	1	0	0	0	0
2024-11-26 23:14:00	62.58507935865385	47.58784888365385	47.98181	1	0	0	0	0
2024-11-26 23:14:10	62.11063599166667	47.812747567708335	47.98181	1	0	0	0	0
2024-11-26 23:14:20	61.495218075000004	48.054672515625	47.98181	1	0	0	0	0
2024-11-26 23:14:30	61.064954755	48.2723964	47.98181	1	0	0	0	0
2024-11-26 23:14:40	60.714043405	48.4797484	47.98181	1	0	0	0	0
2024-11-26 23:14:50	60.448853915	48.579020295	47.98181	1	0	0	0	0
2024-11-26 23:15:00	60.220402365	48.631972145	47.98181	1	0	0	0	0
2024-11-26 23:15:10	60.308678485	48.535457265	47.98181	1	0	0	0	0
2024-11-26 23:15:20	60.532695034999996	48.374885215	47.98181	1	0	0	0	0
2024-11-26 23:15:30	61.033852259999996	48.130412705	47.98181	1	0	0	0	0
2024-11-26 23:15:40	61.65378406	47.849982855	47.98181	1	0	0	0	0
2024-11-26 23:15:50	62.15494707	47.596899415	47.98181	1	0	0	0	0
2024-11-26 23:16:00	62.605209169999995	47.355535865	47.98181	1	0	0	0	0
2024-11-26 23:16:10	62.796502069999995	47.294179135	47.98181	1	0	0	0	0
2024-11-26 23:16:20	62.87680817	47.309968185	47.98181	1	0	0	0	0
2024-11-26 23:16:30	62.6741455	47.456222185	47.98181	1	0	0	0	0
2024-11-26 23:16:40	62.3502105	47.658389735	47.98181	1	0	0	0	0
2024-11-26 23:16:50	61.83576238	47.902176345	47.98181	1	0	0	0	0
2024-11-26 23:17:00	61.239665779999996	48.163799695	47.98181	1	0	0	0	0
2024-11-26 23:17:10	61.0608368	48.2422867	47.98181	1	0	0	0	0
2024-11-26 23:17:20	60.56534242201835	48.51502398073394	47.98181	1	0	0	0	0
2024-11-26 23:17:30	60.321355000000004	48.611174365	47.98181	1	0	0	0	0
2024-11-26 23:17:40	60.241605	48.600573315	47.98181	1	0	0	0	0
2024-11-26 23:17:50	60.423914	48.455697949999994	47.98181	1	0	0	0	0
2024-11-26 23:18:00	60.718534	48.253276449999994	47.98181	1	0	0	0	0
2024-11-26 23:18:10	61.2676495	47.999929005	47.98181	1	0	0	0	0
2024-11-26 23:18:20	61.9258345	47.724756155	47.98181	1	0	0	0	0
2024-11-26 23:18:30	62.401616999999995	47.48177872	47.98181	1	0	0	0	0
2024-11-26 23:18:40	62.799226999999995	47.252599319999995	47.98181	1	0	0	0	0
2024-11-26 23:18:50	62.882130159999996	47.24908865	47.98181	1	0	0	0	0
2024-11-26 23:19:00	62.83015896	47.34229315	47.98181	1	0	0	0	0
2024-11-26 23:19:10	62.573228285	47.525825475	47.98181	1	0	0	0	0
2024-11-26 23:19:20	62.228457835	47.748069725	47.98181	1	0	0	0	0
2024-11-26 23:19:30	61.69793815	47.994653675	47.98181	1	0	0	0	0
2024-11-26 23:19:40	61.08781165	48.251668925	47.98181	1	0	0	0	0
2024-11-26 23:19:50	60.67301406	48.456536275	47.98181	1	0	0	0	0
2024-11-26 23:20:00	60.341928859999996	48.639054525	47.98181	1	0	0	0	0
2024-11-26 23:20:10	60.192519385	48.683156	47.98181	1	0	0	0	0
2024-11-26 23:20:20	60.120970935	48.667936	47.98181	1	0	0	0	0
2024-11-26 23:20:30	60.323281875000006	48.5060205	47.98181	1	0	0	0	0
2024-11-26 23:20:40	60.642961125	48.2812355	47.98181	1	0	0	0	0
2024-11-26 23:20:50	61.185333685	48.030372	47.98181	1	0	0	0	0
2024-11-26 23:21:00	61.823146235	47.768332	47.98181	1	0	0	0	0
2024-11-26 23:21:10	62.281638	47.5441039	47.98181	1	0	0	0	0
2024-11-26 23:21:20	62.663278	47.3360809	47.98181	1	0	0	0	0
2024-11-26 23:21:30	62.765714005	47.3159981	47.98181	1	0	0	0	0
2024-11-26 23:21:40	62.748491154999996	47.3764611	47.98181	1	0	0	0	0
2024-11-26 23:21:50	62.536182294999996	47.52916646	47.98181	1	0	0	0	0
2024-11-26 23:22:00	62.240265145	47.72140426	47.98181	1	0	0	0	0
2024-11-26 23:22:10	61.768713305	47.94468664	47.98181	1	0	0	0	0
2024-11-26 23:22:20	61.221889454999996	48.181273839999996	47.98181	1	0	0	0	0
2024-11-26 23:22:30	60.814930995	48.379741804999995	47.98181	1	0	0	0	0
2024-11-26 23:22:40	60.467914845	48.561872955	47.98181	1	0	0	0	0
2024-11-26 23:22:50	60.297768500000004	48.61767122	47.98181	1	0	0	0	0
2024-11-26 23:23:00	60.2034235	48.619326820000005	47.98181	1	0	0	0	0
2024-11-26 23:23:10	60.390997235	48.478280875	47.98181	1	0	0	0	0
2024-11-26 23:23:20	60.699393285	48.276077125	47.98181	1	0	0	0	0
2024-11-26 23:23:30	61.21042901	48.03490049	47.98181	1	0	0	0	0
2024-11-26 23:23:40	61.808310309999996	47.77702119	47.98181	1	0	0	0	0
2024-11-26 23:23:50	62.284718055	47.53670307	47.98181	1	0	0	0	0
2024-11-26 23:24:00	62.709065705	47.30391117	47.98181	1	0	0	0	0
2024-11-26 23:24:10	62.829150375	47.273579185	47.98181	1	0	0	0	0
2024-11-26 23:24:20	62.818836625	47.330015734999996	47.98181	1	0	0	0	0
2024-11-26 23:24:30	62.58445949	47.510681354999996	47.98181	1	0	0	0	0
2024-11-26 23:24:40	62.25405519	47.744588005	47.98181	1	0	0	0	0
2024-11-26 23:24:50	61.740243505	47.9842755	47.98181	1	0	0	0	0
2024-11-26 23:25:00	61.147828655000005	48.2264405	47.98181	1	0	0	0	0
2024-11-26 23:25:10	60.71305692	48.43165026	47.98181	1	0	0	0	0
2024-11-26 23:25:20	60.34584652	48.62102206	47.98181	1	0	0	0	0
2024-11-26 23:25:30	60.220116975	48.65281784	47.98181	1	0	0	0	0
2024-11-26 23:25:40	60.197879225	48.61708104	47.98181	1	0	0	0	0
2024-11-26 23:25:50	60.428224015	48.44335541	47.98181	1	0	0	0	0
2024-11-26 23:26:00	60.766818465	48.21049171000001	47.98181	1	0	0	0	0
2024-11-26 23:26:10	61.37266042	47.92986519	47.98181	1	0	0	0	0
2024-11-26 23:26:20	62.093037020000004	47.62876889	47.98181	1	0	0	0	0
2024-11-26 23:26:30	62.573762425	47.4152295	47.98181	1	0	0	0	0
2024-11-26 23:26:40	62.951780174999996	47.2392145	47.98181	1	0	0	0	0
2024-11-26 23:26:50	62.897803075	47.291088945	47.98181	1	0	0	0	0
2024-11-26 23:27:00	62.658685325	47.440630295000005	47.98181	1	0	0	0	0
2024-11-26 23:27:10	62.346503500000004	47.643866755	47.98181	1	0	0	0	0
2024-11-26 23:27:20	62.0030085	47.870115405	47.98181	1	0	0	0	0
2024-11-26 23:27:30	61.464319689999996	48.116989485	47.98181	1	0	0	0	0
2024-11-26 23:27:40	60.84197639	48.372703035	47.98181	1	0	0	0	0
2024-11-26 23:27:50	60.479717985	48.527820774999995	47.98181	1	0	0	0	0
2024-11-26 23:28:00	60.228924535	48.639826025	47.98181	1	0	0	0	0
2024-11-26 23:28:10	60.290012725	48.587842939999994	47.98181	1	0	0	0	0
2024-11-26 23:28:20	60.484764475000006	48.465579139999996	47.98181	1	0	0	0	0
2024-11-26 23:28:30	60.826261915	48.257230424999996	47.98181	1	0	0	0	0
2024-11-26 23:28:40	61.230650365	48.011988175	47.98181	1	0	0	0	0
2024-11-26 23:28:50	61.774104735	47.759717574999996	47.98181	1	0	0	0	0
2024-11-26 23:29:00	62.377158785	47.504434825	47.98181	1	0	0	0	0
2024-11-26 23:29:10	62.68788475	47.383215725	47.98181	1	0	0	0	0
2024-11-26 23:29:20	62.873327249999996	47.319452475	47.98181	1	0	0	0	0
2024-11-26 23:29:30	62.667534499999995	47.433920775	47.98181	1	0	0	0	0
2024-11-26 23:29:40	62.2940695	47.624774025	47.98181	1	0	0	0	0
2024-11-26 23:29:50	61.9125475	47.857844345	47.98181	1	0	0	0	0
2024-11-26 23:30:00	61.527572500000005	48.109007695	47.98181	1	0	0	0	0
2024-11-26 23:30:10	61.044461	48.323817840000004	47.98181	1	0	0	0	0
2024-11-26 23:30:20	60.519290999999996	48.52304804	47.98181	1	0	0	0	0
2024-11-26 23:30:30	60.248521159999996	48.624072615	47.98181	1	0	0	0	0
2024-11-26 23:30:40	60.08677996	48.683009065	47.98181	1	0	0	0	0
2024-11-26 23:30:50	60.30536444	48.553911375	47.98181	1	0	0	0	0
2024-11-26 23:31:00	60.68694564	48.344227625	47.98181	1	0	0	0	0
2024-11-26 23:31:10	61.117554	48.083365125	47.98181	1	0	0	0	0
2024-11-26 23:31:20	61.569174	47.800568875	47.98181	1	0	0	0	0
2024-11-26 23:31:30	62.157847	47.535216765	47.98181	1	0	0	0	0
2024-11-26 23:31:40	62.805257	47.277340715	47.98181	1	0	0	0	0
2024-11-26 23:31:50	63.05716133	47.21411706	47.98181	1	0	0	0	0
2024-11-26 23:32:00	63.13956323	47.23431586	47.98181	1	0	0	0	0
2024-11-26 23:32:10	62.818253150000004	47.399833575	47.98181	1	0	0	0	0
2024-11-26 23:32:20	62.32392365	47.627630825000004	47.98181	1	0	0	0	0
2024-11-26 23:32:30	61.89797512	47.8788709	47.98181	1	0	0	0	0
2024-11-26 23:32:40	61.50133272	48.1401579	47.98181	1	0	0	0	0
2024-11-26 23:32:50	60.95894962	48.380339445000004	47.98181	1	0	0	0	0
2024-11-26 23:33:00	60.35410622	48.611475795000004	47.98181	1	0	0	0	0
2024-11-26 23:33:10	60.06653558	48.7202288	47.98181	1	0	0	0	0
2024-11-26 23:33:20	59.914938979999995	48.7765318	47.98181	1	0	0	0	0
2024-11-26 23:33:30	60.1176205	48.653926840000004	47.98181	1	0	0	0	0
2024-11-26 23:33:40	60.4721355	48.454647040000005	47.98181	1	0	0	0	0
2024-11-26 23:33:50	60.902415000000005	48.194886015	47.98181	1	0	0	0	0
2024-11-26 23:34:00	61.365165000000005	47.909204465	47.98181	1	0	0	0	0
2024-11-26 23:34:10	62.005838655	47.619499000000005	47.98181	1	0	0	0	0
2024-11-26 23:34:20	62.722765304999996	47.328069	47.98181	1	0	0	0	0
2024-11-26 23:34:30	63.010532275124376	47.25215343283582	47.98181	1	0	0	0	0
2024-11-26 23:34:40	63.1143736681592	47.26860119402985	47.98181	1	0	0	0	0
2024-11-26 23:34:50	62.788172085427135	47.428857699497485	47.98181	1	0	0	0	0
2024-11-26 23:35:00	62.26876278894473	47.653723930653264	47.98181	1	0	0	0	0
2024-11-26 23:35:10	61.82653619	47.89582064	47.98181	1	0	0	0	0
2024-11-26 23:35:20	61.41738789	48.14530184	47.98181	1	0	0	0	0
2024-11-26 23:35:30	60.88172621	48.387342530000005	47.98181	1	0	0	0	0
2024-11-26 23:35:40	60.29184451	48.626194430000005	47.98181	1	0	0	0	0
2024-11-26 23:35:50	59.9824505	48.7384101	47.98181	1	0	0	0	0
2024-11-26 23:36:00	59.793265500000004	48.7963531	47.98181	1	0	0	0	0
2024-11-26 23:36:10	60.06074083	48.6519079	47.98181	1	0	0	0	0
2024-11-26 23:36:20	60.523927730000004	48.4207249	47.98181	1	0	0	0	0
2024-11-26 23:36:30	60.99908106	48.129841	47.98181	1	0	0	0	0
2024-11-26 23:36:40	61.47936286	47.813371	47.98181	1	0	0	0	0
2024-11-26 23:36:50	62.10229948	47.54622832	47.98181	1	0	0	0	0
2024-11-26 23:37:00	62.78637388	47.30022592	47.98181	1	0	0	0	0
2024-11-26 23:37:10	63.00952985	47.25195315	47.98181	1	0	0	0	0
2024-11-26 23:37:20	63.03514935	47.28842165	47.98181	1	0	0	0	0
2024-11-26 23:37:30	62.71528938	47.44858323	47.98181	1	0	0	0	0
2024-11-26 23:37:40	62.24736678	47.66175613	47.98181	1	0	0	0	0
2024-11-26 23:37:50	61.838062915	47.9012477	47.98181	1	0	0	0	0
2024-11-26 23:38:00	61.453881365	48.1520187	47.98181	1	0	0	0	0
2024-11-26 23:38:10	60.991796535	48.350758	47.98181	1	0	0	0	0
2024-11-26 23:38:20	60.496324585	48.527198	47.98181	1	0	0	0	0
2024-11-26 23:38:30	60.27987995	48.590323014999996	47.98181	1	0	0	0	0
2024-11-26 23:38:40	60.18301845	48.604884465	47.98181	1	0	0	0	0
2024-11-26 23:38:50	60.405895425	48.485346215	47.98181	1	0	0	0	0
2024-11-26 23:39:00	60.765803175	48.308336665	47.98181	1	0	0	0	0
2024-11-26 23:39:10	61.134465055	48.08732697	47.98181	1	0	0	0	0
2024-11-26 23:39:20	61.506878705	47.847460070000004	47.98181	1	0	0	0	0
2024-11-26 23:39:30	62.02646382	47.617347285	47.98181	1	0	0	0	0
2024-11-26 23:39:40	62.60912242	47.391414835	47.98181	1	0	0	0	0
2024-11-26 23:39:50	62.817471	47.333730114999994	47.98181	1	0	0	0	0
2024-11-26 23:40:00	62.865401	47.348151564999995	47.98181	1	0	0	0	0
2024-11-26 23:40:10	62.575678194999995	47.49891394	47.98181	1	0	0	0	0
2024-11-26 23:40:20	62.141247045	47.70810814	47.98181	1	0	0	0	0
2024-11-26 23:40:30	61.763435395	47.930180660000005	47.98181	1	0	0	0	0
2024-11-26 23:40:40	61.409889245	48.157772460000004	47.98181	1	0	0	0	0
2024-11-26 23:40:50	60.99968751	48.332685760000004	47.98181	1	0	0	0	0
2024-11-26 23:41:00	60.56520481	48.485022560000004	47.98181	1	0	0	0	0
2024-11-26 23:41:10	60.40130123	48.52767384	47.98181	1	0	0	0	0
2024-11-26 23:41:20	60.35336013	48.52331704	47.98181	1	0	0	0	0
2024-11-26 23:41:30	60.61778927	48.38419939	47.98181	1	0	0	0	0
2024-11-26 23:41:40	61.01609137	48.18732709	47.98181	1	0	0	0	0
2024-11-26 23:41:50	61.404255299999996	47.962068005	47.98181	1	0	0	0	0
2024-11-26 23:42:00	61.7880743	47.724643154999995	47.98181	1	0	0	0	0
2024-11-26 23:42:10	62.24477668316832	47.525462734653466	47.98181	1	0	0	0	0
2024-11-26 23:42:20	62.732714801980194	47.34267278415842	47.98181	1	0	0	0	0
2024-11-26 23:42:30	62.8276849678392	47.34462909547739	47.98181	1	0	0	0	0
2024-11-26 23:42:40	62.737729038190956	47.4335248241206	47.98181	1	0	0	0	0
2024-11-26 23:42:50	62.35776492964824	47.625261966834174	47.98181	1	0	0	0	0
2024-11-26 23:43:00	61.84750729145728	47.863203223115576	47.98181	1	0	0	0	0
2024-11-26 23:43:10	61.4489015	48.07656212	47.98181	1	0	0	0	0
2024-11-26 23:43:20	61.0981465	48.27938572	47.98181	1	0	0	0	0
2024-11-26 23:43:30	60.76644499502488	48.420780581094526	47.98181	1	0	0	0	0
2024-11-26 23:43:40	60.44290927363184	48.535848839801	47.98181	1	0	0	0	0
2024-11-26 23:43:50	60.37526233567839	48.5195907040201	47.98181	1	0	0	0	0
2024-11-26 23:44:00	60.42257992361809	48.444330854773874	47.98181	1	0	0	0	0
2024-11-26 23:44:10	60.772979145	48.281387885	47.98181	1	0	0	0	0
2024-11-26 23:44:20	61.253270495	48.080866435000004	47.98181	1	0	0	0	0
2024-11-26 23:44:30	61.694396635000004	47.83186855	47.98181	1	0	0	0	0
2024-11-26 23:44:40	62.118737685	47.56209505	47.98181	1	0	0	0	0
2024-11-26 23:44:50	62.496235435	47.410694105	47.98181	1	0	0	0	0
2024-11-26 23:45:00	62.853657485	47.310024254999995	47.98181	1	0	0	0	0
2024-11-26 23:45:10	62.81048147	47.38658142	47.98181	1	0	0	0	0
2024-11-26 23:45:20	62.59562057	47.539093019999996	47.98181	1	0	0	0	0
2024-11-26 23:45:30	62.138286494999996	47.75211066	47.98181	1	0	0	0	0
2024-11-26 23:45:40	61.577035345	47.99105946	47.98181	1	0	0	0	0
2024-11-26 23:45:50	61.179165	48.204918265	47.98181	1	0	0	0	0
2024-11-26 23:46:00	60.851315	48.408024215	47.98181	1	0	0	0	0
2024-11-26 23:46:10	60.542678880000004	48.5382847	47.98181	1	0	0	0	0
2024-11-26 23:46:20	60.24227728	48.6373257	47.98181	1	0	0	0	0
2024-11-26 23:46:30	60.150840345	48.6291757	47.98181	1	0	0	0	0
2024-11-26 23:46:40	60.148959695	48.5750867	47.98181	1	0	0	0	0
2024-11-26 23:46:50	60.546315575	48.377182000000005	47.98181	1	0	0	0	0
2024-11-26 23:47:00	61.114772825	48.117642000000004	47.98181	1	0	0	0	0
2024-11-26 23:47:10	61.28531	48.03978	47.98181	1	0	0	0	0
2024-11-26 23:47:20	61.879869	47.677957	47.98181	1	0	0	0	0
2024-11-26 23:47:30	62.478454830000004	47.403698375	47.98181	1	0	0	0	0
2024-11-26 23:47:40	62.96956173	47.233424625	47.98181	1	0	0	0	0
2024-11-26 23:47:50	63.00559947	47.270502074999996	47.98181	1	0	0	0	0
2024-11-26 23:48:00	62.846607569999996	47.396444325	47.98181	1	0	0	0	0
2024-11-26 23:48:10	62.451625055	47.591736624999996	47.98181	1	0	0	0	0
2024-11-26 23:48:20	61.955503705	47.816750375	47.98181	1	0	0	0	0
2024-11-26 23:48:30	61.493691245	48.072170655	47.98181	1	0	0	0	0
2024-11-26 23:48:40	61.046582595	48.340622305000004	47.98181	1	0	0	0	0
2024-11-26 23:48:50	60.576532705	48.54309507	47.98181	1	0	0	0	0
2024-11-26 23:49:00	60.096650855	48.71729117	47.98181	1	0	0	0	0
2024-11-26 23:49:10	60.009057405	48.7004145	47.98181	1	0	0	0	0
2024-11-26 23:49:20	60.089587555	48.6016495	47.98181	1	0	0	0	0
2024-11-26 23:49:30	60.500958801923076	48.388362447115384	47.98181	1	0	0	0	0
2024-11-26 23:49:40	61.05411909038461	48.12599451442308	47.98181	1	0	0	0	0
2024-11-26 23:49:50	61.55966604166667	47.84788023854167	47.98181	1	0	0	0	0
2024-11-26 23:50:00	62.036030624999995	47.560114978125	47.98181	1	0	0	0	0
2024-11-26 23:50:10	62.46912682	47.392107509999995	47.98181	1	0	0	0	0
2024-11-26 23:50:20	62.88367942	47.27542481	47.98181	1	0	0	0	0
2024-11-26 23:50:30	62.84957738	47.358102705	47.98181	1	0	0	0	0
2024-11-26 23:50:40	62.623194780000006	47.526220855000005	47.98181	1	0	0	0	0
2024-11-26 23:50:50	62.162291950000004	47.743772095000004	47.98181	1	0	0	0	0
2024-11-26 23:51:00	61.60088045	47.982508945	47.98181	1	0	0	0	0
2024-11-26 23:51:10	61.19576705	48.195173	47.98181	1	0	0	0	0
2024-11-26 23:51:20	60.85763855	48.396663000000004	47.98181	1	0	0	0	0
2024-11-26 23:51:30	60.54011	48.52546052	47.98181	1	0	0	0	0
2024-11-26 23:51:40	60.231410000000004	48.62310412	47.98181	1	0	0	0	0
2024-11-26 23:51:50	60.230763935	48.56803768	47.98181	1	0	0	0	0
2024-11-26 23:52:00	60.362140984999996	48.44752408	47.98181	1	0	0	0	0
2024-11-26 23:52:10	60.81618174	48.226366999999996	47.98181	1	0	0	0	0
2024-11-26 23:52:20	61.40850694	47.962077	47.98181	1	0	0	0	0
2024-11-26 23:52:30	61.901759425	47.697066	47.98181	1	0	0	0	0
2024-11-26 23:52:40	62.352552175	47.431746000000004	47.98181	1	0	0	0	0
2024-11-26 23:52:50	62.670813925	47.313659135	47.98181	1	0	0	0	0
2024-11-26 23:53:00	62.932276675000004	47.258672185	47.98181	1	0	0	0	0
2024-11-26 23:53:10	62.815979385000006	47.37637009	47.98181	1	0	0	0	0
2024-11-26 23:53:20	62.537784935000005	47.56807579	47.98181	1	0	0	0	0
2024-11-26 23:53:30	62.04780195	47.800887905	47.98181	1	0	0	0	0
2024-11-26 23:53:40	61.467052450000004	48.051317055	47.98181	1	0	0	0	0
2024-11-26 23:53:50	61.06117478	48.267230045	47.98181	1	0	0	0	0
2024-11-26 23:54:00	60.730242180000005	48.468350395	47.98181	1	0	0	0	0
2024-11-26 23:54:10	60.46104006	48.576630725	47.98181	1	0	0	0	0
2024-11-26 23:54:20	60.21829386	48.645122475	47.98181	1	0	0	0	0
2024-11-26 23:54:30	60.310878955223885	48.527766517412935	47.98181	1	0	0	0	0
2024-11-26 23:54:40	60.54717746268657	48.330761542288556	47.98181	1	0	0	0	0
2024-11-26 23:54:50	61.05201515276382	48.09422986532663	47.98181	1	0	0	0	0
2024-11-26 23:55:00	61.677500881407035	47.839939815075375	47.98181	1	0	0	0	0
2024-11-26 23:55:10	62.160739485	47.59439259	47.98181	1	0	0	0	0
2024-11-26 23:55:20	62.583015035	47.352592290000004	47.98181	1	0	0	0	0
2024-11-26 23:55:30	62.787244505000004	47.28463993	47.98181	1	0	0	0	0
2024-11-26 23:55:40	62.898025655	47.29119383	47.98181	1	0	0	0	0
2024-11-26 23:55:50	62.692800298507464	47.446615044776124	47.98181	1	0	0	0	0
2024-11-26 23:56:00	62.35214358208955	47.66583653731344	47.98181	1	0	0	0	0
2024-11-26 23:56:10	61.83943112361809	47.90959575778895	47.98181	1	0	0	0	0
2024-11-26 23:56:20	61.24941825929648	48.16437917487438	47.98181	1	0	0	0	0
2024-11-26 23:56:30	60.84425136	48.366225605000004	47.98181	1	0	0	0	0
2024-11-26 23:56:40	60.51830416	48.545384755	47.98181	1	0	0	0	0
2024-11-26 23:56:50	60.3323515	48.61079499	47.98181	1	0	0	0	0
2024-11-26 23:57:00	60.206396500000004	48.627455690000005	47.98181	1	0	0	0	0
2024-11-26 23:57:10	60.327462645	48.512624715	47.98181	1	0	0	0	0
2024-11-26 23:57:20	60.554394994999996	48.341440165	47.98181	1	0	0	0	0
2024-11-26 23:57:30	61.031281105	48.118713740000004	47.98181	1	0	0	0	0
2024-11-26 23:57:40	61.615290255	47.87389794	47.98181	1	0	0	0	0
2024-11-26 23:57:50	62.05510119	47.64887758	47.98181	1	0	0	0	0
2024-11-26 23:58:00	62.433112890000004	47.43234098	47.98181	1	0	0	0	0
2024-11-26 23:58:10	62.497050655	47.4385399	47.98181	1	0	0	0	0
2024-11-26 23:58:20	62.426385305	47.540196900000005	47.98181	1	0	0	0	0
2024-11-26 23:58:30	62.151887515	47.724060640000005	47.98181	1	0	0	0	0
2024-11-26 23:58:40	61.790032965	47.94315584	47.98181	1	0	0	0	0
2024-11-26 23:58:50	61.352287495000006	48.13936636	47.98181	1	0	0	0	0
2024-11-26 23:59:00	60.882017345	48.32576916	47.98181	1	0	0	0	0
2024-11-26 23:59:10	60.611644935	48.438783785	47.98181	1	0	0	0	0
2024-11-26 23:59:20	60.426942985	48.520346335	47.98181	1	0	0	0	0
2024-11-26 23:59:30	60.472192925	48.481003205	47.98181	1	0	0	0	0
2024-11-26 23:59:40	60.615993675	48.389843355000004	47.98181	1	0	0	0	0
2024-11-26 23:59:50	60.866255535	48.220007495000004	47.98181	1	0	0	0	0
2024-11-27 00:00:00	61.162143584999995	48.016453345	47.98181	1	0	0	0	0
