PROCESSDATA	2111LIC31102B Data	yyyy-MM-dd HH:mm:ss
8	10	2024-11-08 21:55:00	751
tagname	2111LIC31102B.MV	2111LIC31102B.PV	2111LIC31102B.SV	2111LIC31102B.MODE	bOpOFL	bPvOFL	bSpOFL	bAutOFL
desc	C301中段_OP	C301中段_PV	C301中段_SP	Aut	bOpOFL	bPvOFL	bSpOFL	bAutOFL
fsMax=1.9551340275000015	fsMin=0	fsGridNum=10	fdMax=1.9551340275000015tfdMin=0	fdGridNum=10	v0GridNum=10	L=24
2024-11-08 21:55:00	62.548416939999996	47.533839802500005	47.98181	1	0	0	0	0
2024-11-08 21:55:10	62.26627334	47.7221429525	47.98181	1	0	0	0	0
2024-11-08 21:55:20	61.91251225	47.91589737	47.98181	1	0	0	0	0
2024-11-08 21:55:30	61.42574725	48.11977557	47.98181	1	0	0	0	0
2024-11-08 21:55:40	60.9897795	48.3105400575	47.98181	1	0	0	0	0
2024-11-08 21:55:50	60.6481495	48.4769505075	47.98181	1	0	0	0	0
2024-11-08 21:56:00	60.3903529175	48.5793795225	47.98181	1	0	0	0	0
2024-11-08 21:56:10	60.2882469675	48.5629858725	47.98181	1	0	0	0	0
2024-11-08 21:56:20	60.3178449325	48.481342999999995	47.98181	1	0	0	0	0
2024-11-08 21:56:30	60.5920358825	48.278523	47.98181	1	0	0	0	0
2024-11-08 21:56:40	60.980106	48.0621113625	47.98181	1	0	0	0	0
2024-11-08 21:56:50	61.579666	47.8204581125	47.98181	1	0	0	0	0
2024-11-08 21:57:00	62.0955276475	47.60119382	47.98181	1	0	0	0	0
2024-11-08 21:57:10	62.4559494975	47.42350902	47.98181	1	0	0	0	0
2024-11-08 21:57:20	62.662775142499996	47.3454233	47.98181	1	0	0	0	0
2024-11-08 21:57:30	62.584350692499996	47.4523073	47.98181	1	0	0	0	0
2024-11-08 21:57:40	62.36616451144278	47.59661108159204	47.98181	1	0	0	0	0
2024-11-08 21:57:50	61.888420829850745	47.81040874328358	47.98181	1	0	0	0	0
2024-11-08 21:58:00	61.4631396482412	48.01997732663317	47.98181	1	0	0	0	0
2024-11-08 21:58:10	61.13969743718593	48.221336522613065	47.98181	1	0	0	0	0
2024-11-08 21:58:20	60.8433145	48.389077747500004	47.98181	1	0	0	0	0
2024-11-08 21:58:30	60.5971845	48.4943855975	47.98181	1	0	0	0	0
2024-11-08 21:58:40	60.44998283582089	48.535117180099505	47.98181	1	0	0	0	0
2024-11-08 21:58:50	60.4865052238806	48.45592140895523	47.98181	1	0	0	0	0
2024-11-08 21:59:00	60.67570055376884	48.32883045025126	47.98181	1	0	0	0	0
2024-11-08 21:59:10	61.16126100603015	48.10876648040201	47.98181	1	0	0	0	0
2024-11-08 21:59:20	61.604390905	47.890597015	47.98181	1	0	0	0	0
2024-11-08 21:59:30	61.968721205	47.675945915	47.98181	1	0	0	0	0
2024-11-08 21:59:40	62.2881226175	47.51246555	47.98181	1	0	0	0	0
2024-11-08 21:59:50	62.524084667500006	47.44401655	47.98181	1	0	0	0	0
2024-11-08 22:00:00	62.604448250000004	47.4415977625	47.98181	1	0	0	0	0
2024-11-08 22:00:10	62.39584325	47.5618065125	47.98181	1	0	0	0	0
2024-11-08 22:00:20	62.154753	47.711126075	47.98181	1	0	0	0	0
2024-11-08 22:00:30	61.853333	47.914508575	47.98181	1	0	0	0	0
2024-11-08 22:00:40	61.49534606965174	48.11165097114428	47.98181	1	0	0	0	0
2024-11-08 22:00:50	61.03230626865672	48.297204602985076	47.98181	1	0	0	0	0
2024-11-08 22:01:00	60.651100026130656	48.44588075376885	47.98181	1	0	0	0	0
2024-11-08 22:01:10	60.42874716180905	48.52297120603015	47.98181	1	0	0	0	0
2024-11-08 22:01:20	60.345646685	48.53052175	47.98181	1	0	0	0	0
2024-11-08 22:01:30	60.521157785	48.40892675	47.98181	1	0	0	0	0
2024-11-08 22:01:40	60.759890155	48.249087967499996	47.98181	1	0	0	0	0
2024-11-08 22:01:50	61.116033455	48.0182250175	47.98181	1	0	0	0	0
2024-11-08 22:02:00	61.54630563482587	47.78570965472637	47.98181	1	0	0	0	0
2024-11-08 22:02:10	62.114245734328364	47.55012552537313	47.98181	1	0	0	0	0
2024-11-08 22:02:20	62.54795943819096	47.3898538080402	47.98181	1	0	0	0	0
2024-11-08 22:02:30	62.72111602110553	47.37577677286432	47.98181	1	0	0	0	0
2024-11-08 22:02:40	62.70476544676617	47.43338258308457	47.98181	1	0	0	0	0
2024-11-08 22:02:50	62.336473008955224	47.62411367761194	47.98181	1	0	0	0	0
2024-11-08 22:03:00	61.9198113	47.826676604	47.98181	1	0	0	0	0
2024-11-08 22:03:10	61.4092563	48.052207204	47.98181	1	0	0	0	0
2024-11-08 22:03:20	60.988126365829146	48.25203330954774	47.98181	1	0	0	0	0
2024-11-08 22:03:30	60.740586265326634	48.40196245527638	47.98181	1	0	0	0	0
2024-11-08 22:03:40	60.52990554	48.5065280325	47.98181	1	0	0	0	0
2024-11-08 22:03:50	60.387677939999996	48.526846982500004	47.98181	1	0	0	0	0
2024-11-08 22:04:00	60.413951155	48.47072161	47.98181	1	0	0	0	0
2024-11-08 22:04:10	60.753154455	48.27262821	47.98181	1	0	0	0	0
2024-11-08 22:04:20	61.108187695	48.06555129	47.98181	1	0	0	0	0
2024-11-08 22:04:30	61.492619395	47.84179069	47.98181	1	0	0	0	0
2024-11-08 22:04:40	61.92056775	47.6262331975	47.98181	1	0	0	0	0
2024-11-08 22:04:50	62.42933275	47.4259100475	47.98181	1	0	0	0	0
2024-11-08 22:05:00	62.77092750248756	47.31635621641791	47.98181	1	0	0	0	0
2024-11-08 22:05:10	62.8020632238806	47.375373977611936	47.98181	1	0	0	0	0
2024-11-08 22:05:20	62.68481658	47.481445304	47.98181	1	0	0	0	0
2024-11-08 22:05:30	62.27953358	47.678855904	47.98181	1	0	0	0	0
2024-11-08 22:05:40	61.89918655075377	47.88406190201005	47.98181	1	0	0	0	0
2024-11-08 22:05:50	61.56724464120603	48.10440014321608	47.98181	1	0	0	0	0
2024-11-08 22:06:00	61.18149923	48.305713385	47.98181	1	0	0	0	0
2024-11-08 22:06:10	60.69583303	48.471694485	47.98181	1	0	0	0	0
2024-11-08 22:06:20	60.3800765	48.570352315	47.98181	1	0	0	0	0
2024-11-08 22:06:30	60.3798665	48.543981215	47.98181	1	0	0	0	0
2024-11-08 22:06:40	60.462396150000004	48.47044275	47.98181	1	0	0	0	0
2024-11-08 22:06:50	60.69858515	48.309307749999995	47.98181	1	0	0	0	0
2024-11-08 22:07:00	61.072266575	48.108872999999996	47.98181	1	0	0	0	0
2024-11-08 22:07:10	61.701291075	47.835453	47.98181	1	0	0	0	0
2024-11-08 22:07:20	62.235718625000004	47.592636405	47.98181	1	0	0	0	0
2024-11-08 22:07:30	62.594466125000004	47.406654705	47.98181	1	0	0	0	0
2024-11-08 22:07:40	62.78757098	47.313383945	47.98181	1	0	0	0	0
2024-11-08 22:07:50	62.67305378	47.392290644999996	47.98181	1	0	0	0	0
2024-11-08 22:08:00	62.45415902	47.528259	47.98181	1	0	0	0	0
2024-11-08 22:08:10	62.04142022	47.770199	47.98181	1	0	0	0	0
2024-11-08 22:08:20	61.641620955	48.00404248500001	47.98181	1	0	0	0	0
2024-11-08 22:08:30	61.265852255	48.222849585000006	47.98181	1	0	0	0	0
2024-11-08 22:08:40	60.878973645	48.4144244625	47.98181	1	0	0	0	0
2024-11-08 22:08:50	60.471462345	48.555425212500005	47.98181	1	0	0	0	0
2024-11-08 22:09:00	60.222497107500004	48.61489138	47.98181	1	0	0	0	0
2024-11-08 22:09:10	60.267974557500004	48.52293618	47.98181	1	0	0	0	0
2024-11-08 22:09:20	60.490370042500004	48.3709295375	47.98181	1	0	0	0	0
2024-11-08 22:09:30	61.041327592500004	48.107398787499996	47.98181	1	0	0	0	0
2024-11-08 22:09:40	61.544501095	47.849752027499996	47.98181	1	0	0	0	0
2024-11-08 22:09:50	61.958932794999996	47.603032677499996	47.98181	1	0	0	0	0
2024-11-08 22:10:00	62.328943877499995	47.4291367075	47.98181	1	0	0	0	0
2024-11-08 22:10:10	62.6164595275	47.390484157500005	47.98181	1	0	0	0	0
2024-11-08 22:10:20	62.723801495	47.4318328575	47.98181	1	0	0	0	0
2024-11-08 22:10:30	62.496535195	47.621755307499996	47.98181	1	0	0	0	0
2024-11-08 22:10:40	62.16345805	47.8176304525	47.98181	1	0	0	0	0
2024-11-08 22:10:50	61.63387505	48.0245606025	47.98181	1	0	0	0	0
2024-11-08 22:11:00	61.1217325325	48.230184290000004	47.98181	1	0	0	0	0
2024-11-08 22:11:10	60.6419794825	48.433381690000004	47.98181	1	0	0	0	0
2024-11-08 22:11:20	60.3014649725	48.57514975	47.98181	1	0	0	0	0
2024-11-08 22:11:30	60.2195363225	48.60283475	47.98181	1	0	0	0	0
2024-11-08 22:11:40	60.25397562	48.54849025	47.98181	1	0	0	0	0
2024-11-08 22:11:50	60.504526819999995	48.34180525	47.98181	1	0	0	0	0
2024-11-08 22:12:00	60.886197855	48.113849455	47.98181	1	0	0	0	0
2024-11-08 22:12:10	61.511377155	47.846390755	47.98181	1	0	0	0	0
2024-11-08 22:12:20	62.052710052500004	47.6030156425	47.98181	1	0	0	0	0
2024-11-08 22:12:30	62.4383282025	47.4043671925	47.98181	1	0	0	0	0
2024-11-08 22:12:40	62.684533985	47.306289125	47.98181	1	0	0	0	0
2024-11-08 22:12:50	62.671831085	47.394984625	47.98181	1	0	0	0	0
2024-11-08 22:13:00	62.5090813475	47.52329253	47.98181	1	0	0	0	0
2024-11-08 22:13:10	62.0676731975	47.72516633	47.98181	1	0	0	0	0
2024-11-08 22:13:20	61.646030509999996	47.9360963975	47.98181	1	0	0	0	0
2024-11-08 22:13:30	61.26109511	48.1638452475	47.98181	1	0	0	0	0
2024-11-08 22:13:40	60.908303325	48.3626114725	47.98181	1	0	0	0	0
2024-11-08 22:13:50	60.615206825	48.507552822499996	47.98181	1	0	0	0	0
2024-11-08 22:14:00	60.396745515000006	48.589165627499995	47.98181	1	0	0	0	0
2024-11-08 22:14:10	60.316892415000005	48.5531682775	47.98181	1	0	0	0	0
2024-11-08 22:14:20	60.377023845000004	48.4529765	47.98181	1	0	0	0	0
2024-11-08 22:14:30	60.697126545	48.2335665	47.98181	1	0	0	0	0
2024-11-08 22:14:40	61.1237694725	47.997873765	47.98181	1	0	0	0	0
2024-11-08 22:14:50	61.7482728225	47.731941665	47.98181	1	0	0	0	0
2024-11-08 22:15:00	62.2767304325	47.509734785	47.98181	1	0	0	0	0
2024-11-08 22:15:10	62.6268173825	47.368731884999995	47.98181	1	0	0	0	0
2024-11-08 22:15:20	62.7841544675	47.327673374999996	47.98181	1	0	0	0	0
2024-11-08 22:15:30	62.5835275175	47.472225875	47.98181	1	0	0	0	0
2024-11-08 22:15:40	62.358032	47.629087874999996	47.98181	1	0	0	0	0
2024-11-08 22:15:50	62.086352	47.808810375	47.98181	1	0	0	0	0
2024-11-08 22:16:00	61.75247875	47.992735499999995	47.98181	1	0	0	0	0
2024-11-08 22:16:10	61.30310375	48.184465499999995	47.98181	1	0	0	0	0
2024-11-08 22:16:20	60.919520455	48.347947	47.98181	1	0	0	0	0
2024-11-08 22:16:30	60.658121754999996	48.458966999999994	47.98181	1	0	0	0	0
2024-11-08 22:16:40	60.484820645	48.514309489999995	47.98181	1	0	0	0	0
2024-11-08 22:16:50	60.475129345	48.46625089	47.98181	1	0	0	0	0
2024-11-08 22:17:00	60.57732916	48.355673872500006	47.98181	1	0	0	0	0
2024-11-08 22:17:10	60.88732676	48.128991222500005	47.98181	1	0	0	0	0
2024-11-08 22:17:20	61.29747952	47.899124255000004	47.98181	1	0	0	0	0
2024-11-08 22:17:30	61.89363472	47.663343555000004	47.98181	1	0	0	0	0
2024-11-08 22:17:40	62.38196945074627	47.469337027860696	47.98181	1	0	0	0	0
2024-11-08 22:17:50	62.67006616716418	47.35291110746269	47.98181	1	0	0	0	0
2024-11-08 22:18:00	62.8000189798995	47.322745678391954	47.98181	1	0	0	0	0
2024-11-08 22:18:10	62.6229865678392	47.460027085427136	47.98181	1	0	0	0	0
2024-11-08 22:18:20	62.3935216925	47.616800794999996	47.98181	1	0	0	0	0
2024-11-08 22:18:30	62.0666822425	47.809774495	47.98181	1	0	0	0	0
2024-11-08 22:18:40	61.678904695	48.0120669625	47.98181	1	0	0	0	0
2024-11-08 22:18:50	61.177956394999995	48.2316657125	47.98181	1	0	0	0	0
2024-11-08 22:19:00	60.7557571325	48.4207422925	47.98181	1	0	0	0	0
2024-11-08 22:19:10	60.4798060825	48.5531348425	47.98181	1	0	0	0	0
2024-11-08 22:19:20	60.317970345	48.6094564675	47.98181	1	0	0	0	0
2024-11-08 22:19:30	60.368063045	48.5245035175	47.98181	1	0	0	0	0
2024-11-08 22:19:40	60.512582100995026	48.39254188109453	47.98181	1	0	0	0	0
2024-11-08 22:19:50	60.832464389552236	48.17327839850746	47.98181	1	0	0	0	0
2024-11-08 22:20:00	61.24503902361809	47.94439579145729	47.98181	1	0	0	0	0
2024-11-08 22:20:10	61.837545857788946	47.69684076633166	47.98181	1	0	0	0	0
2024-11-08 22:20:20	62.2226753	47.53593	47.98181	1	0	0	0	0
2024-11-08 22:20:30	62.54926988129496	47.40548098992806	47.98181	1	0	0	0	0
2024-11-08 22:20:40	62.765106887499996	47.345352604999995	47.98181	1	0	0	0	0
2024-11-08 22:20:50	62.562145137499996	47.500938905	47.98181	1	0	0	0	0
2024-11-08 22:21:00	62.32186689903846	47.676116875	47.98181	1	0	0	0	0
2024-11-08 22:21:10	62.01228661057692	47.887679375	47.98181	1	0	0	0	0
2024-11-08 22:21:20	61.628753990625	48.1018922203125	47.98181	1	0	0	0	0
2024-11-08 22:21:30	61.045276178125	48.323270814062504	47.98181	1	0	0	0	0
2024-11-08 22:21:40	60.566828120000004	48.503859325	47.98181	1	0	0	0	0
2024-11-08 22:21:50	60.28343532	48.608694825	47.98181	1	0	0	0	0
2024-11-08 22:22:00	60.1935895975	48.6159146075	47.98181	1	0	0	0	0
2024-11-08 22:22:10	60.4631884475	48.441848057499996	47.98181	1	0	0	0	0
2024-11-08 22:22:20	60.78331286	48.239533865	47.98181	1	0	0	0	0
2024-11-08 22:22:30	61.19727046	47.984759765	47.98181	1	0	0	0	0
2024-11-08 22:22:40	61.6806722425	47.732285445	47.98181	1	0	0	0	0
2024-11-08 22:22:50	62.2930417925	47.484082145	47.98181	1	0	0	0	0
2024-11-08 22:23:00	62.7318346	47.330702805	47.98181	1	0	0	0	0
2024-11-08 22:23:10	62.8482706	47.353425105	47.98181	1	0	0	0	0
2024-11-08 22:23:20	62.77714356	47.441021795000005	47.98181	1	0	0	0	0
2024-11-08 22:23:30	62.35768516	47.649099495	47.98181	1	0	0	0	0
2024-11-08 22:23:40	61.961108465	47.85753675	47.98181	1	0	0	0	0
2024-11-08 22:23:50	61.607026365	48.06664175	47.98181	1	0	0	0	0
2024-11-08 22:24:00	61.2187572275	48.2605106725	47.98181	1	0	0	0	0
2024-11-08 22:24:10	60.766997877499996	48.4260840225	47.98181	1	0	0	0	0
2024-11-08 22:24:20	60.441315527499995	48.5338301975	47.98181	1	0	0	0	0
2024-11-08 22:24:30	60.3497761775	48.5341830475	47.98181	1	0	0	0	0
2024-11-08 22:24:40	60.42134962	48.4615075225	47.98181	1	0	0	0	0
2024-11-08 22:24:50	60.79584682	48.2532078725	47.98181	1	0	0	0	0
2024-11-08 22:25:00	61.179512602500004	48.02938385	47.98181	1	0	0	0	0
2024-11-08 22:25:10	61.5802057525	47.77672885	47.98181	1	0	0	0	0
2024-11-08 22:25:20	62.0144476975	47.562193557499995	47.98181	1	0	0	0	0
2024-11-08 22:25:30	62.510994547500005	47.4184520075	47.98181	1	0	0	0	0
2024-11-08 22:25:40	62.748373835	47.3695183175	47.98181	1	0	0	0	0
2024-11-08 22:25:50	62.504441935	47.4966563675	47.98181	1	0	0	0	0
2024-11-08 22:26:00	62.2111307925	47.66256971	47.98181	1	0	0	0	0
2024-11-08 22:26:10	61.8261153425	47.90049431	47.98181	1	0	0	0	0
2024-11-08 22:26:20	61.4482362175	48.1183149625	47.98181	1	0	0	0	0
2024-11-08 22:26:30	61.0836102675	48.2987997125	47.98181	1	0	0	0	0
2024-11-08 22:26:40	60.74243346	48.449075210000004	47.98181	1	0	0	0	0
2024-11-08 22:26:50	60.44480506	48.543247810000004	47.98181	1	0	0	0	0
2024-11-08 22:27:00	60.319315445	48.5682672	47.98181	1	0	0	0	0
2024-11-08 22:27:10	60.513512145	48.4648592	47.98181	1	0	0	0	0
2024-11-08 22:27:20	60.77287475	48.322292482499996	47.98181	1	0	0	0	0
2024-11-08 22:27:30	61.15325975	48.107002432499996	47.98181	1	0	0	0	0
2024-11-08 22:27:40	61.53432795	47.8794669675	47.98181	1	0	0	0	0
2024-11-08 22:27:50	61.916664950000005	47.6291900175	47.98181	1	0	0	0	0
2024-11-08 22:28:00	62.2757693	47.449649275	47.98181	1	0	0	0	0
2024-11-08 22:28:10	62.5917273	47.401475775	47.98181	1	0	0	0	0
2024-11-08 22:28:20	62.72649226	47.4236768975	47.98181	1	0	0	0	0
2024-11-08 22:28:30	62.52475586	47.5765737475	47.98181	1	0	0	0	0
2024-11-08 22:28:40	62.21382569	47.7579906275	47.98181	1	0	0	0	0
2024-11-08 22:28:50	61.70010709	47.9923732775	47.98181	1	0	0	0	0
2024-11-08 22:29:00	61.229131120000005	48.216371165	47.98181	1	0	0	0	0
2024-11-08 22:29:10	60.83753432	48.421083065	47.98181	1	0	0	0	0
2024-11-08 22:29:20	60.483352589999996	48.57587394	47.98181	1	0	0	0	0
2024-11-08 22:29:30	60.19865599	48.63795434	47.98181	1	0	0	0	0
2024-11-08 22:29:40	60.10175714	48.605762205	47.98181	1	0	0	0	0
2024-11-08 22:29:50	60.353625539999996	48.398492505	47.98181	1	0	0	0	0
2024-11-08 22:30:00	60.7490865675	48.16545444	47.98181	1	0	0	0	0
2024-11-08 22:30:10	61.4112196175	47.88456084	47.98181	1	0	0	0	0
2024-11-08 22:30:20	62.0081595325	47.6122971375	47.98181	1	0	0	0	0
2024-11-08 22:30:30	62.4840264825	47.3560603875	47.98181	1	0	0	0	0
2024-11-08 22:30:40	62.806193225	47.2204908625	47.98181	1	0	0	0	0
2024-11-08 22:30:50	62.842916725	47.3090176125	47.98181	1	0	0	0	0
2024-11-08 22:31:00	62.744521185	47.4503739925	47.98181	1	0	0	0	0
2024-11-08 22:31:10	62.395190285	47.6898425425	47.98181	1	0	0	0	0
2024-11-08 22:31:20	61.9647173275	47.9226156975	47.98181	1	0	0	0	0
2024-11-08 22:31:30	61.3835519775	48.1429545475	47.98181	1	0	0	0	0
2024-11-08 22:31:40	60.91301335	48.3353341375	47.98181	1	0	0	0	0
2024-11-08 22:31:50	60.647924350000004	48.4757893875	47.98181	1	0	0	0	0
2024-11-08 22:32:00	60.456158862500004	48.5541413725	47.98181	1	0	0	0	0
2024-11-08 22:32:10	60.4005656125	48.5171587225	47.98181	1	0	0	0	0
2024-11-08 22:32:20	60.4729405	48.41357515	47.98181	1	0	0	0	0
2024-11-08 22:32:30	60.7829705	48.18630415	47.98181	1	0	0	0	0
2024-11-08 22:32:40	61.1812113675	47.961334575	47.98181	1	0	0	0	0
2024-11-08 22:32:50	61.7432724175	47.740639075	47.98181	1	0	0	0	0
2024-11-08 22:33:00	62.2247989925	47.5479175175	47.98181	1	0	0	0	0
2024-11-08 22:33:10	62.5567615425	47.4071475675	47.98181	1	0	0	0	0
2024-11-08 22:33:20	62.71578344	47.3665288575	47.98181	1	0	0	0	0
2024-11-08 22:33:30	62.55362984	47.5119053075	47.98181	1	0	0	0	0
2024-11-08 22:33:40	62.336661480000004	47.67543225	47.98181	1	0	0	0	0
2024-11-08 22:33:50	62.01789428	47.87266725	47.98181	1	0	0	0	0
2024-11-08 22:34:00	61.64171987	48.0674482425	47.98181	1	0	0	0	0
2024-11-08 22:34:10	61.15893207	48.2576717925	47.98181	1	0	0	0	0
2024-11-08 22:34:20	60.7743339175	48.4104323575	47.98181	1	0	0	0	0
2024-11-08 22:34:30	60.572087967499996	48.4936188075	47.98181	1	0	0	0	0
2024-11-08 22:34:40	60.46541104	48.5182362925	47.98181	1	0	0	0	0
2024-11-08 22:34:50	60.536219439999996	48.4340828425	47.98181	1	0	0	0	0
2024-11-08 22:35:00	60.6893654975	48.307216565	47.98181	1	0	0	0	0
2024-11-08 22:35:10	60.9954243475	48.101026465	47.98181	1	0	0	0	0
2024-11-08 22:35:20	61.383216055	47.891873142499996	47.98181	1	0	0	0	0
2024-11-08 22:35:30	61.922797355	47.6772166925	47.98181	1	0	0	0	0
2024-11-08 22:35:40	62.34150941	47.5152207175	47.98181	1	0	0	0	0
2024-11-08 22:35:50	62.53575001	47.4510227675	47.98181	1	0	0	0	0
2024-11-08 22:36:00	62.58535311	47.4603723825	47.98181	1	0	0	0	0
2024-11-08 22:36:10	62.36634371	47.606310332499994	47.98181	1	0	0	0	0
2024-11-08 22:36:20	62.1234579225	47.7673948125	47.98181	1	0	0	0	0
2024-11-08 22:36:30	61.836230272499996	47.9566085625	47.98181	1	0	0	0	0
2024-11-08 22:36:40	61.4768814825	48.1483344375	47.98181	1	0	0	0	0
2024-11-08 22:36:50	60.9835934325	48.3447256875	47.98181	1	0	0	0	0
2024-11-08 22:37:00	60.58627421	48.49702525	47.98181	1	0	0	0	0
2024-11-08 22:37:10	60.367182809999996	48.567440250000004	47.98181	1	0	0	0	0
2024-11-08 22:37:20	60.303554305	48.5571477525	47.98181	1	0	0	0	0
2024-11-08 22:37:30	60.528642605	48.396969902500004	47.98181	1	0	0	0	0
2024-11-08 22:37:40	60.799984	48.214280297500004	47.98181	1	0	0	0	0
2024-11-08 22:37:50	61.157224	47.9897831475	47.98181	1	0	0	0	0
2024-11-08 22:38:00	61.597697499999995	47.75892025	47.98181	1	0	0	0	0
2024-11-08 22:38:10	62.192747499999996	47.51623525	47.98181	1	0	0	0	0
2024-11-08 22:38:20	62.62917925	47.3646823925	47.98181	1	0	0	0	0
2024-11-08 22:38:30	62.77103425	47.3823749425	47.98181	1	0	0	0	0
2024-11-08 22:38:40	62.7319445	47.456103490000004	47.98181	1	0	0	0	0
2024-11-08 22:38:50	62.3568145	47.63389889	47.98181	1	0	0	0	0
2024-11-08 22:39:00	61.919801	47.8359218675	47.98181	1	0	0	0	0
2024-11-08 22:39:10	61.367861	48.082938917499995	47.98181	1	0	0	0	0
2024-11-08 22:39:20	60.897438887499995	48.30401269	47.98181	1	0	0	0	0
2024-11-08 22:39:30	60.5784071375	48.47690609	47.98181	1	0	0	0	0
2024-11-08 22:39:40	60.340376255	48.5890117525	47.98181	1	0	0	0	0
2024-11-08 22:39:50	60.252775555	48.5882259025	47.98181	1	0	0	0	0
2024-11-08 22:40:00	60.314299757499995	48.520112757499994	47.98181	1	0	0	0	0
2024-11-08 22:40:10	60.6527702075	48.3269632075	47.98181	1	0	0	0	0
2024-11-08 22:40:20	61.0217694075	48.109765035	47.98181	1	0	0	0	0
2024-11-08 22:40:30	61.4474648575	47.847905135	47.98181	1	0	0	0	0
2024-11-08 22:40:40	61.9186204425	47.6066985775	47.98181	1	0	0	0	0
2024-11-08 22:40:50	62.4742019925	47.4038482275	47.98181	1	0	0	0	0
2024-11-08 22:41:00	62.797133695	47.301109655000005	47.98181	1	0	0	0	0
2024-11-08 22:41:10	62.688001395	47.384292955	47.98181	1	0	0	0	0
2024-11-08 22:41:20	62.5116344275	47.5002133125	47.98181	1	0	0	0	0
2024-11-08 22:41:30	62.2104030775	47.6769310625	47.98181	1	0	0	0	0
2024-11-08 22:41:40	61.8995712275	47.868625137500004	47.98181	1	0	0	0	0
2024-11-08 22:41:50	61.5709098775	48.0881323875	47.98181	1	0	0	0	0
2024-11-08 22:42:00	61.1797994275	48.2944176875	47.98181	1	0	0	0	0
2024-11-08 22:42:10	60.6727120775	48.476147937499995	47.98181	1	0	0	0	0
2024-11-08 22:42:20	60.306777364999995	48.6056126525	47.98181	1	0	0	0	0
2024-11-08 22:42:30	60.202983265	48.6380128025	47.98181	1	0	0	0	0
2024-11-08 22:42:40	60.2459478575	48.5865436425	47.98181	1	0	0	0	0
2024-11-08 22:42:50	60.5614643075	48.3793171925	47.98181	1	0	0	0	0
2024-11-08 22:43:00	60.977770646766174	48.15395084577114	47.98181	1	0	0	0	0
2024-11-08 22:43:10	61.58125820895523	47.894896119402986	47.98181	1	0	0	0	0
2024-11-08 22:43:20	62.11732663316583	47.64664944723618	47.98181	1	0	0	0	0
2024-11-08 22:43:30	62.52252261306533	47.41938311557789	47.98181	1	0	0	0	0
2024-11-08 22:43:40	62.762856	47.297086449999995	47.98181	1	0	0	0	0
2024-11-08 22:43:50	62.697016	47.36973345	47.98181	1	0	0	0	0
2024-11-08 22:44:00	62.526109500000004	47.4957702375	47.98181	1	0	0	0	0
2024-11-08 22:44:10	62.1600795	47.720959487500004	47.98181	1	0	0	0	0
2024-11-08 22:44:20	61.77798275	47.95702078750001	47.98181	1	0	0	0	0
2024-11-08 22:44:30	61.36604775	48.2132730375	47.98181	1	0	0	0	0
2024-11-08 22:44:40	60.929142	48.438698775	47.98181	1	0	0	0	0
2024-11-08 22:44:50	60.445862	48.606875275	47.98181	1	0	0	0	0
2024-11-08 22:45:00	60.1875895975	48.67599775	47.98181	1	0	0	0	0
2024-11-08 22:45:10	60.3471884475	48.56116275	47.98181	1	0	0	0	0
2024-11-08 22:45:20	60.6154040925	48.389633735	47.98181	1	0	0	0	0
2024-11-08 22:45:30	61.0853366425	48.112815835	47.98181	1	0	0	0	0
2024-11-08 22:45:40	61.557051454228855	47.83443360547263	47.98181	1	0	0	0	0
2024-11-08 22:45:50	62.032076180597016	47.55314619253731	47.98181	1	0	0	0	0
2024-11-08 22:46:00	62.47267409497488	47.34044531407035	47.98181	1	0	0	0	0
2024-11-08 22:46:10	62.8464434919598	47.260883002512564	47.98181	1	0	0	0	0
2024-11-08 22:46:20	63.006467470000004	47.2780422325	47.98181	1	0	0	0	0
2024-11-08 22:46:30	62.76953567	47.4748271825	47.98181	1	0	0	0	0
2024-11-08 22:46:40	62.41822408	47.684851355	47.98181	1	0	0	0	0
2024-11-08 22:46:50	61.85449288	47.919462655	47.98181	1	0	0	0	0
2024-11-08 22:47:00	61.3496365275	48.149995247499994	47.98181	1	0	0	0	0
2024-11-08 22:47:10	60.954119177500004	48.372953097499995	47.98181	1	0	0	0	0
2024-11-08 22:47:20	60.5999581425	48.539470314999996	47.98181	1	0	0	0	0
2024-11-08 22:47:30	60.3226016925	48.601169215	47.98181	1	0	0	0	0
2024-11-08 22:47:40	60.21078525	48.581366257499994	47.98181	1	0	0	0	0
2024-11-08 22:47:50	60.40640025	48.4102027075	47.98181	1	0	0	0	0
2024-11-08 22:48:00	60.72952375	48.21305703	47.98181	1	0	0	0	0
2024-11-08 22:48:10	61.28944875	47.96765883	47.98181	1	0	0	0	0
2024-11-08 22:48:20	61.797220249999995	47.7245568575	47.98181	1	0	0	0	0
2024-11-08 22:48:30	62.20813525	47.4857193075	47.98181	1	0	0	0	0
2024-11-08 22:48:40	62.526443932835825	47.34363648457711	47.98181	1	0	0	0	0
2024-11-08 22:48:50	62.67276945522388	47.3812410119403	47.98181	1	0	0	0	0
2024-11-08 22:49:00	62.627448255778894	47.47065032964824	47.98181	1	0	0	0	0
2024-11-08 22:49:10	62.21010694924623	47.66062188743719	47.98181	1	0	0	0	0
2024-11-08 22:49:20	61.8108662275	47.8604803125	47.98181	1	0	0	0	0
2024-11-08 22:49:30	61.4452408775	48.0787000625	47.98181	1	0	0	0	0
2024-11-08 22:49:40	61.08696838	48.283500392499995	47.98181	1	0	0	0	0
2024-11-08 22:49:50	60.74235118	48.4633789425	47.98181	1	0	0	0	0
2024-11-08 22:50:00	60.47362525	48.5763612225	47.98181	1	0	0	0	0
2024-11-08 22:50:10	60.34584025	48.5651075725	47.98181	1	0	0	0	0
2024-11-08 22:50:20	60.26278	48.5577927	47.98181	1	0	0	0	0
2024-11-08 22:50:30	60.56180496453901	48.33838102340426	47.98181	1	0	0	0	0
2024-11-08 22:50:40	61.032360749999995	48.05961073	47.98181	1	0	0	0	0
2024-11-08 22:50:50	61.64610575	47.79928053	47.98181	1	0	0	0	0
2024-11-08 22:51:00	62.1672310725	47.5728993675	47.98181	1	0	0	0	0
2024-11-08 22:51:10	62.5163484225	47.4095664175	47.98181	1	0	0	0	0
2024-11-08 22:51:20	62.70873453	47.349280555	47.98181	1	0	0	0	0
2024-11-08 22:51:30	62.61004833	47.480367855	47.98181	1	0	0	0	0
2024-11-08 22:51:40	62.4197084875	47.6402318575	47.98181	1	0	0	0	0
2024-11-08 22:51:50	62.0591547375	47.8535383075	47.98181	1	0	0	0	0
2024-11-08 22:52:00	61.639432735	48.0636938125	47.98181	1	0	0	0	0
2024-11-08 22:52:10	61.109826835	48.2679975625	47.98181	1	0	0	0	0
2024-11-08 22:52:20	60.698805975	48.424902125	47.98181	1	0	0	0	0
2024-11-08 22:52:30	60.508014475	48.493779625	47.98181	1	0	0	0	0
2024-11-08 22:52:40	60.4376806025	48.5001681775	47.98181	1	0	0	0	0
2024-11-08 22:52:50	60.5910537525	48.3905058275	47.98181	1	0	0	0	0
2024-11-08 22:53:00	60.8663043925	48.2411300625	47.98181	1	0	0	0	0
2024-11-08 22:53:10	61.3678989425	48.0180008125	47.98181	1	0	0	0	0
2024-11-08 22:53:20	61.831172955	47.79479486	47.98181	1	0	0	0	0
2024-11-08 22:53:30	62.223280255	47.571446460000004	47.98181	1	0	0	0	0
2024-11-08 22:53:40	62.520572765	47.43438692	47.98181	1	0	0	0	0
2024-11-08 22:53:50	62.641780665	47.45757812	47.98181	1	0	0	0	0
2024-11-08 22:54:00	62.603383542500005	47.52832298	47.98181	1	0	0	0	0
2024-11-08 22:54:10	62.2685770925	47.68738178	47.98181	1	0	0	0	0
2024-11-08 22:54:20	61.9260058925	47.86597758	47.98181	1	0	0	0	0
2024-11-08 22:54:30	61.5690144425	48.08085638	47.98181	1	0	0	0	0
2024-11-08 22:54:40	61.189886	48.2718145	47.98181	1	0	0	0	0
2024-11-08 22:54:50	60.769646	48.4183485	47.98181	1	0	0	0	0
2024-11-08 22:55:00	60.47072475	48.503023920000004	47.98181	1	0	0	0	0
2024-11-08 22:55:10	60.39710975	48.472819120000004	47.98181	1	0	0	0	0
2024-11-08 22:55:20	60.49384248	48.3864648525	47.98181	1	0	0	0	0
2024-11-08 22:55:30	60.90693528	48.195833002499995	47.98181	1	0	0	0	0
2024-11-08 22:55:40	61.2957354025	48.0017070675	47.98181	1	0	0	0	0
2024-11-08 22:55:50	61.6394205525	47.8010921175	47.98181	1	0	0	0	0
2024-11-08 22:56:00	62.0119327875	47.6165423075	47.98181	1	0	0	0	0
2024-11-08 22:56:10	62.4379810375	47.4618277575	47.98181	1	0	0	0	0
2024-11-08 22:56:20	62.694431730000005	47.397913672499996	47.98181	1	0	0	0	0
2024-11-08 22:56:30	62.635915530000005	47.5026290225	47.98181	1	0	0	0	0
2024-11-08 22:56:40	62.433744000000004	47.642367192500004	47.98181	1	0	0	0	0
2024-11-08 22:56:50	61.964784	47.8471477425	47.98181	1	0	0	0	0
2024-11-08 22:57:00	61.5003211325	48.0487894575	47.98181	1	0	0	0	0
2024-11-08 22:57:10	61.044210082499994	48.2446019075	47.98181	1	0	0	0	0
2024-11-08 22:57:20	60.6943877675	48.403871312499994	47.98181	1	0	0	0	0
2024-11-08 22:57:30	60.5419588175	48.4952750625	47.98181	1	0	0	0	0
2024-11-08 22:57:40	60.44755478109453	48.523651119402984	47.98181	1	0	0	0	0
2024-11-08 22:57:50	60.46091129850746	48.434975746268655	47.98181	1	0	0	0	0
2024-11-08 22:58:00	60.63375826733668	48.30111864321608	47.98181	1	0	0	0	0
2024-11-08 22:58:10	61.116204347738694	48.07955582914573	47.98181	1	0	0	0	0
2024-11-08 22:58:20	61.565677914999995	47.855415865000005	47.98181	1	0	0	0	0
2024-11-08 22:58:30	61.953916815	47.626489765	47.98181	1	0	0	0	0
2024-11-08 22:58:40	62.2925037175	47.471597554999995	47.98181	1	0	0	0	0
2024-11-08 22:58:50	62.5388797675	47.454196855	47.98181	1	0	0	0	0
2024-11-08 22:59:00	62.55968630945274	47.50536846965174	47.98181	1	0	0	0	0
2024-11-08 22:59:10	62.161578050746265	47.68388866865672	47.98181	1	0	0	0	0
2024-11-08 22:59:20	61.78643240703518	47.86609064120603	47.98181	1	0	0	0	0
2024-11-08 22:59:30	61.45586125125628	48.05543958592965	47.98181	1	0	0	0	0
2024-11-08 22:59:40	61.1327064225	48.24016953	47.98181	1	0	0	0	0
2024-11-08 22:59:50	60.8233247725	48.41632133	47.98181	1	0	0	0	0
2024-11-08 23:00:00	60.5661100275	48.53017894	47.98181	1	0	0	0	0
2024-11-08 23:00:10	60.4057766775	48.528347339999996	47.98181	1	0	0	0	0
2024-11-08 23:00:20	60.4056597475	48.46277661	47.98181	1	0	0	0	0
2024-11-08 23:00:30	60.7030875975	48.27883321	47.98181	1	0	0	0	0
2024-11-08 23:00:40	61.100959095	48.05943775	47.98181	1	0	0	0	0
2024-11-08 23:00:50	61.685368795	47.77420275	47.98181	1	0	0	0	0
2024-11-08 23:01:00	62.2231839575	47.5303231025	47.98181	1	0	0	0	0
2024-11-08 23:01:10	62.6744664075	47.3632462525	47.98181	1	0	0	0	0
2024-11-08 23:01:20	62.913338249999995	47.2935043325	47.98181	1	0	0	0	0
2024-11-08 23:01:30	62.75773325	47.4045272825	47.98181	1	0	0	0	0
2024-11-08 23:01:40	62.5553	47.5444487525	47.98181	1	0	0	0	0
2024-11-08 23:01:50	62.2659	47.7380389025	47.98181	1	0	0	0	0
2024-11-08 23:02:00	61.8831585	47.945800954999996	47.98181	1	0	0	0	0
2024-11-08 23:02:10	61.327068499999996	48.179882254999995	47.98181	1	0	0	0	0
2024-11-08 23:02:20	60.8418001775	48.3911799725	47.98181	1	0	0	0	0
2024-11-08 23:02:30	60.4880578275	48.5601653225	47.98181	1	0	0	0	0
2024-11-08 23:02:40	60.25836162	48.642979534999995	47.98181	1	0	0	0	0
2024-11-08 23:02:50	60.259036820000006	48.565761634999994	47.98181	1	0	0	0	0
2024-11-08 23:03:00	60.4696952025	48.423099545	47.98181	1	0	0	0	0
2024-11-08 23:03:10	61.0703223525	48.158898244999996	47.98181	1	0	0	0	0
2024-11-08 23:03:20	61.594680249999996	47.906050717499994	47.98181	1	0	0	0	0
2024-11-08 23:03:30	61.97739525	47.674288767499995	47.98181	1	0	0	0	0
2024-11-08 23:03:40	62.3279377075	47.49097786	47.98181	1	0	0	0	0
2024-11-08 23:03:50	62.6187311575	47.39764746	47.98181	1	0	0	0	0
2024-11-08 23:04:00	62.7204972375	47.3949894775	47.98181	1	0	0	0	0
2024-11-08 23:04:10	62.471212487500004	47.5607231275	47.98181	1	0	0	0	0
2024-11-08 23:04:20	62.184832095000004	47.74114675	47.98181	1	0	0	0	0
2024-11-08 23:04:30	61.829559795	47.94885175	47.98181	1	0	0	0	0
2024-11-08 23:04:40	61.4319287275	48.151655	47.98181	1	0	0	0	0
2024-11-08 23:04:50	60.9556313775	48.345355	47.98181	1	0	0	0	0
2024-11-08 23:05:00	60.59063562	48.48717975	47.98181	1	0	0	0	0
2024-11-08 23:05:10	60.43234282	48.53266475	47.98181	1	0	0	0	0
2024-11-08 23:05:20	60.4102478125	48.510934	47.98181	1	0	0	0	0
2024-11-08 23:05:30	60.6410915625	48.364374	47.98181	1	0	0	0	0
2024-11-08 23:05:40	60.90691475	48.19013775	47.98181	1	0	0	0	0
2024-11-08 23:05:50	61.237699750000004	47.964502749999994	47.98181	1	0	0	0	0
2024-11-08 23:06:00	61.6456308225	47.744858455	47.98181	1	0	0	0	0
2024-11-08 23:06:10	62.1968331725	47.536339755	47.98181	1	0	0	0	0
2024-11-08 23:06:20	62.5800461275	47.412198145	47.98181	1	0	0	0	0
2024-11-08 23:06:30	62.6512787775	47.444756845	47.98181	1	0	0	0	0
2024-11-08 23:06:40	62.5781263825	47.529559555	47.98181	1	0	0	0	0
2024-11-08 23:06:50	62.2368303325	47.711386855	47.98181	1	0	0	0	0
2024-11-08 23:07:00	61.802014405	47.92003728	47.98181	1	0	0	0	0
2024-11-08 23:07:10	61.193518705	48.17850208	47.98181	1	0	0	0	0
2024-11-08 23:07:20	60.692568362500005	48.401490214999995	47.98181	1	0	0	0	0
2024-11-08 23:07:30	60.3913451125	48.558593115	47.98181	1	0	0	0	0
2024-11-08 23:07:40	60.1748891325	48.65064624	47.98181	1	0	0	0	0
2024-11-08 23:07:50	60.1158580825	48.62189264	47.98181	1	0	0	0	0
2024-11-08 23:08:00	60.2445817675	48.512642645	47.98181	1	0	0	0	0
2024-11-08 23:08:10	60.7219928175	48.253899345	47.98181	1	0	0	0	0
2024-11-08 23:08:20	61.1790130425	48.00028302	47.98181	1	0	0	0	0
2024-11-08 23:08:30	61.5981645925	47.75618822	47.98181	1	0	0	0	0
2024-11-08 23:08:40	62.04762917	47.539889755000004	47.98181	1	0	0	0	0
2024-11-08 23:08:50	62.55338937	47.375213055	47.98181	1	0	0	0	0
2024-11-08 23:09:00	62.796860637500004	47.3168338575	47.98181	1	0	0	0	0
2024-11-08 23:09:10	62.5532238875	47.4558643075	47.98181	1	0	0	0	0
2024-11-08 23:09:20	62.27755657451923	47.61986297740385	47.98181	1	0	0	0	0
2024-11-08 23:09:30	61.94240393028846	47.83023119855769	47.98181	1	0	0	0	0
2024-11-08 23:09:40	61.5883316796875	48.043985404687504	47.98181	1	0	0	0	0
2024-11-08 23:09:50	61.183106419270835	48.2668943109375	47.98181	1	0	0	0	0
2024-11-08 23:10:00	60.7837853475	48.455313707500004	47.98181	1	0	0	0	0
2024-11-08 23:10:10	60.3954291975	48.5796811575	47.98181	1	0	0	0	0
2024-11-08 23:10:20	60.145063837500004	48.631075165	47.98181	1	0	0	0	0
2024-11-08 23:10:30	60.1509670875	48.546947065000005	47.98181	1	0	0	0	0
2024-11-08 23:10:40	60.3541906075	48.402006885000006	47.98181	1	0	0	0	0
2024-11-08 23:10:50	60.9238660575	48.144129985	47.98181	1	0	0	0	0
2024-11-08 23:11:00	61.5170260175	47.8810343575	47.98181	1	0	0	0	0
2024-11-08 23:11:10	62.1538000675	47.608246807499995	47.98181	1	0	0	0	0
2024-11-08 23:11:20	62.6426435025	47.40703515	47.98181	1	0	0	0	0
2024-11-08 23:11:30	62.8567586525	47.338750149999996	47.98181	1	0	0	0	0
2024-11-08 23:11:40	62.911604464999996	47.348662534999995	47.98181	1	0	0	0	0
2024-11-08 23:11:50	62.670664365	47.503798634999995	47.98181	1	0	0	0	0
2024-11-08 23:12:00	62.3545536625	47.677654607499996	47.98181	1	0	0	0	0
2024-11-08 23:12:10	61.8988404125	47.8862760575	47.98181	1	0	0	0	0
2024-11-08 23:12:20	61.475463015	48.0958738675	47.98181	1	0	0	0	0
2024-11-08 23:12:30	61.112137915000005	48.3072849175	47.98181	1	0	0	0	0
2024-11-08 23:12:40	60.75391172	48.478077365	47.98181	1	0	0	0	0
2024-11-08 23:12:50	60.40515492	48.573435265	47.98181	1	0	0	0	0
2024-11-08 23:13:00	60.264012975	48.5899777675	47.98181	1	0	0	0	0
2024-11-08 23:13:10	60.508441475	48.4601488175	47.98181	1	0	0	0	0
2024-11-08 23:13:20	60.80265275	48.29553475	47.98181	1	0	0	0	0
2024-11-08 23:13:30	61.18931775	48.06631975	47.98181	1	0	0	0	0
2024-11-08 23:13:40	61.630554028436016	47.8357617535545	47.98181	1	0	0	0	0
2024-11-08 23:13:50	62.17313696682464	47.60270962085308	47.98181	1	0	0	0	0
2024-11-08 23:14:00	62.608485879365084	47.4196573015873	47.98181	1	0	0	0	0
2024-11-08 23:14:10	62.704260376719574	47.394937724867724	47.98181	1	0	0	0	0
2024-11-08 23:14:20	62.697506225	47.4349744225	47.98181	1	0	0	0	0
2024-11-08 23:14:30	62.500341725	47.5952727725	47.98181	1	0	0	0	0
2024-11-08 23:14:40	62.191562505	47.7768522775	47.98181	1	0	0	0	0
2024-11-08 23:14:50	61.675498805	47.9979539275	47.98181	1	0	0	0	0
2024-11-08 23:15:00	61.191199355	48.202045	47.98181	1	0	0	0	0
2024-11-08 23:15:10	60.765890655	48.374545	47.98181	1	0	0	0	0
2024-11-08 23:15:20	60.454950055000005	48.501476749999995	47.98181	1	0	0	0	0
2024-11-08 23:15:30	60.356407355	48.54378175	47.98181	1	0	0	0	0
2024-11-08 23:15:40	60.340867715	48.5209820425	47.98181	1	0	0	0	0
2024-11-08 23:15:50	60.479476615	48.377273592499996	47.98181	1	0	0	0	0
2024-11-08 23:16:00	60.765710229999996	48.198299055	47.98181	1	0	0	0	0
2024-11-08 23:16:10	61.326104029999996	47.953830355	47.98181	1	0	0	0	0
2024-11-08 23:16:20	61.8236108975	47.717557202500004	47.98181	1	0	0	0	0
2024-11-08 23:16:30	62.2043277475	47.496504352500004	47.98181	1	0	0	0	0
2024-11-08 23:16:40	62.4995371125	47.3632465	47.98181	1	0	0	0	0
2024-11-08 23:16:50	62.6359468625	47.3930365	47.98181	1	0	0	0	0
2024-11-08 23:17:00	62.5802861325	47.479233182499996	47.98181	1	0	0	0	0
2024-11-08 23:17:10	62.1679230825	47.6701851325	47.98181	1	0	0	0	0
2024-11-08 23:17:20	61.780991855	47.866150010000005	47.98181	1	0	0	0	0
2024-11-08 23:17:30	61.441291155	48.07142461	47.98181	1	0	0	0	0
2024-11-08 23:17:40	61.1036897025	48.2475980575	47.98181	1	0	0	0	0
2024-11-08 23:17:50	60.7699868525	48.3697265075	47.98181	1	0	0	0	0
2024-11-08 23:18:00	60.58724875	48.4331313275	47.98181	1	0	0	0	0
2024-11-08 23:18:10	60.68487375	48.3874779775	47.98181	1	0	0	0	0
2024-11-08 23:18:20	60.863249700000004	48.2592416375	47.98181	1	0	0	0	0
2024-11-08 23:18:30	61.191591700000004	47.9776368875	47.98181	1	0	0	0	0
2024-11-08 23:18:40	61.646002825000004	47.705957385	47.98181	1	0	0	0	0
2024-11-08 23:18:50	62.334542325	47.452710485	47.98181	1	0	0	0	0
2024-11-08 23:19:00	62.8066776825	47.2889934275	47.98181	1	0	0	0	0
2024-11-08 23:19:10	62.876919632500005	47.2915460775	47.98181	1	0	0	0	0
2024-11-08 23:19:20	62.81812458	47.360729872499995	47.98181	1	0	0	0	0
2024-11-08 23:19:30	62.51968938	47.5536572225	47.98181	1	0	0	0	0
2024-11-08 23:19:40	62.2482296119403	47.72803685820895	47.98181	1	0	0	0	0
2024-11-08 23:19:50	62.026867074626864	47.86797073880597	47.98181	1	0	0	0	0
2024-11-08 23:20:00	61.687429482412064	48.042984277889445	47.98181	1	0	0	0	0
2024-11-08 23:20:10	61.1187873718593	48.28609362462311	47.98181	1	0	0	0	0
2024-11-08 23:20:20	60.74917	48.4441147	47.98181	1	0	0	0	0
2024-11-08 23:20:30	60.58691431205674	48.484567343971634	47.98181	1	0	0	0	0
2024-11-08 23:20:40	60.506271840000004	48.478606125	47.98181	1	0	0	0	0
2024-11-08 23:20:50	60.672354240000004	48.362723625	47.98181	1	0	0	0	0
2024-11-08 23:21:00	60.9385090075	48.21843635	47.98181	1	0	0	0	0
2024-11-08 23:21:10	61.3905124575	48.02139735	47.98181	1	0	0	0	0
2024-11-08 23:21:20	61.8135499775	47.8158188925	47.98181	1	0	0	0	0
2024-11-08 23:21:30	62.1827936275	47.5943814425	47.98181	1	0	0	0	0
2024-11-08 23:21:40	62.4489764	47.454279635	47.98181	1	0	0	0	0
2024-11-08 23:21:50	62.4489764	47.454279635	47.98181	1	0	0	0	0
2024-11-08 23:22:00	62.47450303482587	47.5345102079602	47.98181	1	0	0	0	0
2024-11-08 23:22:10	62.19488313432836	47.71211851641791	47.98181	1	0	0	0	0
2024-11-08 23:22:20	61.89314608040201	47.9022550160804	47.98181	1	0	0	0	0
2024-11-08 23:22:30	61.54847572864322	48.11671094572864	47.98181	1	0	0	0	0
2024-11-08 23:22:40	61.1603714975	48.3167767725	47.98181	1	0	0	0	0
2024-11-08 23:22:50	60.691604347500004	48.4901181225	47.98181	1	0	0	0	0
2024-11-08 23:23:00	60.3454699525	48.6077174925	47.98181	1	0	0	0	0
2024-11-08 23:23:10	60.2270821025	48.6217960425	47.98181	1	0	0	0	0
2024-11-08 23:23:20	60.27516575	48.5595791075	47.98181	1	0	0	0	0
2024-11-08 23:23:30	60.63241075	48.3556705575	47.98181	1	0	0	0	0
2024-11-08 23:23:40	61.06888973	48.133430249999996	47.98181	1	0	0	0	0
2024-11-08 23:23:50	61.65251753	47.87714525	47.98181	1	0	0	0	0
2024-11-08 23:24:00	61.65251753	47.65282225	47.98181	1	0	0	0	0
2024-11-08 23:24:10	62.140905465	47.65282225	47.98181	1	0	0	0	0
2024-11-08 23:24:20	62.452419365000004	47.48785725	47.98181	1	0	0	0	0
2024-11-08 23:24:30	62.664487555	47.395951249999996	47.98181	1	0	0	0	0
2024-11-08 23:24:40	62.691870855000005	47.43972625	47.98181	1	0	0	0	0
2024-11-08 23:24:50	62.56534575	47.544825554999996	47.98181	1	0	0	0	0
2024-11-08 23:25:00	62.15299075	47.763812855	47.98181	1	0	0	0	0
2024-11-08 23:25:10	61.753276	47.987051657500004	47.98181	1	0	0	0	0
2024-11-08 23:25:20	61.377036000000004	48.2181861075	47.98181	1	0	0	0	0
2024-11-08 23:25:30	60.9599728225	48.430679925	47.98181	1	0	0	0	0
2024-11-08 23:25:40	60.4670951725	48.608555425	47.98181	1	0	0	0	0
2024-11-08 23:25:50	60.1067381275	48.7161195825	47.98181	1	0	0	0	0
2024-11-08 23:26:00	59.9924907775	48.6931055325	47.98181	1	0	0	0	0
2024-11-08 23:26:10	60.07929475	48.593695197500004	47.98181	1	0	0	0	0
2024-11-08 23:26:20	60.53947975	48.352406047500004	47.98181	1	0	0	0	0
2024-11-08 23:26:30	60.987532	48.1089854325	47.98181	1	0	0	0	0
2024-11-08 23:26:40	61.413052	47.8616063825	47.98181	1	0	0	0	0
2024-11-08 23:26:50	61.900530015	47.620582999999996	47.98181	1	0	0	0	0
2024-11-08 23:27:00	62.503072915000004	47.391363	47.98181	1	0	0	0	0
2024-11-08 23:27:10	62.825171035000004	47.2865339975	47.98181	1	0	0	0	0
2024-11-08 23:27:20	62.626443135	47.4127168475	47.98181	1	0	0	0	0
2024-11-08 23:27:30	62.39097962	47.5651354525	47.98181	1	0	0	0	0
2024-11-08 23:27:40	62.08729282	47.7662776025	47.98181	1	0	0	0	0
2024-11-08 23:27:50	61.693637575	47.97786125	47.98181	1	0	0	0	0
2024-11-08 23:28:00	61.132898075	48.20883625	47.98181	1	0	0	0	0
2024-11-08 23:28:10	60.674322104999995	48.4102736825	47.98181	1	0	0	0	0
2024-11-08 23:28:20	60.405478405	48.5568556325	47.98181	1	0	0	0	0
2024-11-08 23:28:30	60.2126875	48.6361487175	47.98181	1	0	0	0	0
2024-11-08 23:28:40	60.1611375	48.5904767675	47.98181	1	0	0	0	0
2024-11-08 23:28:50	60.3027485275	48.4721132475	47.98181	1	0	0	0	0
2024-11-08 23:29:00	60.803087177500004	48.218751097500004	47.98181	1	0	0	0	0
2024-11-08 23:29:10	61.2790982725	47.965687182500005	47.98181	1	0	0	0	0
2024-11-08 23:29:20	61.7099296225	47.7131771325	47.98181	1	0	0	0	0
2024-11-08 23:29:30	62.1516848575	47.50204585	47.98181	1	0	0	0	0
2024-11-08 23:29:40	62.6137273075	47.36776085	47.98181	1	0	0	0	0
2024-11-08 23:29:50	62.813191042499994	47.33208212	47.98181	1	0	0	0	0
2024-11-08 23:30:00	62.5250085925	47.47952932	47.98181	1	0	0	0	0
2024-11-08 23:30:10	62.19997095	47.661832249999996	47.98181	1	0	0	0	0
2024-11-08 23:30:20	61.806487950000005	47.90886725	47.98181	1	0	0	0	0
2024-11-08 23:30:30	61.407384300000004	48.1406884325	47.98181	1	0	0	0	0
2024-11-08 23:30:40	60.9978423	48.3442553825	47.98181	1	0	0	0	0
2024-11-08 23:30:50	60.6235075	48.513315745	47.98181	1	0	0	0	0
2024-11-08 23:31:00	60.3145575	48.618292445	47.98181	1	0	0	0	0
2024-11-08 23:31:10	60.209159905	48.632395880000004	47.98181	1	0	0	0	0
2024-11-08 23:31:20	60.481788205	48.477734680000005	47.98181	1	0	0	0	0
2024-11-08 23:31:30	60.81581928	48.280646620000006	47.98181	1	0	0	0	0
2024-11-08 23:31:40	61.26388408	48.00476582	47.98181	1	0	0	0	0
2024-11-08 23:31:50	61.718963054999996	47.736763695	47.98181	1	0	0	0	0
2024-11-08 23:32:00	62.187068355	47.483393395	47.98181	1	0	0	0	0
2024-11-08 23:32:10	62.5623778225	47.321057727500005	47.98181	1	0	0	0	0
2024-11-08 23:32:20	62.7653521725	47.327786377500004	47.98181	1	0	0	0	0
2024-11-08 23:32:30	62.8040704025	47.397624945000004	47.98181	1	0	0	0	0
2024-11-08 23:32:40	62.5377415525	47.584667645	47.98181	1	0	0	0	0
2024-11-08 23:32:50	62.1729618675	47.795326455	47.98181	1	0	0	0	0
2024-11-08 23:33:00	61.6253449175	48.049843755	47.98181	1	0	0	0	0
2024-11-08 23:33:10	61.144083959999996	48.27922675	47.98181	1	0	0	0	0
2024-11-08 23:33:20	60.78605556	48.46193175	47.98181	1	0	0	0	0
2024-11-08 23:33:30	60.487710105	48.5849061175	47.98181	1	0	0	0	0
2024-11-08 23:33:40	60.300204405	48.5969521675	47.98181	1	0	0	0	0
2024-11-08 23:33:50	60.2522552025	48.544635195	47.98181	1	0	0	0	0
2024-11-08 23:34:00	60.4634823525	48.372786895	47.98181	1	0	0	0	0
2024-11-08 23:34:10	60.816653	48.1623232875	47.98181	1	0	0	0	0
2024-11-08 23:34:20	61.433433	47.8801455375	47.98181	1	0	0	0	0
2024-11-08 23:34:30	61.97631106	47.624376250000005	47.98181	1	0	0	0	0
2024-11-08 23:34:40	62.38194266	47.41765125	47.98181	1	0	0	0	0
2024-11-08 23:34:50	62.6507401675	47.310496	47.98181	1	0	0	0	0
2024-11-08 23:35:00	62.6654172175	47.388256	47.98181	1	0	0	0	0
2024-11-08 23:35:10	62.53410428	47.504116055	47.98181	1	0	0	0	0
2024-11-08 23:35:20	62.13166708	47.690733355	47.98181	1	0	0	0	0
2024-11-08 23:35:30	61.7388555975	47.888598044999995	47.98181	1	0	0	0	0
2024-11-08 23:35:40	61.3639204475	48.107350745	47.98181	1	0	0	0	0
2024-11-08 23:35:50	60.999295265	48.314524500000005	47.98181	1	0	0	0	0
2024-11-08 23:36:00	60.653817165	48.5001945	47.98181	1	0	0	0	0
2024-11-08 23:36:10	60.379326695	48.6164206325	47.98181	1	0	0	0	0
2024-11-08 23:36:20	60.236670395000004	48.6036795825	47.98181	1	0	0	0	0
2024-11-08 23:36:30	60.305020922500006	48.5215325175	47.98181	1	0	0	0	0
2024-11-08 23:36:40	60.765241272500006	48.3104885675	47.98181	1	0	0	0	0
2024-11-08 23:36:50	61.2111255	48.0810507525	47.98181	1	0	0	0	0
2024-11-08 23:37:00	61.6303855	47.8174529025	47.98181	1	0	0	0	0
2024-11-08 23:37:10	62.080003345	47.5798970475	47.98181	1	0	0	0	0
2024-11-08 23:37:20	62.586000045	47.3907048975	47.98181	1	0	0	0	0
2024-11-08 23:37:30	62.8772697675	47.29713875	47.98181	1	0	0	0	0
2024-11-08 23:37:40	62.7697608175	47.38116375	47.98181	1	0	0	0	0
2024-11-08 23:37:50	62.5250606875	47.5161505	47.98181	1	0	0	0	0
2024-11-08 23:38:00	62.0255769375	47.7457805	47.98181	1	0	0	0	0
2024-11-08 23:38:10	61.5596288925	47.976161250000004	47.98181	1	0	0	0	0
2024-11-08 23:38:20	61.1559614425	48.20793625	47.98181	1	0	0	0	0
2024-11-08 23:38:30	60.77299252	48.4204343875	47.98181	1	0	0	0	0
2024-11-08 23:38:40	60.42846372	48.5971326375	47.98181	1	0	0	0	0
2024-11-08 23:38:50	60.17390375	48.701195212500004	47.98181	1	0	0	0	0
2024-11-08 23:39:00	60.08642875	48.6703629625	47.98181	1	0	0	0	0
2024-11-08 23:39:10	60.229946015	48.555945900000005	47.98181	1	0	0	0	0
2024-11-08 23:39:20	60.802448915	48.2862999	47.98181	1	0	0	0	0
2024-11-08 23:39:30	61.335002535	48.0103548975	47.98181	1	0	0	0	0
2024-11-08 23:39:40	61.793364634999996	47.7227117475	47.98181	1	0	0	0	0
2024-11-08 23:39:50	62.2246109575	47.487919507499996	47.98181	1	0	0	0	0
2024-11-08 23:40:00	62.6054994075	47.3512789575	47.98181	1	0	0	0	0
2024-11-08 23:40:10	62.7936264425	47.312482394999996	47.98181	1	0	0	0	0
2024-11-08 23:40:20	62.6237679925	47.455396095	47.98181	1	0	0	0	0
2024-11-08 23:40:30	62.38881894	47.622434	47.98181	1	0	0	0	0
2024-11-08 23:40:40	62.03298734	47.834274	47.98181	1	0	0	0	0
2024-11-08 23:40:50	61.6101850775	48.051049	47.98181	1	0	0	0	0
2024-11-08 23:41:00	61.0630087275	48.276989	47.98181	1	0	0	0	0
2024-11-08 23:41:10	60.620425555	48.456115275	47.98181	1	0	0	0	0
2024-11-08 23:41:20	60.372086855	48.548301775	47.98181	1	0	0	0	0
2024-11-08 23:41:30	60.279242357499996	48.562232475	47.98181	1	0	0	0	0
2024-11-08 23:41:40	60.4751728075	48.430830975	47.98181	1	0	0	0	0
2024-11-08 23:41:50	60.72295252	48.26186884	47.98181	1	0	0	0	0
2024-11-08 23:42:00	61.06702372	48.02315124	47.98181	1	0	0	0	0
2024-11-08 23:42:10	61.50913202	47.776642710000004	47.98181	1	0	0	0	0
2024-11-08 23:42:20	62.13330922	47.51566531	47.98181	1	0	0	0	0
2024-11-08 23:42:30	62.5801635225	47.34558725	47.98181	1	0	0	0	0
2024-11-08 23:42:40	62.6977038725	47.34432225	47.98181	1	0	0	0	0
2024-11-08 23:42:50	62.6736699575	47.409189749999996	47.98181	1	0	0	0	0
2024-11-08 23:43:00	62.3867124075	47.59687475	47.98181	1	0	0	0	0
2024-11-08 23:43:10	62.0662793175	47.799019055	47.98181	1	0	0	0	0
2024-11-08 23:43:20	61.6836773675	48.028016355000005	47.98181	1	0	0	0	0
2024-11-08 23:43:30	61.211310095	48.2640668725	47.98181	1	0	0	0	0
2024-11-08 23:43:40	60.572235795000005	48.5132162225	47.98181	1	0	0	0	0
2024-11-08 23:43:50	60.1139	48.6861003	47.98181	1	0	0	0	0
2024-11-08 23:44:00	59.99122142857143	48.71734887142858	47.98181	1	0	0	0	0
2024-11-08 23:44:10	60.030573409137055	48.65961996700508	47.98181	1	0	0	0	0
2024-11-08 23:44:20	60.41424031269036	48.41281392639594	47.98181	1	0	0	0	0
2024-11-08 23:44:30	60.833556885	48.1513125725	47.98181	1	0	0	0	0
2024-11-08 23:44:40	61.319079985	47.8625199225	47.98181	1	0	0	0	0
2024-11-08 23:44:50	61.8533675	47.6012426275	47.98181	1	0	0	0	0
2024-11-08 23:45:00	62.4782175	47.3910652775	47.98181	1	0	0	0	0
2024-11-08 23:45:10	62.8611416375	47.29374275	47.98181	1	0	0	0	0
2024-11-08 23:45:20	62.7947748875	47.40600775	47.98181	1	0	0	0	0
2024-11-08 23:45:30	62.582614604999996	47.5582703825	47.98181	1	0	0	0	0
2024-11-08 23:45:40	62.099694905	47.7848143325	47.98181	1	0	0	0	0
2024-11-08 23:45:50	61.58856629	48.0133995175	47.98181	1	0	0	0	0
2024-11-08 23:46:00	61.025049689999996	48.2457755675	47.98181	1	0	0	0	0
2024-11-08 23:46:10	60.565448685	48.4470681525	47.98181	1	0	0	0	0
2024-11-08 23:46:20	60.298833785	48.5906343025	47.98181	1	0	0	0	0
2024-11-08 23:46:30	60.1229923825	48.6539831475	47.98181	1	0	0	0	0
2024-11-08 23:46:40	60.1157303325	48.568356997500004	47.98181	1	0	0	0	0
2024-11-08 23:46:50	60.31273985	48.422790250000006	47.98181	1	0	0	0	0
2024-11-08 23:47:00	60.889110849999994	48.16590525	47.98181	1	0	0	0	0
2024-11-08 23:47:10	61.41350637810945	47.90306134328358	47.98181	1	0	0	0	0
2024-11-08 23:47:20	61.84137602985074	47.629150895522386	47.98181	1	0	0	0	0
2024-11-08 23:47:30	62.263463390954776	47.41971515879397	47.98181	1	0	0	0	0
2024-11-08 23:47:40	62.674326305527636	47.33543621407035	47.98181	1	0	0	0	0
2024-11-08 23:47:50	62.869229940000004	47.3385848	47.98181	1	0	0	0	0
2024-11-08 23:48:00	62.66306634	47.5040988	47.98181	1	0	0	0	0
2024-11-08 23:48:10	62.353003	47.6879508925	47.98181	1	0	0	0	0
2024-11-08 23:48:20	61.849983	47.9058594425	47.98181	1	0	0	0	0
2024-11-08 23:48:30	61.39404605	48.121042	47.98181	1	0	0	0	0
2024-11-08 23:48:40	61.02554905	48.331162	47.98181	1	0	0	0	0
2024-11-08 23:48:50	60.675861925	48.4954215	47.98181	1	0	0	0	0
2024-11-08 23:49:00	60.361107425	48.5745115	47.98181	1	0	0	0	0
2024-11-08 23:49:10	60.254421275	48.575584295	47.98181	1	0	0	0	0
2024-11-08 23:49:20	60.534147775	48.431767995	47.98181	1	0	0	0	0
2024-11-08 23:49:30	60.8565405	48.25080609	47.98181	1	0	0	0	0
2024-11-08 23:49:40	61.2581705	48.00085949	47.98181	1	0	0	0	0
2024-11-08 23:49:50	61.707152	47.763566037500006	47.98181	1	0	0	0	0
2024-11-08 23:50:00	62.244071999999996	47.5497712875	47.98181	1	0	0	0	0
2024-11-08 23:50:10	62.600689832499995	47.417052515	47.98181	1	0	0	0	0
2024-11-08 23:50:20	62.6224607825	47.434903415	47.98181	1	0	0	0	0
2024-11-08 23:50:30	62.6366119	47.4465065	47.98181	1	0	0	0	0
2024-11-08 23:50:40	62.35423711428571	47.63093621428571	47.98181	1	0	0	0	0
2024-11-08 23:50:50	61.9404296625	47.8655938725	47.98181	1	0	0	0	0
2024-11-08 23:51:00	61.4573364125	48.079361222500005	47.98181	1	0	0	0	0
2024-11-08 23:51:10	60.982569785	48.28511625	47.98181	1	0	0	0	0
2024-11-08 23:51:20	60.523266885	48.47599125	47.98181	1	0	0	0	0
2024-11-08 23:51:30	60.194396	48.609076	47.98181	1	0	0	0	0
2024-11-08 23:51:40	60.107756	48.634836	47.98181	1	0	0	0	0
2024-11-08 23:51:50	60.127866	48.5850772875	47.98181	1	0	0	0	0
2024-11-08 23:52:00	60.346226	48.3950695375	47.98181	1	0	0	0	0
2024-11-08 23:52:10	60.72664125	48.1609672125	47.98181	1	0	0	0	0
2024-11-08 23:52:20	61.40801625	47.844974962500004	47.98181	1	0	0	0	0
2024-11-08 23:52:30	62.00790362	47.567124365000005	47.98181	1	0	0	0	0
2024-11-08 23:52:40	62.45645682	47.360108265	47.98181	1	0	0	0	0
2024-11-08 23:52:50	62.75646078	47.251592455	47.98181	1	0	0	0	0
2024-11-08 23:53:00	62.78058758	47.326005755000004	47.98181	1	0	0	0	0
2024-11-08 23:53:10	62.6278115	47.45111113	47.98181	1	0	0	0	0
2024-11-08 23:53:20	62.1465015	47.67035893	47.98181	1	0	0	0	0
2024-11-08 23:53:30	61.690006955	47.895409275	47.98181	1	0	0	0	0
2024-11-08 23:53:40	61.279598255	48.131235775	47.98181	1	0	0	0	0
2024-11-08 23:53:50	60.898282395	48.344794225	47.98181	1	0	0	0	0
2024-11-08 23:54:00	60.570996095000005	48.516997724999996	47.98181	1	0	0	0	0
2024-11-08 23:54:10	60.32029025	48.616535712499996	47.98181	1	0	0	0	0
2024-11-08 23:54:20	60.21180525	48.5811234625	47.98181	1	0	0	0	0
2024-11-08 23:54:30	60.252084705	48.483217925000005	47.98181	1	0	0	0	0
2024-11-08 23:54:40	60.568641005	48.269253425	47.98181	1	0	0	0	0
2024-11-08 23:54:50	60.987362742500004	48.0398526125	47.98181	1	0	0	0	0
2024-11-08 23:55:00	61.5958202925	47.7817843625	47.98181	1	0	0	0	0
2024-11-08 23:55:10	62.139670852500004	47.55753775	47.98181	1	0	0	0	0
2024-11-08 23:55:20	62.5635370025	47.396102750000004	47.98181	1	0	0	0	0
2024-11-08 23:55:30	62.7830721375	47.3327968125	47.98181	1	0	0	0	0
2024-11-08 23:55:40	62.6231353875	47.4517305625	47.98181	1	0	0	0	0
2024-11-08 23:55:50	62.4075271125	47.5992426875	47.98181	1	0	0	0	0
2024-11-08 23:56:00	62.0885288625	47.7998289375	47.98181	1	0	0	0	0
2024-11-08 23:56:10	61.695225	48.01162175	47.98181	1	0	0	0	0
2024-11-08 23:56:20	61.163925	48.24422675	47.98181	1	0	0	0	0
2024-11-08 23:56:30	60.741454	48.428537	47.98181	1	0	0	0	0
2024-11-08 23:56:40	60.521094	48.523157	47.98181	1	0	0	0	0
2024-11-08 23:56:50	60.3807814675	48.5606453625	47.98181	1	0	0	0	0
2024-11-08 23:57:00	60.3891285175	48.4920321125	47.98181	1	0	0	0	0
2024-11-08 23:57:10	60.572491632500004	48.3664446375	47.98181	1	0	0	0	0
2024-11-08 23:57:20	61.080884582500005	48.1350478875	47.98181	1	0	0	0	0
2024-11-08 23:57:30	61.545341	47.9053405	47.98181	1	0	0	0	0
2024-11-08 23:57:40	61.928201	47.6787705	47.98181	1	0	0	0	0
2024-11-08 23:57:50	62.30260325	47.485245750000004	47.98181	1	0	0	0	0
2024-11-08 23:58:00	62.66129825	47.35309075	47.98181	1	0	0	0	0
2024-11-08 23:58:10	62.82484781	47.316826999999996	47.98181	1	0	0	0	0
2024-11-08 23:58:20	62.62598441	47.458647	47.98181	1	0	0	0	0
2024-11-08 23:58:30	62.31424314	47.6300302225	47.98181	1	0	0	0	0
2024-11-08 23:58:40	61.79287154	47.8563165725	47.98181	1	0	0	0	0
2024-11-08 23:58:50	61.310543	48.0841717275	47.98181	1	0	0	0	0
2024-11-08 23:59:00	60.900723	48.3149403775	47.98181	1	0	0	0	0
2024-11-08 23:59:10	60.524907250000005	48.506136382499996	47.98181	1	0	0	0	0
2024-11-08 23:59:20	60.21224225	48.623840332499995	47.98181	1	0	0	0	0
2024-11-08 23:59:30	60.067691	48.6526578975	47.98181	1	0	0	0	0
2024-11-08 23:59:40	60.235351	48.5164007475	47.98181	1	0	0	0	0
2024-11-08 23:59:50	60.56455175	48.3333728175	47.98181	1	0	0	0	0
2024-11-09 00:00:00	61.19375675	48.0634848675	47.98181	1	0	0	0	0
