PROCESSDATA	2111LIC31102B Data	yyyy-MM-dd HH:mm:ss
8	10	2025-02-23 21:55:00	751
tagname	2111LIC31102B.MV	2111LIC31102B.PV	2111LIC31102B.SV	2111LIC31102B.MODE	bOpOFL	bPvOFL	bSpOFL	bAutOFL
desc	C301中段_OP	C301中段_PV	C301中段_SP	Aut	bOpOFL	bPvOFL	bSpOFL	bAutOFL
fsMax=50	fsMin=0	fsGridNum=10	fdMax=50tfdMin=0	fdGridNum=10	v0GridNum=10	L=24
2025-02-23 21:55:00	59.569726614000004	48.5211044	47.98181	1	1	1	1	1
2025-02-23 21:55:10	59.967020812	48.2949422	47.98181	1	0	0	0	0
2025-02-23 21:55:20	60.454836912000005	48.067227200000005	47.98181	1	0	0	0	0
2025-02-23 21:55:30	60.850756788	47.8283112	47.98181	1	0	0	0	0
2025-02-23 21:55:40	61.238685688	47.5884212	47.98181	1	0	0	0	0
2025-02-23 21:55:50	61.612271282	47.462659454	47.98181	1	0	0	0	0
2025-02-23 21:56:00	61.984609632	47.346821904	47.98181	1	0	0	0	0
2025-02-23 21:56:10	61.859681818	47.455534504	47.98181	1	0	0	0	0
2025-02-23 21:56:20	61.691513468000004	47.583773204	47.98181	1	0	0	0	0
2025-02-23 21:56:30	61.2386128	47.789466842	47.98181	1	0	0	0	0
2025-02-23 21:56:40	60.7609528	48.001895692	47.98181	1	0	0	0	0
2025-02-23 21:56:50	60.3803068	48.214073979999995	47.98181	1	0	0	0	0
2025-02-23 21:57:00	60.0080968	48.426230479999994	47.98181	1	0	0	0	0
2025-02-23 21:57:10	59.7536864201005	48.50257628643216	47.98181	1	0	0	0	0
2025-02-23 21:57:20	59.7536864201005	48.50257628643216	47.98181	1	1	1	1	1
2025-02-23 21:57:30	59.509519485427134	48.567112467336685	47.98181	1	0	0	0	0
2025-02-23 21:57:40	59.70984986268657	48.40844364029851	47.98181	1	0	0	0	0
2025-02-23 21:57:50	59.943637026865666	48.23297443631841	47.98181	1	0	0	0	0
2025-02-23 21:58:00	60.512977526	47.991293526	47.98181	1	0	0	0	0
2025-02-23 21:58:10	61.111496576	47.743855076	47.98181	1	0	0	0	0
2025-02-23 21:58:20	61.847824724000006	47.35886352	47.98181	1	0	0	0	0
2025-02-23 21:58:30	61.810336516	47.41957023	47.98181	1	0	0	0	0
2025-02-23 21:58:40	61.738408815999996	47.502095479999994	47.98181	1	0	0	0	0
2025-02-23 21:58:50	61.43423960904522	47.6990739321608	47.98181	1	0	0	0	0
2025-02-23 21:59:00	61.10987548844221	47.906004836683415	47.98181	1	0	0	0	0
2025-02-23 21:59:10	60.607239104477614	48.11522089552239	47.98181	1	0	0	0	0
2025-02-23 21:59:20	60.09118437810945	48.32460895522388	47.98181	1	0	0	0	0
2025-02-23 21:59:30	59.885084116	48.419124886	47.98181	1	0	0	0	0
2025-02-23 21:59:40	59.705936416	48.503651936	47.98181	1	0	0	0	0
2025-02-23 21:59:50	59.895748229999995	48.38278687	47.98181	1	0	0	0	0
2025-02-23 22:00:00	59.895748229999995	48.38278687	47.98181	1	1	1	1	1
2025-02-23 22:00:10	60.480500348	48.017910656	47.98181	1	0	0	0	0
2025-02-23 22:00:20	60.855614748	47.784157456	47.98181	1	0	0	0	0
2025-02-23 22:00:30	61.321939926	47.605647588	47.98181	1	0	0	0	0
2025-02-23 22:00:40	61.796196476	47.431941488	47.98181	1	0	0	0	0
2025-02-23 22:00:50	61.785157579999996	47.470798398	47.98181	1	0	0	0	0
2025-02-23 22:01:00	61.73191908	47.528139048	47.98181	1	0	0	0	0
2025-02-23 22:01:10	61.73191908	47.528139048	47.98181	1	1	1	1	1
2025-02-23 22:01:20	61.37478342	47.703833006	47.98181	1	0	0	0	0
2025-02-23 22:01:30	60.99122192	47.889818556	47.98181	1	0	0	0	0
2025-02-23 22:01:40	60.732326814	48.05307822	47.98181	1	0	0	0	0
2025-02-23 22:01:50	60.484272264	48.21436172	47.98181	1	0	0	0	0
2025-02-23 22:02:00	60.11860780552764	48.35277070753769	47.98181	1	0	0	0	0
2025-02-23 22:02:10	59.74271639849246	48.48919060703518	47.98181	1	0	0	0	0
2025-02-23 22:02:20	59.73731757164179	48.455294841791044	47.98181	1	0	0	0	0
2025-02-23 22:02:30	59.75980528308458	48.40857961791045	47.98181	1	0	0	0	0
2025-02-23 22:02:40	60.095909024	48.245868102	47.98181	1	0	0	0	0
2025-02-23 22:02:50	60.459283723999995	48.073069952000004	47.98181	1	0	0	0	0
2025-02-23 22:03:00	60.79209530603015	47.881988405527636	47.98181	1	0	0	0	0
2025-02-23 22:03:10	61.50501552238806	47.536038507462685	47.98181	1	0	0	0	0
2025-02-23 22:03:20	61.891741890547266	47.38572507462686	47.98181	1	0	0	0	0
2025-02-23 22:03:30	61.8078686	47.481692865999996	47.98181	1	0	0	0	0
2025-02-23 22:03:40	61.8078686	47.481692865999996	47.98181	1	0	0	0	0
2025-02-23 22:03:50	61.6830736	47.599076415999996	47.98181	1	0	0	0	0
2025-02-23 22:04:00	60.843935312000006	47.959286236000004	47.98181	1	0	0	0	0
2025-02-23 22:04:10	60.543967338	48.13800364	47.98181	1	0	0	0	0
2025-02-23 22:04:20	60.255467488	48.316373139999996	47.98181	1	0	0	0	0
2025-02-23 22:04:30	59.953654318	48.422117058	47.98181	1	0	0	0	0
2025-02-23 22:04:40	59.650683468	48.521545708	47.98181	1	0	0	0	0
2025-02-23 22:04:50	59.739218986	48.433798425999996	47.98181	1	0	0	0	0
2025-02-23 22:05:00	59.739218986	48.433798425999996	47.98181	1	1	1	1	1
2025-02-23 22:05:10	60.335777744	48.110151824	47.98181	1	0	0	0	0
2025-02-23 22:05:20	60.840313443999996	47.880476524	47.98181	1	0	0	0	0
2025-02-23 22:05:30	61.225881598	47.64634295	47.98181	1	0	0	0	0
2025-02-23 22:05:40	61.601104748	47.4118217	47.98181	1	0	0	0	0
2025-02-23 22:05:50	61.903375485999995	47.3287566	47.98181	1	0	0	0	0
2025-02-23 22:06:00	62.199302536	47.2588616	47.98181	1	0	0	0	0
2025-02-23 22:06:10	62.030061808	47.39574741	47.98181	1	0	0	0	0
2025-02-23 22:06:20	61.820371707999996	47.55061416	47.98181	1	0	0	0	0
2025-02-23 22:06:30	61.37759671	47.746281253999996	47.98181	1	0	0	0	0
2025-02-23 22:06:40	60.91455346	47.945496203999994	47.98181	1	0	0	0	0
2025-02-23 22:06:50	60.5884966	48.128911257999995	47.98181	1	0	0	0	0
2025-02-23 22:07:00	60.2743516	48.310952408	47.98181	1	0	0	0	0
2025-02-23 22:07:10	59.99299241	48.409616119999995	47.98181	1	0	0	0	0
2025-02-23 22:07:20	59.99299241	48.409616119999995	47.98181	1	1	1	1	1
2025-02-23 22:07:30	59.71448416	48.50102962	47.98181	1	0	0	0	0
2025-02-23 22:07:40	59.83476969	48.385335756	47.98181	1	0	0	0	0
2025-02-23 22:07:50	59.98973294	48.251632556000004	47.98181	1	0	0	0	0
2025-02-23 22:08:00	60.5067684	48.024707642	47.98181	1	0	0	0	0
2025-02-23 22:08:10	61.47714579	47.559235359999995	47.98181	1	0	0	0	0
2025-02-23 22:08:20	61.88798904	47.32919336	47.98181	1	0	0	0	0
2025-02-23 22:08:30	62.05008936	47.304411916	47.98181	1	0	0	0	0
2025-02-23 22:08:40	62.19055986	47.297479216	47.98181	1	0	0	0	0
2025-02-23 22:08:50	61.984551092	47.446827283999994	47.98181	1	0	0	0	0
2025-02-23 22:09:00	61.748413692	47.609764983999995	47.98181	1	0	0	0	0
2025-02-23 22:09:10	61.304890858	47.801011267999996	47.98181	1	0	0	0	0
2025-02-23 22:09:20	60.843334508	47.994719167999996	47.98181	1	0	0	0	0
2025-02-23 22:09:30	60.4993186	48.185519131999996	47.98181	1	0	0	0	0
2025-02-23 22:09:40	60.1655236	48.376066232	47.98181	1	0	0	0	0
2025-02-23 22:09:50	60.015480200000006	48.413368104	47.98181	1	0	0	0	0
2025-02-23 22:10:00	60.015480200000006	48.413368104	47.98181	1	1	1	1	1
2025-02-23 22:10:10	60.12139	48.262631692	47.98181	1	0	0	0	0
2025-02-23 22:10:20	60.39389	48.070641791999996	47.98181	1	0	0	0	0
2025-02-23 22:10:30	60.970709164	47.817287891999996	47.98181	1	0	0	0	0
2025-02-23 22:10:40	61.573990863999995	47.558597991999996	47.98181	1	0	0	0	0
2025-02-23 22:10:50	61.931200071999996	47.380047912	47.98181	1	0	0	0	0
2025-02-23 22:11:00	62.267011671999995	47.208466512	47.98181	1	0	0	0	0
2025-02-23 22:11:10	62.223056564	47.2701386	47.98181	1	0	0	0	0
2025-02-23 22:11:20	62.146078263999996	47.352093599999996	47.98181	1	0	0	0	0
2025-02-23 22:11:30	62.146078263999996	47.352093599999996	47.98181	1	1	1	1	1
2025-02-23 22:11:40	61.462011583999995	47.8022756	47.98181	1	0	0	0	0
2025-02-23 22:11:50	61.462011583999995	47.8022756	47.98181	1	1	1	1	1
2025-02-23 22:12:00	60.938264716	48.023558912	47.98181	1	0	0	0	0
2025-02-23 22:12:10	60.399677016	48.243992512	47.98181	1	0	0	0	0
2025-02-23 22:12:20	60.113967599999995	48.391584789999996	47.98181	1	0	0	0	0
2025-02-23 22:12:30	59.850247599999996	48.532843039999996	47.98181	1	0	0	0	0
2025-02-23 22:12:40	59.877381	48.485303398	47.98181	1	0	0	0	0
2025-02-23 22:12:50	59.929806	48.421346547999995	47.98181	1	0	0	0	0
2025-02-23 22:13:00	60.261680838190955	48.20044608040201	47.98181	1	0	0	0	0
2025-02-23 22:13:10	61.232318155	47.7068363505	47.98181	1	0	0	0	0
2025-02-23 22:13:20	61.866221655	47.4459292005	47.98181	1	0	0	0	0
2025-02-23 22:13:30	62.128578155223884	47.337230973134325	47.98181	1	0	0	0	0
2025-02-23 22:13:40	62.36296875223881	47.23998933134329	47.98181	1	0	0	0	0
2025-02-23 22:13:50	62.1789198	47.3487372	47.98181	1	0	0	0	0
2025-02-23 22:14:00	61.9584848	47.475397199999996	47.98181	1	0	0	0	0
2025-02-23 22:14:10	61.59309	47.68836493	47.98181	1	0	0	0	0
2025-02-23 22:14:20	61.21509	47.908837680000005	47.98181	1	0	0	0	0
2025-02-23 22:14:30	60.736274698	48.11770877	47.98181	1	0	0	0	0
2025-02-23 22:14:40	60.248692848000005	48.32557102	47.98181	1	0	0	0	0
2025-02-23 22:14:50	60.027758002000006	48.416095274	47.98181	1	0	0	0	0
2025-02-23 22:15:00	60.027758002000006	48.416095274	47.98181	1	1	1	1	1
2025-02-23 22:15:10	60.0348934	48.384843022	47.98181	1	0	0	0	0
2025-02-23 22:15:20	60.2747884	48.256583372	47.98181	1	0	0	0	0
2025-02-23 22:15:30	60.595870639999994	48.047049404	47.98181	1	0	0	0	0
2025-02-23 22:15:40	60.924012639999994	47.830448104	47.98181	1	0	0	0	0
2025-02-23 22:15:50	61.43988616	47.624754599999996	47.98181	1	0	0	0	0
2025-02-23 22:16:00	61.97208416	47.4200096	47.98181	1	0	0	0	0
2025-02-23 22:16:10	62.121156394	47.366328599999996	47.98181	1	0	0	0	0
2025-02-23 22:16:20	62.236913344	47.325783599999994	47.98181	1	0	0	0	0
2025-02-23 22:16:30	62.000161668	47.455901958	47.98181	1	0	0	0	0
2025-02-23 22:16:40	61.732757068	47.600860608000005	47.98181	1	0	0	0	0
2025-02-23 22:16:50	61.440078688	47.779254542000004	47.98181	1	0	0	0	0
2025-02-23 22:17:00	61.145202588	47.960555892	47.98181	1	0	0	0	0
2025-02-23 22:17:10	60.724884349999996	48.13475705	47.98181	1	0	0	0	0
2025-02-23 22:17:20	60.724884349999996	48.13475705	47.98181	1	1	1	1	1
2025-02-23 22:17:30	60.2936581	48.308340799999996	47.98181	1	0	0	0	0
2025-02-23 22:17:40	60.123224683417085	48.37065579145729	47.98181	1	0	0	0	0
2025-02-23 22:17:50	60.24995770149254	48.282137635820895	47.98181	1	0	0	0	0
2025-02-23 22:18:00	60.556228348258706	48.126393158208955	47.98181	1	0	0	0	0
2025-02-23 22:18:10	60.9342584	47.888345046000005	47.98181	1	0	0	0	0
2025-02-23 22:18:20	61.3185284	47.643140096	47.98181	1	0	0	0	0
2025-02-23 22:18:30	61.904248132	47.414812454	47.98181	1	0	0	0	0
2025-02-23 22:18:40	62.507485232	47.187952404	47.98181	1	0	0	0	0
2025-02-23 22:18:50	62.534878324	47.222470978	47.98181	1	0	0	0	0
2025-02-23 22:19:00	62.512198024	47.279718128	47.98181	1	0	0	0	0
2025-02-23 22:19:10	62.061829918	47.491884354	47.98181	1	0	0	0	0
2025-02-23 22:19:20	61.574271568	47.717521804	47.98181	1	0	0	0	0
2025-02-23 22:19:30	61.20175356	47.953733458	47.98181	1	0	0	0	0
2025-02-23 22:19:40	60.83923906	48.190864608	47.98181	1	0	0	0	0
2025-02-23 22:19:50	60.3609191	48.372522472	47.98181	1	0	0	0	0
2025-02-23 22:20:00	60.3609191	48.372522472	47.98181	1	1	1	1	1
2025-02-23 22:20:10	59.820700812	48.52052044	47.98181	1	0	0	0	0
2025-02-23 22:20:20	59.80683441199999	48.47379994	47.98181	1	0	0	0	0
2025-02-23 22:20:30	60.383559022	48.199521442	47.98181	1	0	0	0	0
2025-02-23 22:20:40	61.011639372	47.905455292	47.98181	1	0	0	0	0
2025-02-23 22:20:50	61.489117332	47.6281894	47.98181	1	0	0	0	0
2025-02-23 22:21:00	61.953499432	47.3523844	47.98181	1	0	0	0	0
2025-02-23 22:21:10	62.32116	47.237638096	47.98181	1	0	0	0	0
2025-02-23 22:21:20	62.68041	47.136896895999996	47.98181	1	0	0	0	0
2025-02-23 22:21:30	62.498753452	47.282554649999994	47.98181	1	0	0	0	0
2025-02-23 22:21:40	62.270061552	47.4496384	47.98181	1	0	0	0	0
2025-02-23 22:21:50	61.74094142412061	47.6886302919598	47.98181	1	0	0	0	0
2025-02-23 22:22:00	61.18569710251256	47.93387506582915	47.98181	1	0	0	0	0
2025-02-23 22:22:10	60.803225074626866	48.13717536119403	47.98181	1	0	0	0	0
2025-02-23 22:22:20	60.43375741293533	48.13717536119403	47.98181	1	0	1	1	1
2025-02-23 22:22:30	60.184159	48.430638888	47.98181	1	0	0	0	0
2025-02-23 22:22:40	59.944984	48.514670288	47.98181	1	0	0	0	0
2025-02-23 22:22:50	60.17197622	48.337641292	47.98181	1	0	0	0	0
2025-02-23 22:23:00	60.17197622	48.337641292	47.98181	1	1	1	1	1
2025-02-23 22:23:10	60.43950472	48.137911392	47.98181	1	0	0	0	0
2025-02-23 22:23:20	61.01663924120603	47.892158145728644	47.98181	1	0	0	0	0
2025-02-23 22:23:30	61.620696025125625	47.64240286934674	47.98181	1	0	0	0	0
2025-02-23 22:23:40	62.04010656716418	47.418701568656715	47.98181	1	0	0	0	0
2025-02-23 22:23:50	62.44561900497512	47.196961319900495	47.98181	1	0	0	0	0
2025-02-23 22:24:00	62.473277288	47.229594262	47.98181	1	0	0	0	0
2025-02-23 22:24:10	62.468078688	47.284346612	47.98181	1	0	0	0	0
2025-02-23 22:24:20	62.164121312	47.501487472	47.98181	1	0	0	0	0
2025-02-23 22:24:30	61.834184912	47.732749072	47.98181	1	0	0	0	0
2025-02-23 22:24:40	61.268640974	47.971357239999996	47.98181	1	0	0	0	0
2025-02-23 22:24:50	60.682609424	48.210604239999995	47.98181	1	0	0	0	0
2025-02-23 22:25:00	60.682609424	48.210604239999995	47.98181	1	1	1	1	1
2025-02-23 22:25:10	59.990971121105524	48.56750084824121	47.98181	1	0	0	0	0
2025-02-23 22:25:20	59.977348254	48.5343588715	47.98181	1	0	0	0	0
2025-02-23 22:25:30	59.987976054	48.4854814215	47.98181	1	0	0	0	0
2025-02-23 22:25:40	60.343042041791044	48.24991626865672	47.98181	1	0	0	0	0
2025-02-23 22:25:50	60.72403348457711	48.000299353233835	47.98181	1	0	0	0	0
2025-02-23 22:26:00	61.355314798	47.737959588	47.98181	1	0	0	0	0
2025-02-23 22:26:10	62.008360448	47.47451348800001	47.98181	1	0	0	0	0
2025-02-23 22:26:20	62.303784112	47.347523812000006	47.98181	1	0	0	0	0
2025-02-23 22:26:30	62.568110212	47.232399912000005	47.98181	1	0	0	0	0
2025-02-23 22:26:40	62.370446398	47.350131600000005	47.98181	1	0	0	0	0
2025-02-23 22:26:50	62.132609548	47.4881116	47.98181	1	0	0	0	0
2025-02-23 22:27:00	61.793531804	47.7127878	47.98181	1	0	0	0	0
2025-02-23 22:27:10	61.445650504	47.9450028	47.98181	1	0	0	0	0
2025-02-23 22:27:20	61.445650504	47.9450028	47.98181	1	1	1	1	1
2025-02-23 22:27:30	60.410186912	48.340320576	47.98181	1	0	0	0	0
2025-02-23 22:27:40	60.16910476884422	48.44993572211055	47.98181	1	0	0	0	0
2025-02-23 22:27:50	59.95269451758794	48.552020093969844	47.98181	1	0	0	0	0
2025-02-23 22:28:00	60.185884347761196	48.41512533283582	47.98181	1	0	0	0	0
2025-02-23 22:28:10	60.452915044278605	48.260242895024874	47.98181	1	0	0	0	0
2025-02-23 22:28:20	60.840666258	48.016742642	47.98181	1	0	0	0	0
2025-02-23 22:28:30	61.238914908	47.765536492	47.98181	1	0	0	0	0
2025-02-23 22:28:40	61.821889392	47.528849	47.98181	1	0	0	0	0
2025-02-23 22:28:50	62.420926992000005	47.293424	47.98181	1	0	0	0	0
2025-02-23 22:29:00	62.503340800000004	47.307503000000004	47.98181	1	0	0	0	0
2025-02-23 22:29:10	62.5408308	47.343278	47.98181	1	0	0	0	0
2025-02-23 22:29:20	62.1255244	47.5360234	47.98181	1	0	0	0	0
2025-02-23 22:29:30	61.6708444	47.7424184	47.98181	1	0	0	0	0
2025-02-23 22:29:40	61.3136476	47.95400335	47.98181	1	0	0	0	0
2025-02-23 22:29:50	60.9649276	48.1660396	47.98181	1	0	0	0	0
2025-02-23 22:30:00	60.9649276	48.1660396	47.98181	1	1	1	1	1
2025-02-23 22:30:10	60.210160624000004	48.45341626	47.98181	1	0	0	0	0
2025-02-23 22:30:20	60.181933176	48.420065201999996	47.98181	1	0	0	0	0
2025-02-23 22:30:30	60.184170976000004	48.371567051999996	47.98181	1	0	0	0	0
2025-02-23 22:30:40	60.6114278	48.173899688	47.98181	1	0	0	0	0
2025-02-23 22:30:50	61.075642800000004	47.963261088	47.98181	1	0	0	0	0
2025-02-23 22:31:00	61.468199	47.728858796	47.98181	1	0	0	0	0
2025-02-23 22:31:10	61.854524	47.492390096	47.98181	1	0	0	0	0
2025-02-23 22:31:20	62.2137458	47.372851004000005	47.98181	1	0	0	0	0
2025-02-23 22:31:30	62.4408832	47.372007	47.98181	1	0	0	0	0
2025-02-23 22:31:40	62.2688432	47.499482	47.98181	1	0	0	0	0
2025-02-23 22:31:50	61.840034006	47.693204176	47.98181	1	0	0	0	0
2025-02-23 22:32:00	61.388897056000005	47.892686976	47.98181	1	0	0	0	0
2025-02-23 22:32:10	61.013944294	48.111162624	47.98181	1	0	0	0	0
2025-02-23 22:32:20	61.013944294	48.111162624	47.98181	1	1	1	1	1
2025-02-23 22:32:30	60.645616243999996	48.331289824	47.98181	1	0	0	0	0
2025-02-23 22:32:40	60.349349126	48.4341426	47.98181	1	0	0	0	0
2025-02-23 22:32:50	60.059348176	48.5267976	47.98181	1	0	0	0	0
2025-02-23 22:33:00	60.122098042	48.442857266000004	47.98181	1	0	0	0	0
2025-02-23 22:33:10	60.215521892	48.343560816	47.98181	1	0	0	0	0
2025-02-23 22:33:20	60.735229765999996	48.116051234	47.98181	1	0	0	0	0
2025-02-23 22:33:30	61.292005816	47.877392684	47.98181	1	0	0	0	0
2025-02-23 22:33:40	61.68973912	47.633992086	47.98181	1	0	0	0	0
2025-02-23 22:33:50	62.073642619999994	47.390179136	47.98181	1	0	0	0	0
2025-02-23 22:34:00	62.263018605999996	47.362238988	47.98181	1	0	0	0	0
2025-02-23 22:34:10	62.435479156	47.353070388	47.98181	1	0	0	0	0
2025-02-23 22:34:20	62.267838982	47.488129038	47.98181	1	0	0	0	0
2025-02-23 22:34:30	62.070624832	47.635729188	47.98181	1	0	0	0	0
2025-02-23 22:34:40	61.612402358000004	47.834921098	47.98181	1	0	0	0	0
2025-02-23 22:34:50	61.131483508	48.038599248	47.98181	1	0	0	0	0
2025-02-23 22:35:00	61.131483508	48.038599248	47.98181	1	1	1	1	1
2025-02-23 22:35:10	60.438098	48.442080988	47.98181	1	0	0	0	0
2025-02-23 22:35:20	60.175062484	48.522734596	47.98181	1	0	0	0	0
2025-02-23 22:35:30	59.918815184	48.592865896	47.98181	1	0	0	0	0
2025-02-23 22:35:40	60.126002224120604	48.430581947738695	47.98181	1	0	0	0	0
2025-02-23 22:35:50	60.373487902512565	48.24808797788945	47.98181	1	0	0	0	0
2025-02-23 22:36:00	60.9592895761194	47.99913221940299	47.98181	1	0	0	0	0
2025-02-23 22:36:10	61.57055589452736	47.74517396069651	47.98181	1	0	0	0	0
2025-02-23 22:36:20	61.945418076	47.538708778	47.98181	1	0	0	0	0
2025-02-23 22:36:30	62.299723376	47.336373428	47.98181	1	0	0	0	0
2025-02-23 22:36:40	62.310774606	47.376745164	47.98181	1	0	0	0	0
2025-02-23 22:36:50	62.291977656	47.438221864	47.98181	1	0	0	0	0
2025-02-23 22:37:00	62.291977656	47.438221864	47.98181	1	1	1	1	1
2025-02-23 22:37:10	61.697838444	47.8428744	47.98181	1	0	0	0	0
2025-02-23 22:37:20	61.180524262	48.060838558	47.98181	1	0	0	0	0
2025-02-23 22:37:30	60.645066612	48.279652208	47.98181	1	0	0	0	0
2025-02-23 22:37:40	60.356551268000004	48.410599142	47.98181	1	0	0	0	0
2025-02-23 22:37:50	60.089509168000006	48.533905492	47.98181	1	0	0	0	0
2025-02-23 22:38:00	60.207886532	48.452729422000004	47.98181	1	0	0	0	0
2025-02-23 22:38:10	60.359778632	48.353772272	47.98181	1	0	0	0	0
2025-02-23 22:38:20	60.687672482	48.142988478	47.98181	1	0	0	0	0
2025-02-23 22:38:30	61.030870832000005	47.922480628	47.98181	1	0	0	0	0
2025-02-23 22:38:40	61.584479438	47.6940266	47.98181	1	0	0	0	0
2025-02-23 22:38:50	62.156384588	47.464881600000005	47.98181	1	0	0	0	0
2025-02-23 22:39:00	62.30962658	47.4324694	47.98181	1	0	0	0	0
2025-02-23 22:39:10	62.42646308	47.4171644	47.98181	1	0	0	0	0
2025-02-23 22:39:20	62.0770882	47.5809972	47.98181	1	0	0	0	0
2025-02-23 22:39:30	61.6871732	47.7604072	47.98181	1	0	0	0	0
2025-02-23 22:39:40	61.36951845	47.960366872	47.98181	1	0	0	0	0
2025-02-23 22:39:50	61.0581472	48.162113472	47.98181	1	0	0	0	0
2025-02-23 22:40:00	61.0581472	48.162113472	47.98181	1	1	1	1	1
2025-02-23 22:40:10	60.22209126	48.48041752	47.98181	1	0	0	0	0
2025-02-23 22:40:20	60.10320109	48.507789800000005	47.98181	1	0	0	0	0
2025-02-23 22:40:30	60.01070934	48.5238573	47.98181	1	0	0	0	0
2025-02-23 22:40:40	60.356800082	48.351282756	47.98181	1	0	0	0	0
2025-02-23 22:40:50	60.741028432	48.162304556	47.98181	1	0	0	0	0
2025-02-23 22:41:00	61.136939218	47.926637414000005	47.98181	1	0	0	0	0
2025-02-23 22:41:10	61.533865868	47.686910364000006	47.98181	1	0	0	0	0
2025-02-23 22:41:20	62.00877802	47.498050988	47.98181	1	0	0	0	0
2025-02-23 22:41:30	62.433358464	47.3930588	47.98181	1	0	0	0	0
2025-02-23 22:41:40	62.329392664	47.4954488	47.98181	1	0	0	0	0
2025-02-23 22:41:50	61.886221116	47.699495488	47.98181	1	0	0	0	0
2025-02-23 22:42:00	61.413553416	47.912381888	47.98181	1	0	0	0	0
2025-02-23 22:42:10	61.049158399999996	48.130063512	47.98181	1	0	0	0	0
2025-02-23 22:42:20	61.049158399999996	48.130063512	47.98181	1	1	1	1	1
2025-02-23 22:42:30	60.6941784	48.348162112	47.98181	1	0	0	0	0
2025-02-23 22:42:40	60.336673	48.4704348	47.98181	1	0	0	0	0
2025-02-23 22:42:50	59.978948	48.5843748	47.98181	1	0	0	0	0
2025-02-23 22:43:00	60.103019962	48.4616586	47.98181	1	0	0	0	0
2025-02-23 22:43:10	60.268987312	48.3183636	47.98181	1	0	0	0	0
2025-02-23 22:43:20	60.806004738	48.085826484	47.98181	1	0	0	0	0
2025-02-23 22:43:30	61.375287388000004	47.845529184	47.98181	1	0	0	0	0
2025-02-23 22:43:40	61.797299796	47.618143716	47.98181	1	0	0	0	0
2025-02-23 22:43:50	62.206506096	47.391881016	47.98181	1	0	0	0	0
2025-02-23 22:44:00	62.347937701999996	47.368741758	47.98181	1	0	0	0	0
2025-02-23 22:44:10	62.466084552	47.363265408	47.98181	1	0	0	0	0
2025-02-23 22:44:20	62.22985053	47.539126347999996	47.98181	1	0	0	0	0
2025-02-23 22:44:30	61.962800779999995	47.730755748	47.98181	1	0	0	0	0
2025-02-23 22:44:40	61.433257872	47.952407094	47.98181	1	0	0	0	0
2025-02-23 22:44:50	60.880889472	48.176669044	47.98181	1	0	0	0	0
2025-02-23 22:45:00	60.880889472	48.176669044	47.98181	1	1	1	1	1
2025-02-23 22:45:10	60.192623231999995	48.575169648	47.98181	1	0	0	0	0
2025-02-23 22:45:20	60.069151418000004	48.583636998	47.98181	1	0	0	0	0
2025-02-23 22:45:30	59.964113068	48.575605148	47.98181	1	0	0	0	0
2025-02-23 22:45:40	60.258901704	48.36098532	47.98181	1	0	0	0	0
2025-02-23 22:45:50	60.588457904	48.12840132	47.98181	1	0	0	0	0
2025-02-23 22:46:00	61.209782812	47.8684694	47.98181	1	0	0	0	0
2025-02-23 22:46:10	61.856478912	47.6061594	47.98181	1	0	0	0	0
2025-02-23 22:46:20	62.22805835	47.433597884	47.98181	1	0	0	0	0
2025-02-23 22:46:30	62.449087068000004	47.36309921	47.98181	1	0	0	0	0
2025-02-23 22:46:40	62.281217468	47.47988096	47.98181	1	0	0	0	0
2025-02-23 22:46:50	62.281217468	47.47988096	47.98181	1	1	1	1	1
2025-02-23 22:47:00	61.648671708	47.90261342	47.98181	1	0	0	0	0
2025-02-23 22:47:10	61.648671708	47.90261342	47.98181	1	1	1	1	1
2025-02-23 22:47:20	61.127448208	48.1093925	47.98181	1	0	0	0	0
2025-02-23 22:47:30	60.588940608	48.31543	47.98181	1	0	0	0	0
2025-02-23 22:47:40	60.323742513999996	48.442361162000005	47.98181	1	0	0	0	0
2025-02-23 22:47:50	60.082310463999995	48.562413512000006	47.98181	1	0	0	0	0
2025-02-23 22:48:00	60.2325795	48.46624635800001	47.98181	1	0	0	0	0
2025-02-23 22:48:10	60.4169095	48.351277508	47.98181	1	0	0	0	0
2025-02-23 22:48:20	60.753656222000004	48.135658312000004	47.98181	1	0	0	0	0
2025-02-23 22:48:30	61.103656572	47.911286912	47.98181	1	0	0	0	0
2025-02-23 22:48:40	61.61155282512563	47.699851861306534	47.98181	1	0	0	0	0
2025-02-23 22:48:50	62.133179156783925	47.489541710552764	47.98181	1	0	0	0	0
2025-02-23 22:49:00	62.28378674179105	47.44547641791045	47.98181	1	0	0	0	0
2025-02-23 22:49:10	62.40646818457711	47.41392417910448	47.98181	1	0	0	0	0
2025-02-23 22:49:20	62.099867743999994	47.5724322	47.98181	1	0	0	0	0
2025-02-23 22:49:30	61.755938443999995	47.7474672	47.98181	1	0	0	0	0
2025-02-23 22:49:40	61.477840756	47.90936	47.98181	1	0	0	0	0
2025-02-23 22:49:50	61.205467555999995	48.07011	47.98181	1	0	0	0	0
2025-02-23 22:50:00	61.205467555999995	48.07011	47.98181	1	1	1	1	1
2025-02-23 22:50:10	60.400802884	48.40459448	47.98181	1	0	0	0	0
2025-02-23 22:50:20	60.26583513417086	48.44809623567839	47.98181	1	0	0	0	0
2025-02-23 22:50:30	60.15458734522613	48.48081442663317	47.98181	1	0	0	0	0
2025-02-23 22:50:40	60.42250372835821	48.344231779104476	47.98181	1	0	0	0	0
2025-02-23 22:50:50	60.71895935024876	48.19490605771144	47.98181	1	0	0	0	0
2025-02-23 22:51:00	61.02066852	47.991129788	47.98181	1	0	0	0	0
2025-02-23 22:51:10	61.32283452	47.78261868800001	47.98181	1	0	0	0	0
2025-02-23 22:51:20	61.804727212	47.599901812	47.98181	1	0	0	0	0
2025-02-23 22:51:30	62.302248312	47.419427911999996	47.98181	1	0	0	0	0
2025-02-23 22:51:40	62.3349706	47.454974888	47.98181	1	0	0	0	0
2025-02-23 22:51:50	62.3272756	47.509306288000005	47.98181	1	0	0	0	0
2025-02-23 22:52:00	61.954327903999996	47.676804312	47.98181	1	0	0	0	0
2025-02-23 22:52:10	61.549619104	47.854142912	47.98181	1	0	0	0	0
2025-02-23 22:52:20	61.224901038	48.04251544	47.98181	1	0	0	0	0
2025-02-23 22:52:30	60.542174039698494	48.37639315577889	47.98181	1	0	0	0	0
2025-02-23 22:52:40	60.17310484371859	48.5170444120603	47.98181	1	0	0	0	0
2025-02-23 22:52:50	60.14476223880597	48.48967292686567	47.98181	1	0	0	0	0
2025-02-23 22:53:00	60.14206572139303	48.44965456865672	47.98181	1	0	0	0	0
2025-02-23 22:53:10	60.14206572139303	48.44965456865672	47.98181	1	1	1	1	1
2025-02-23 22:53:20	60.528432344	48.266641031999995	47.98181	1	0	0	0	0
2025-02-23 22:53:30	60.948630544000004	48.071193132	47.98181	1	0	0	0	0
2025-02-23 22:53:40	61.348490856	47.83619112	47.98181	1	0	0	0	0
2025-02-23 22:53:50	61.746582656	47.59774962	47.98181	1	0	0	0	0
2025-02-23 22:54:00	62.148318208	47.450408314	47.98181	1	0	0	0	0
2025-02-23 22:54:10	62.550370607999994	47.310988763999994	47.98181	1	0	0	0	0
2025-02-23 22:54:20	62.449937592	47.415499808	47.98181	1	0	0	0	0
2025-02-23 22:54:30	62.305810192	47.541222208	47.98181	1	0	0	0	0
2025-02-23 22:54:40	61.82922322	47.7545126	47.98181	1	0	0	0	0
2025-02-23 22:54:50	61.32372672	47.9754176	47.98181	1	0	0	0	0
2025-02-23 22:55:00	61.32372672	47.9754176	47.98181	1	1	1	1	1
2025-02-23 22:55:10	60.67858588	48.366483824	47.98181	1	0	0	0	0
2025-02-23 22:55:20	60.368707684	48.471318884	47.98181	1	0	0	0	0
2025-02-23 22:55:30	60.059270383999994	48.568359084	47.98181	1	0	0	0	0
2025-02-23 22:55:40	60.082659	48.505428442	47.98181	1	0	0	0	0
2025-02-23 22:55:50	60.134989	48.428587292	47.98181	1	0	0	0	0
2025-02-23 22:56:00	60.546111916	48.247476102	47.98181	1	0	0	0	0
2025-02-23 22:56:10	60.988434216	48.057297952	47.98181	1	0	0	0	0
2025-02-23 22:56:20	61.347267574	47.827085174	47.98181	1	0	0	0	0
2025-02-23 22:56:30	61.698841024000004	47.593391124	47.98181	1	0	0	0	0
2025-02-23 22:56:40	62.458110676	47.365074224000004	47.98181	1	0	0	0	0
2025-02-23 22:56:50	62.31674706	47.489201800000004	47.98181	1	0	0	0	0
2025-02-23 22:57:00	62.12997756	47.6336168	47.98181	1	0	0	0	0
2025-02-23 22:57:10	61.651686188	47.6336168	47.98181	1	0	1	1	1
2025-02-23 22:57:20	61.651686188	47.8480622	47.98181	1	1	0	0	0
2025-02-23 22:57:30	61.148045087999996	48.0685972	47.98181	1	0	0	0	0
2025-02-23 22:57:40	60.780715052	48.2732714	47.98181	1	0	0	0	0
2025-02-23 22:57:50	60.425238152	48.476566399999996	47.98181	1	0	0	0	0
2025-02-23 22:58:00	60.350421028999996	48.461712449	47.98181	1	0	0	0	0
2025-02-23 22:58:10	60.300009104	48.427889023999995	47.98181	1	0	0	0	0
2025-02-23 22:58:20	60.249597179	48.394065599	47.98181	1	0	0	0	0
2025-02-23 22:58:30	60.199185254	48.360242174	47.98181	1	0	0	0	0
2025-02-23 22:58:40	60.743248279999996	48.121581002	47.98181	1	0	0	0	0
2025-02-23 22:58:50	61.339004779999996	47.865107851999994	47.98181	1	0	0	0	0
2025-02-23 22:59:00	61.777957261999994	47.626116679999996	47.98181	1	0	0	0	0
2025-02-23 22:59:10	62.203274611999994	47.388645679999996	47.98181	1	0	0	0	0
2025-02-23 22:59:20	62.317196434	47.382343678	47.98181	1	0	0	0	0
2025-02-23 22:59:30	62.404040384000005	47.396143327999994	47.98181	1	0	0	0	0
2025-02-23 22:59:40	62.183419966	47.566178942	47.98181	1	0	0	0	0
2025-02-23 22:59:50	61.936063516	47.749800292	47.98181	1	0	0	0	0
2025-02-23 23:00:00	61.936063516	47.749800292	47.98181	1	1	1	1	1
2025-02-23 23:00:10	60.982699000000004	48.137049296	47.98181	1	0	0	0	0
2025-02-23 23:00:20	60.64285236	48.317063908	47.98181	1	0	0	0	0
2025-02-23 23:00:30	60.31573536	48.495858808	47.98181	1	0	0	0	0
2025-02-23 23:00:40	60.184419016	48.51878878	47.98181	1	0	0	0	0
2025-02-23 23:00:50	60.070128816	48.52816528	47.98181	1	0	0	0	0
2025-02-23 23:01:00	60.328482224	48.352642664	47.98181	1	0	0	0	0
2025-02-23 23:01:10	60.619239424	48.161041864000005	47.98181	1	0	0	0	0
2025-02-23 23:01:20	61.192421812	47.913260252	47.98181	1	0	0	0	0
2025-02-23 23:01:30	61.790162912	47.660593352	47.98181	1	0	0	0	0
2025-02-23 23:01:40	62.170686584	47.474022058	47.98181	1	0	0	0	0
2025-02-23 23:01:50	62.532321784000004	47.293198208	47.98181	1	0	0	0	0
2025-02-23 23:02:00	62.443359016	47.368826842	47.98181	1	0	0	0	0
2025-02-23 23:02:10	62.315213815999996	47.466755692	47.98181	1	0	0	0	0
2025-02-23 23:02:20	61.970044388	47.685456208	47.98181	1	0	0	0	0
2025-02-23 23:02:30	61.032039716	48.159269444	47.98181	1	0	0	0	0
2025-02-23 23:02:40	60.439822016	48.405220144	47.98181	1	0	0	0	0
2025-02-23 23:02:50	60.16839242311558	48.5388833678392	47.98181	1	0	0	0	0
2025-02-23 23:03:00	59.924857448241205	48.66278246331658	47.98181	1	0	0	0	0
2025-02-23 23:03:10	60.05504611940299	48.56132887164179	47.98181	1	0	0	0	0
2025-02-23 23:03:20	60.21336452736318	48.44291324975124	47.98181	1	0	0	0	0
2025-02-23 23:03:30	60.588313672	48.2103998	47.98181	1	0	0	0	0
2025-02-23 23:03:40	60.982100272	47.9679648	47.98181	1	0	0	0	0
2025-02-23 23:03:50	61.588279728	47.711407799999996	47.98181	1	0	0	0	0
2025-02-23 23:04:00	62.212928128	47.4536228	47.98181	1	0	0	0	0
2025-02-23 23:04:10	62.401891668000005	47.3897186	47.98181	1	0	0	0	0
2025-02-23 23:04:20	62.552969568	47.3426736	47.98181	1	0	0	0	0
2025-02-23 23:04:30	62.281158336000004	47.49269858	47.98181	1	0	0	0	0
2025-02-23 23:04:40	61.972574136	47.65986008	47.98181	1	0	0	0	0
2025-02-23 23:04:50	61.642055434	47.864751102	47.98181	1	0	0	0	0
2025-02-23 23:05:00	61.642055434	47.864751102	47.98181	1	1	1	1	1
2025-02-23 23:05:10	60.86249985	48.245866208	47.98181	1	0	0	0	0
2025-02-23 23:05:20	60.4053961	48.415746108	47.98181	1	0	0	0	0
2025-02-23 23:05:30	60.261459246	48.46298711	47.98181	1	0	0	0	0
2025-02-23 23:05:40	60.144754296	48.49956386	47.98181	1	0	0	0	0
2025-02-23 23:05:50	60.430128216	48.3498712	47.98181	1	0	0	0	0
2025-02-23 23:06:00	60.750465516	48.1839812	47.98181	1	0	0	0	0
2025-02-23 23:06:10	61.059665341999995	48.1839812	47.98181	1	0	1	1	1
2025-02-23 23:06:20	61.059665341999995	47.982324866	47.98181	1	1	0	0	0
2025-02-23 23:06:30	61.367896691999995	47.777558416	47.98181	1	0	0	0	0
2025-02-23 23:06:40	61.860502528	47.582289034	47.98181	1	0	0	0	0
2025-02-23 23:06:50	62.369140928	47.387845483999996	47.98181	1	0	0	0	0
2025-02-23 23:07:00	62.38855608	47.418826958	47.98181	1	0	0	0	0
2025-02-23 23:07:10	62.365430079999996	47.469410608	47.98181	1	0	0	0	0
2025-02-23 23:07:20	61.990348020100505	47.65147822462311	47.98181	1	0	0	0	0
2025-02-23 23:07:30	61.584661085427136	47.84497922964824	47.98181	1	0	0	0	0
2025-02-23 23:07:40	61.23849310447761	48.05608179402985	47.98181	1	0	0	0	0
2025-02-23 23:07:50	60.896805044776116	48.26850920696518	47.98181	1	0	0	0	0
2025-02-23 23:08:00	60.45021208442211	48.44343360502513	47.98181	1	0	0	0	0
2025-02-23 23:08:10	59.994496958793974	48.61509687135678	47.98181	1	0	0	0	0
2025-02-23 23:08:20	59.938811617910446	48.5927064	47.98181	1	0	0	0	0
2025-02-23 23:08:30	59.91323604577114	48.55570973333334	47.98181	1	0	0	0	0
2025-02-23 23:08:40	60.922283791999995	48.0889452	47.98181	1	0	0	0	0
2025-02-23 23:08:50	60.922283791999995	48.0889452	47.98181	1	0	0	0	0
2025-02-23 23:09:00	61.354109658	47.828641409999996	47.98181	1	0	0	0	0
2025-02-23 23:09:10	61.777693307999996	47.56670816	47.98181	1	0	0	0	0
2025-02-23 23:09:20	62.232150824	47.404121478	47.98181	1	0	0	0	0
2025-02-23 23:09:30	62.689293024	47.250173628	47.98181	1	0	0	0	0
2025-02-23 23:09:40	62.589683975999996	47.361451612	47.98181	1	0	0	0	0
2025-02-23 23:09:50	62.441661776	47.495792712000004	47.98181	1	0	0	0	0
2025-02-23 23:10:00	62.441661776	47.495792712000004	47.98181	1	1	1	1	1
2025-02-23 23:10:10	61.4944344	47.891418784	47.98181	1	0	0	0	0
2025-02-23 23:10:20	61.112205792000005	48.122132846	47.98181	1	0	0	0	0
2025-02-23 23:10:30	60.739103392000004	48.355477896	47.98181	1	0	0	0	0
2025-02-23 23:10:40	60.347834166	48.495251769999996	47.98181	1	0	0	0	0
2025-02-23 23:10:50	59.954985216	48.62688902	47.98181	1	0	0	0	0
2025-02-23 23:11:00	59.987109474	48.543370378	47.98181	1	0	0	0	0
2025-02-23 23:11:10	60.056187924	48.441142528	47.98181	1	0	0	0	0
2025-02-23 23:11:20	60.591590868	48.211810054000004	47.98181	1	0	0	0	0
2025-02-23 23:11:30	61.167543768	47.971425004000004	47.98181	1	0	0	0	0
2025-02-23 23:11:40	62.00133168	47.4920758	47.98181	1	0	0	0	0
2025-02-23 23:11:50	62.287796632	47.40511078	47.98181	1	0	0	0	0
2025-02-23 23:12:00	62.563496232000006	47.331422280000005	47.98181	1	0	0	0	0
2025-02-23 23:12:10	62.563496232000006	47.331422280000005	47.98181	1	1	1	1	1
2025-02-23 23:12:20	62.315919198	47.522679888	47.98181	1	0	0	0	0
2025-02-23 23:12:30	62.022839848	47.736976288	47.98181	1	0	0	0	0
2025-02-23 23:12:40	61.43573273	47.994309	47.98181	1	0	0	0	0
2025-02-23 23:12:50	60.82305798	48.255384	47.98181	1	0	0	0	0
2025-02-23 23:13:00	60.48212156	48.429466698	47.98181	1	0	0	0	0
2025-02-23 23:13:10	60.164814559999996	48.595984848	47.98181	1	0	0	0	0
2025-02-23 23:13:20	60.0673572	48.59552792	47.98181	1	0	0	0	0
2025-02-23 23:13:30	59.9890172	48.58055142	47.98181	1	0	0	0	0
2025-02-23 23:13:40	60.306368234	48.356849782	47.98181	1	0	0	0	0
2025-02-23 23:13:50	60.658127183999994	48.114998132	47.98181	1	0	0	0	0
2025-02-23 23:14:00	61.269399457999995	47.8608246	47.98181	1	0	0	0	0
2025-02-23 23:14:10	61.903238108	47.6055796	47.98181	1	0	0	0	0
2025-02-23 23:14:20	62.222435608	47.4708868	47.98181	1	0	0	0	0
2025-02-23 23:14:30	62.514273007999996	47.3466768	47.98181	1	0	0	0	0
2025-02-23 23:14:40	62.2559482	47.497313994	47.98181	1	0	0	0	0
2025-02-23 23:14:50	61.9497832	47.671850944	47.98181	1	0	0	0	0
2025-02-23 23:15:00	61.9497832	47.671850944	47.98181	1	1	1	1	1
2025-02-23 23:15:10	61.282112944	48.056514156	47.98181	1	0	0	0	0
2025-02-23 23:15:20	60.789957706	48.265154112	47.98181	1	0	0	0	0
2025-02-23 23:15:30	60.284135756000005	48.475147712	47.98181	1	0	0	0	0
2025-02-23 23:15:40	60.110768594	48.542755488	47.98181	1	0	0	0	0
2025-02-23 23:15:50	59.966310544	48.597981888	47.98181	1	0	0	0	0
2025-02-23 23:16:00	60.291850456	48.413513098	47.98181	1	0	0	0	0
2025-02-23 23:16:10	60.658259756	48.208201248	47.98181	1	0	0	0	0
2025-02-23 23:16:20	61.103470092	47.936547002	47.98181	1	0	0	0	0
2025-02-23 23:16:30	62.085169738	47.4655156	47.98181	1	0	0	0	0
2025-02-23 23:16:40	62.621552388	47.2791956	47.98181	1	0	0	0	0
2025-02-23 23:16:50	62.621552388	47.2791956	47.98181	1	1	1	1	1
2025-02-23 23:17:00	62.60523025628141	47.33934785326633	47.98181	1	0	0	0	0
2025-02-23 23:17:10	62.540846839195986	47.420932476381914	47.98181	1	0	0	0	0
2025-02-23 23:17:20	62.10083932238806	47.61882109850747	47.98181	1	0	0	0	0
2025-02-23 23:17:30	61.632559023880596	47.825463785074625	47.98181	1	0	0	0	0
2025-02-23 23:17:40	61.25196239698492	48.07820894472361	47.98181	1	0	0	0	0
2025-02-23 23:17:50	60.87899043718593	48.334963015075374	47.98181	1	0	0	0	0
2025-02-23 23:18:00	60.426869202985074	48.48545270298507	47.98181	1	0	0	0	0
2025-02-23 23:18:10	59.968790496517414	48.627943996517416	47.98181	1	0	0	0	0
2025-02-23 23:18:20	59.978401432000005	48.571495462	47.98181	1	0	0	0	0
2025-02-23 23:18:30	60.028681032	48.497747812	47.98181	1	0	0	0	0
2025-02-23 23:18:40	60.547783014070355	48.25723209648241	47.98181	1	0	0	0	0
2025-02-23 23:18:50	61.107652159798995	48.002214810050255	47.98181	1	0	0	0	0
2025-02-23 23:19:00	61.520906204999996	47.7589269965	47.98181	1	0	0	0	0
2025-02-23 23:19:10	61.923124705	47.5165220465	47.98181	1	0	0	0	0
2025-02-23 23:19:20	62.23480507462686	47.42414333134329	47.98181	1	0	0	0	0
2025-02-23 23:19:30	62.539670746268655	47.34305691343284	47.98181	1	0	0	0	0
2025-02-23 23:19:40	62.342983034	47.495914920000004	47.98181	1	0	0	0	0
2025-02-23 23:19:50	62.102681984	47.66911592	47.98181	1	0	0	0	0
2025-02-23 23:20:00	62.102681984	47.66911592	47.98181	1	1	1	1	1
2025-02-23 23:20:10	61.119645643999995	48.07874928	47.98181	1	0	0	0	0
2025-02-23 23:20:20	60.8063618	48.259123095999996	47.98181	1	0	0	0	0
2025-02-23 23:20:30	60.5094868	48.437256896	47.98181	1	0	0	0	0
2025-02-23 23:20:40	60.31484243	48.487571416	47.98181	1	0	0	0	0
2025-02-23 23:20:50	60.129087680000005	48.526771216	47.98181	1	0	0	0	0
2025-02-23 23:21:00	60.311023718	48.37561814	47.98181	1	0	0	0	0
2025-02-23 23:21:10	60.524932868	48.20791264	47.98181	1	0	0	0	0
2025-02-23 23:21:20	61.027726526	47.999644018000005	47.98181	1	0	0	0	0
2025-02-23 23:21:30	61.555640576	47.787848168000004	47.98181	1	0	0	0	0
2025-02-23 23:21:40	61.929479604	47.581992252	47.98181	1	0	0	0	0
2025-02-23 23:21:50	62.289920804000005	47.376652852	47.98181	1	0	0	0	0
2025-02-23 23:22:00	62.281674488	47.426748278	47.98181	1	0	0	0	0
2025-02-23 23:22:10	62.241368388	47.499055428	47.98181	1	0	0	0	0
2025-02-23 23:22:20	61.994458532	47.6762406	47.98181	1	0	0	0	0
2025-02-23 23:22:30	61.729583132	47.862545600000004	47.98181	1	0	0	0	0
2025-02-23 23:22:40	61.210155094	48.081435206	47.98181	1	0	0	0	0
2025-02-23 23:22:50	60.668592044	48.303158255999996	47.98181	1	0	0	0	0
2025-02-23 23:23:00	60.334604914	48.477780894	47.98181	1	0	0	0	0
2025-02-23 23:23:10	60.018667864	48.648307843999994	47.98181	1	0	0	0	0
2025-02-23 23:23:20	60.060733634	48.582267695999995	47.98181	1	0	0	0	0
2025-02-23 23:23:30	60.532166075999996	48.24688996	47.98181	1	0	0	0	0
2025-02-23 23:23:40	60.532166075999996	48.24688996	47.98181	1	0	0	0	0
2025-02-23 23:23:50	60.958666376	47.98402296	47.98181	1	0	0	0	0
2025-02-23 23:24:00	61.565408706	47.728910272	47.98181	1	0	0	0	0
2025-02-23 23:24:10	62.187824256	47.474471872	47.98181	1	0	0	0	0
2025-02-23 23:24:20	62.44239685	47.384210646	47.98181	1	0	0	0	0
2025-02-23 23:24:30	62.6649831	47.308225695999994	47.98181	1	0	0	0	0
2025-02-23 23:24:40	62.370347282	47.457404628	47.98181	1	0	0	0	0
2025-02-23 23:24:50	62.030735632	47.626163028	47.98181	1	0	0	0	0
2025-02-23 23:25:00	62.030735632	47.626163028	47.98181	1	1	1	1	1
2025-02-23 23:25:10	61.29249134	48.090007956	47.98181	1	0	0	0	0
2025-02-23 23:25:20	60.807043128	48.285403007999996	47.98181	1	0	0	0	0
2025-02-23 23:25:30	60.311586528	48.477392908	47.98181	1	0	0	0	0
2025-02-23 23:25:40	60.177271788	48.51634136	47.98181	1	0	0	0	0
2025-02-23 23:25:50	60.074360688	48.54198186	47.98181	1	0	0	0	0
2025-02-23 23:26:00	60.449755012	48.34497477	47.98181	1	0	0	0	0
2025-02-23 23:26:10	61.2648754	47.878247846	47.98181	1	0	0	0	0
2025-02-23 23:26:20	61.661370399999996	47.624932896	47.98181	1	0	0	0	0
2025-02-23 23:26:30	61.661370399999996	47.624932896	47.98181	1	1	1	1	1
2025-02-23 23:26:40	62.16081202	47.441853966000004	47.98181	1	0	0	0	0
2025-02-23 23:26:50	62.64360848	47.264882516	47.98181	1	0	0	0	0
2025-02-23 23:27:00	62.64360848	47.333567074	47.98181	1	1	0	1	0
2025-02-23 23:27:10	62.57157748	47.423613024	47.98181	1	0	0	0	0
2025-02-23 23:27:20	62.09072454974874	47.64475289899497	47.98181	1	0	0	0	0
2025-02-23 23:27:30	61.57432188643216	47.87729224572864	47.98181	1	0	0	0	0
2025-02-23 23:27:40	61.22420505223881	48.106581641791045	47.98181	1	0	0	0	0
2025-02-23 23:27:50	60.886604355721396	48.33562641791045	47.98181	1	0	0	0	0
2025-02-23 23:28:00	60.44403207	48.4854962	47.98181	1	0	0	0	0
2025-02-23 23:28:10	59.992331820000004	48.628481199999996	47.98181	1	0	0	0	0
2025-02-23 23:28:20	59.943163218	48.610371256	47.98181	1	0	0	0	0
2025-02-23 23:28:30	59.928997368	48.578253056	47.98181	1	0	0	0	0
2025-02-23 23:28:40	60.34818542	48.362543335999995	47.98181	1	0	0	0	0
2025-02-23 23:28:50	60.80505642	48.130869135999994	47.98181	1	0	0	0	0
2025-02-23 23:29:00	61.204041894	47.889696441999995	47.98181	1	0	0	0	0
2025-02-23 23:29:10	61.597993844	47.647697791999995	47.98181	1	0	0	0	0
2025-02-23 23:29:20	62.107453726	47.466171662	47.98181	1	0	0	0	0
2025-02-23 23:29:30	62.626957776	47.289904012	47.98181	1	0	0	0	0
2025-02-23 23:29:40	62.510348325125626	47.408235166834174	47.98181	1	0	0	0	0
2025-02-23 23:29:50	62.33842465678392	47.55218360904523	47.98181	1	0	0	0	0
2025-02-23 23:30:00	62.33842465678392	47.55218360904523	47.98181	1	1	1	1	1
2025-02-23 23:30:10	61.36415955	47.97058045	47.98181	1	0	0	0	0
2025-02-23 23:30:20	61.00969353880597	48.174602386567166	47.98181	1	0	0	0	0
2025-02-23 23:30:30	60.666073688059704	48.37805656567164	47.98181	1	0	0	0	0
2025-02-23 23:30:40	60.350019614000004	48.486052484	47.98181	1	0	0	0	0
2025-02-23 23:30:50	60.036362564	48.585747684	47.98181	1	0	0	0	0
2025-02-23 23:31:00	60.180428273366836	48.4656660959799	47.98181	1	0	0	0	0
2025-02-23 23:31:10	60.36429596180904	48.32647348291457	47.98181	1	0	0	0	0
2025-02-23 23:31:20	60.863214959701494	48.104789708955224	47.98181	1	0	0	0	0
2025-02-23 23:31:30	60.863214959701494	48.104789708955224	47.98181	1	1	1	1	1
2025-02-23 23:31:40	61.38584749701493	47.87689692288557	47.98181	1	0	0	0	0
2025-02-23 23:31:50	62.11481732010051	47.43786180150754	47.98181	1	0	0	0	0
2025-02-23 23:32:00	62.24802435	47.430310517	47.98181	1	0	0	0	0
2025-02-23 23:32:10	62.364319349999995	47.438687417000004	47.98181	1	0	0	0	0
2025-02-23 23:32:20	62.082699946268654	47.62758441044776	47.98181	1	0	0	0	0
2025-02-23 23:32:30	61.7711299960199	47.83006893781094	47.98181	1	0	0	0	0
2025-02-23 23:32:40	61.292048976000004	48.041474357999995	47.98181	1	0	0	0	0
2025-02-23 23:32:50	60.798401776	48.253655507999994	47.98181	1	0	0	0	0
2025-02-23 23:33:00	60.519269872	48.401075328	47.98181	1	0	0	0	0
2025-02-23 23:33:10	60.258791472	48.542863728	47.98181	1	0	0	0	0
2025-02-23 23:33:20	60.227054328	48.517562142	47.98181	1	0	0	0	0
2025-02-23 23:33:30	60.215207728	48.477730992	47.98181	1	0	0	0	0
2025-02-23 23:33:40	60.5223956	48.24769803	47.98181	1	0	0	0	0
2025-02-23 23:33:50	60.8573256	48.00112578	47.98181	1	0	0	0	0
2025-02-23 23:34:00	61.422130066	47.780909	47.98181	1	0	0	0	0
2025-02-23 23:34:10	62.006923615999995	47.562984	47.98181	1	0	0	0	0
2025-02-23 23:34:20	62.315545033999996	47.417496948	47.98181	1	0	0	0	0
2025-02-23 23:34:30	62.600151484	47.278308848	47.98181	1	0	0	0	0
2025-02-23 23:34:40	62.4007906	47.408832088	47.98181	1	0	0	0	0
2025-02-23 23:34:50	62.1593456	47.562808487999995	47.98181	1	0	0	0	0
2025-02-23 23:35:00	62.1593456	47.562808487999995	47.98181	1	1	1	1	1
2025-02-23 23:35:10	61.47547	48.026115399999995	47.98181	1	0	0	0	0
2025-02-23 23:35:20	60.857901668	48.277503668	47.98181	1	0	0	0	0
2025-02-23 23:35:30	60.216729568	48.530326568	47.98181	1	0	0	0	0
2025-02-23 23:35:40	59.970753863999995	48.624031696	47.98181	1	0	0	0	0
2025-02-23 23:35:50	59.759143064	48.703900496	47.98181	1	0	0	0	0
2025-02-23 23:36:00	60.107727348	48.51569712	47.98181	1	0	0	0	0
2025-02-23 23:36:10	60.505024248	48.30418312	47.98181	1	0	0	0	0
2025-02-23 23:36:20	60.505024248	48.30418312	47.98181	1	1	1	1	1
2025-02-23 23:36:30	60.962884978	48.007956715999995	47.98181	1	0	0	0	0
2025-02-23 23:36:40	62.070141641999996	47.452649564	47.98181	1	0	0	0	0
2025-02-23 23:36:50	62.730010492	47.205446264	47.98181	1	0	0	0	0
2025-02-23 23:37:00	62.724901088	47.268094134	47.98181	1	0	0	0	0
2025-02-23 23:37:10	62.661967488	47.357685584	47.98181	1	0	0	0	0
2025-02-23 23:37:20	62.22474139497488	47.56685142864322	47.98181	1	0	0	0	0
2025-02-23 23:37:30	61.75496812864322	47.786415046733666	47.98181	1	0	0	0	0
2025-02-23 23:37:40	61.75496812864322	47.786415046733666	47.98181	1	1	1	1	1
2025-02-23 23:37:50	60.956195537999996	48.2746687575	47.98181	1	0	0	0	0
2025-02-23 23:38:00	60.56950965671642	48.409740298507465	47.98181	1	0	0	0	0
2025-02-23 23:38:10	60.18358756716418	48.53653631840796	47.98181	1	0	0	0	0
2025-02-23 23:38:20	60.160069752	48.509412594000004	47.98181	1	0	0	0	0
2025-02-23 23:38:30	60.160069752	48.509412594000004	47.98181	1	1	1	1	1
2025-02-23 23:38:40	60.168065352	48.468904544000004	47.98181	1	0	0	0	0
2025-02-23 23:38:50	61.045644648	48.024962556	47.98181	1	0	0	0	0
2025-02-23 23:39:00	61.473574432	47.774251884	47.98181	1	0	0	0	0
2025-02-23 23:39:10	61.898999032	47.521699584000004	47.98181	1	0	0	0	0
2025-02-23 23:39:20	62.285025736	47.401525716	47.98181	1	0	0	0	0
2025-02-23 23:39:30	62.667626536	47.292863016000005	47.98181	1	0	0	0	0
2025-02-23 23:39:40	62.493371484	47.4345578	47.98181	1	0	0	0	0
2025-02-23 23:39:50	62.270694184	47.5980228	47.98181	1	0	0	0	0
2025-02-23 23:40:00	62.270694184	47.5980228	47.98181	1	1	1	1	1
2025-02-23 23:40:10	61.194438912	48.064951807999996	47.98181	1	0	0	0	0
2025-02-23 23:40:20	60.773853282	48.288116468	47.98181	1	0	0	0	0
2025-02-23 23:40:30	60.364631632	48.510131868	47.98181	1	0	0	0	0
2025-02-23 23:40:40	60.136701364	48.587103978	47.98181	1	0	0	0	0
2025-02-23 23:40:50	59.924535564	48.651463628	47.98181	1	0	0	0	0
2025-02-23 23:41:00	60.098441646000005	48.495797366	47.98181	1	0	0	0	0
2025-02-23 23:41:10	60.305919196000005	48.320998416	47.98181	1	0	0	0	0
2025-02-23 23:41:20	60.834110862	48.09662568	47.98181	1	0	0	0	0
2025-02-23 23:41:30	61.390190712	47.86794218	47.98181	1	0	0	0	0
2025-02-23 23:41:40	61.78607846	47.660270238	47.98181	1	0	0	0	0
2025-02-23 23:41:50	62.168036459999996	47.454425388	47.98181	1	0	0	0	0
2025-02-23 23:42:00	62.175610993999996	47.49285374	47.98181	1	0	0	0	0
2025-02-23 23:42:10	62.175610993999996	47.49285374	47.98181	1	1	1	1	1
2025-02-23 23:42:20	62.150630444	47.552523240000006	47.98181	1	0	0	0	0
2025-02-23 23:42:30	61.66455968	47.901623072	47.98181	1	0	0	0	0
2025-02-23 23:42:40	61.246453200000005	48.070246732	47.98181	1	0	0	0	0
2025-02-23 23:42:50	60.8139132	48.237938832000005	47.98181	1	0	0	0	0
2025-02-23 23:43:00	60.508368896	48.411272556	47.98181	1	0	0	0	0
2025-02-23 23:43:10	60.213867695999994	48.585096856	47.98181	1	0	0	0	0
2025-02-23 23:43:20	60.157200526	48.562196912000005	47.98181	1	0	0	0	0
2025-02-23 23:43:30	60.121214576	48.522190512	47.98181	1	0	0	0	0
2025-02-23 23:43:40	60.431785128	48.285890888	47.98181	1	0	0	0	0
2025-02-23 23:43:50	60.772491028000005	48.032522287999996	47.98181	1	0	0	0	0
2025-02-23 23:44:00	61.39884895728643	47.784036028140704	47.98181	1	0	0	0	0
2025-02-23 23:44:10	62.05004619346734	47.53597431959799	47.98181	1	0	0	0	0
2025-02-23 23:44:20	62.37696925074627	47.39028388059702	47.98181	1	0	0	0	0
2025-02-23 23:44:30	62.679484574129354	47.25229880597015	47.98181	1	0	0	0	0
2025-02-23 23:44:40	62.482703732	47.3767438	47.98181	1	0	0	0	0
2025-02-23 23:44:50	62.242505832	47.5240088	47.98181	1	0	0	0	0
2025-02-23 23:45:00	62.242505832	47.5240088	47.98181	1	1	1	1	1
2025-02-23 23:45:10	61.390456304000004	48.0290092	47.98181	1	0	0	0	0
2025-02-23 23:45:20	60.88275208	48.243240194	47.98181	1	0	0	0	0
2025-02-23 23:45:30	60.36861858	48.453762144	47.98181	1	0	0	0	0
2025-02-23 23:45:40	60.160280292	48.534413306	47.98181	1	0	0	0	0
2025-02-23 23:45:50	59.978532892000004	48.603771355999996	47.98181	1	0	0	0	0
2025-02-23 23:46:00	60.217615664	48.470136604	47.98181	1	0	0	0	0
2025-02-23 23:46:10	60.493292364	48.318850304	47.98181	1	0	0	0	0
2025-02-23 23:46:20	60.493292364	48.318850304	47.98181	1	1	1	1	1
2025-02-23 23:46:30	60.880980766	48.080856396	47.98181	1	0	0	0	0
2025-02-23 23:46:40	61.798328874	47.623653	47.98181	1	0	0	0	0
2025-02-23 23:46:50	62.328899824	47.414927999999996	47.98181	1	0	0	0	0
2025-02-23 23:47:00	62.43388457	47.4055578	47.98181	1	0	0	0	0
2025-02-23 23:47:10	62.50186182	47.4135228	47.98181	1	0	0	0	0
2025-02-23 23:47:20	62.171332376	47.572475302	47.98181	1	0	0	0	0
2025-02-23 23:47:30	61.806150176	47.744557152	47.98181	1	0	0	0	0
2025-02-23 23:47:40	61.454356184	47.960179198	47.98181	1	0	0	0	0
2025-02-23 23:47:50	61.454356184	47.960179198	47.98181	1	1	1	1	1
2025-02-23 23:48:00	61.103726384	48.179587348	47.98181	1	0	0	0	0
2025-02-23 23:48:10	60.17692784	48.537603999999995	47.98181	1	0	0	0	0
2025-02-23 23:48:20	60.11305306934673	48.534157437185925	47.98181	1	0	0	0	0
2025-02-23 23:48:30	60.08432814472362	48.5149916080402	47.98181	1	0	0	0	0
2025-02-23 23:48:40	60.52176905074627	48.28712791044776	47.98181	1	0	0	0	0
2025-02-23 23:48:50	60.994297707462685	48.04355577114428	47.98181	1	0	0	0	0
2025-02-23 23:49:00	61.4002426	47.811453400000005	47.98181	1	0	0	0	0
2025-02-23 23:49:10	61.800397600000004	47.580348400000005	47.98181	1	0	0	0	0
2025-02-23 23:49:20	62.118163518	47.484444806	47.98181	1	0	0	0	0
2025-02-23 23:49:30	62.428765168	47.400297856	47.98181	1	0	0	0	0
2025-02-23 23:49:40	62.2943705	47.522198844	47.98181	1	0	0	0	0
2025-02-23 23:49:50	62.1212805	47.662017044	47.98181	1	0	0	0	0
2025-02-23 23:50:00	62.1212805	47.662017044	47.98181	1	1	1	1	1
2025-02-23 23:50:10	61.313548532	47.994380484000004	47.98181	1	0	0	0	0
2025-02-23 23:50:20	60.9923444	48.158567046	47.98181	1	0	0	0	0
2025-02-23 23:50:30	60.679164400000005	48.322484595999995	47.98181	1	0	0	0	0
2025-02-23 23:50:40	60.444940732	48.413837514	47.98181	1	0	0	0	0
2025-02-23 23:50:50	60.217582832	48.498880464	47.98181	1	0	0	0	0
2025-02-23 23:51:00	60.350312426	48.395921506	47.98181	1	0	0	0	0
2025-02-23 23:51:10	60.514353976	48.276614556	47.98181	1	0	0	0	0
2025-02-23 23:51:20	60.936027542	48.087686422	47.98181	1	0	0	0	0
2025-02-23 23:51:30	61.380103892	47.892704272	47.98181	1	0	0	0	0
2025-02-23 23:51:40	61.380103892	47.892704272	47.98181	1	1	1	1	1
2025-02-23 23:51:50	61.731413376	47.672562008	47.98181	1	0	0	0	0
2025-02-23 23:52:00	62.245315624	47.428067404	47.98181	1	0	0	0	0
2025-02-23 23:52:10	62.400967824	47.423308604	47.98181	1	0	0	0	0
2025-02-23 23:52:20	62.198901254	47.569563066	47.98181	1	0	0	0	0
2025-02-23 23:52:30	61.965728704	47.728949116	47.98181	1	0	0	0	0
2025-02-23 23:52:40	61.496478679999996	47.951786600000005	47.98181	1	0	0	0	0
2025-02-23 23:52:50	61.006700179999996	48.180141600000006	47.98181	1	0	0	0	0
2025-02-23 23:53:00	60.654005866	48.358647734	47.98181	1	0	0	0	0
2025-02-23 23:53:10	60.313231916	48.532819184000004	47.98181	1	0	0	0	0
2025-02-23 23:53:20	60.313231916	48.532819184000004	47.98181	1	1	1	1	1
2025-02-23 23:53:30	59.91207112	48.636804164	47.98181	1	0	0	0	0
2025-02-23 23:53:40	60.18577790954774	48.43878883467337	47.98181	1	0	0	0	0
2025-02-23 23:53:50	60.18577790954774	48.43878883467337	47.98181	1	1	1	1	1
2025-02-23 23:54:00	61.079957986567166	47.97370913432836	47.98181	1	0	0	0	0
2025-02-23 23:54:10	61.67966549900497	47.72595067661692	47.98181	1	0	0	0	0
2025-02-23 23:54:20	62.092149733999996	47.5053584	47.98181	1	0	0	0	0
2025-02-23 23:54:30	62.488353683999996	47.2871284	47.98181	1	0	0	0	0
2025-02-23 23:54:40	62.484826696	47.348951	47.98181	1	0	0	0	0
2025-02-23 23:54:50	62.446540496000004	47.435126	47.98181	1	0	0	0	0
2025-02-23 23:55:00	62.446540496000004	47.435126	47.98181	1	1	1	1	1
2025-02-23 23:55:10	61.766185119999996	47.858323999999996	47.98181	1	0	0	0	0
2025-02-23 23:55:20	61.189624084	48.105017858000004	47.98181	1	0	0	0	0
2025-02-23 23:55:30	60.593601784	48.354309008	47.98181	1	0	0	0	0
2025-02-23 23:55:40	60.3222082	48.490221842	47.98181	1	0	0	0	0
2025-02-23 23:55:50	60.0790432	48.616275691999995	47.98181	1	0	0	0	0
2025-02-23 23:56:00	60.0790432	48.616275691999995	47.98181	1	1	1	1	1
2025-02-23 23:56:10	60.2050588	48.4834832	47.98181	1	0	0	0	0
2025-02-23 23:56:20	60.2050588	48.4834832	47.98181	1	0	0	0	0
2025-02-23 23:56:30	60.9194128	48.0119012	47.98181	1	0	0	0	0
2025-02-23 23:56:40	61.531931300000004	47.741964173999996	47.98181	1	0	0	0	0
2025-02-23 23:56:50	62.1656338	47.469642623999995	47.98181	1	0	0	0	0
2025-02-23 23:57:00	62.385335196	47.399771214	47.98181	1	0	0	0	0
2025-02-23 23:57:10	62.569036495999995	47.347504164	47.98181	1	0	0	0	0
2025-02-23 23:57:20	62.269056628	47.506375136	47.98181	1	0	0	0	0
2025-02-23 23:57:30	62.269056628	47.506375136	47.98181	1	1	1	1	1
2025-02-23 23:57:40	61.927017528	47.683605936000006	47.98181	1	0	0	0	0
2025-02-23 23:57:50	61.107789184	48.220242896	47.98181	1	0	0	0	0
2025-02-23 23:58:00	60.613251592	48.405134578	47.98181	1	0	0	0	0
2025-02-23 23:58:10	60.111574192000006	48.582441728	47.98181	1	0	0	0	0
2025-02-23 23:58:20	59.980372190000004	48.600563992	47.98181	1	0	0	0	0
2025-02-23 23:58:30	59.88138544	48.604844092	47.98181	1	0	0	0	0
2025-02-23 23:58:40	60.34592353	48.36117651	47.98181	1	0	0	0	0
2025-02-23 23:58:50	60.859463780000006	48.09594826	47.98181	1	0	0	0	0
2025-02-23 23:59:00	61.328998176	47.840694006	47.98181	1	0	0	0	0
2025-02-23 23:59:10	61.794705975999996	47.586307056	47.98181	1	0	0	0	0
2025-02-23 23:59:20	62.197314340703514	47.44089800351759	47.98181	1	0	0	0	0
2025-02-23 23:59:30	62.59443579798995	47.30496528994975	47.98181	1	0	0	0	0
2025-02-23 23:59:40	62.466572843283586	47.436581108955224	47.98181	1	0	0	0	0
2025-02-23 23:59:50	62.29919493283582	47.58833498955224	47.98181	1	0	0	0	0
2025-02-24 00:00:00	62.29919493283582	47.58833498955224	47.98181	1	1	1	1	1
