PROCESSDATA	2111LIC33102 Data	yyyy-MM-dd HH:mm:ss
8	10	2024-10-10 21:55:00	751
tagname	2111LIC33102.MV	2111LIC33102.PV	2111LIC33102.SV	2111LIC33102.MODE	bOpOFL	bPvOFL	bSpOFL	bAutOFL
desc	D301水包_OP	D301水包_PV	D301水包_SP	Aut	bOpOFL	bPvOFL	bSpOFL	bAutOFL
fsMax=1.4246098264999993	fsMin=0	fsGridNum=10	fdMax=1.4246098264999993tfdMin=0	fdGridNum=10	v0GridNum=10	L=24
2024-10-10 21:55:00	50.62389559	50.82972417	51.0030556	1	0	0	0	0
2024-10-10 21:55:10	50.56946385	50.80641982	51.0030556	1	0	0	0	0
2024-10-10 21:55:20	50.5139333	50.79921642	51.0030556	1	0	0	0	0
2024-10-10 21:55:30	50.40321718	50.85288909	51.0030556	1	0	0	0	0
2024-10-10 21:55:40	50.26145918	50.94080454	51.0030556	1	0	0	0	0
2024-10-10 21:55:50	50.31635068	50.98165087	51.0030556	1	0	0	0	0
2024-10-10 21:56:00	50.48185753	50.99602082	51.0030556	1	0	0	0	0
2024-10-10 21:56:10	50.47878954	51.01391371	51.0030556	1	0	0	0	0
2024-10-10 21:56:20	50.38089819	51.03378826	51.0030556	1	0	0	0	0
2024-10-10 21:56:30	50.39734677	51.01869091	51.0030556	1	0	0	0	0
2024-10-10 21:56:40	50.47811157	50.98392186	51.0030556	1	0	0	0	0
2024-10-10 21:56:50	50.67039109	50.99365844	51.0030556	1	0	0	0	0
2024-10-10 21:57:00	50.92539764	51.02842944	51.0030556	1	0	0	0	0
2024-10-10 21:57:10	50.85468061	51.00726476	51.0030556	1	0	0	0	0
2024-10-10 21:57:20	50.60074406	50.95463626	51.0030556	1	0	0	0	0
2024-10-10 21:57:30	50.51567029	50.9918173	51.0030556	1	0	0	0	0
2024-10-10 21:57:40	50.52558184	51.0795162	51.0030556	1	0	0	0	0
2024-10-10 21:57:50	50.58839621	51.08396988	51.0030556	1	0	0	0	0
2024-10-10 21:58:00	50.68096841	51.04159813	51.0030556	1	0	0	0	0
2024-10-10 21:58:10	50.60653683	51.01488692	51.0030556	1	0	0	0	0
2024-10-10 21:58:20	50.43816563	50.99698477	51.0030556	1	0	0	0	0
2024-10-10 21:58:30	50.35560896	50.9325912	51.0030556	1	0	0	0	0
2024-10-10 21:58:40	50.32132296	50.8420462	51.0030556	1	0	0	0	0
2024-10-10 21:58:50	50.4312087	50.8901412	51.0030556	1	0	0	0	0
2024-10-10 21:59:00	50.62219105	51.0162212	51.0030556	1	0	0	0	0
2024-10-10 21:59:10	50.67185046	51.0479275	51.0030556	1	0	0	0	0
2024-10-10 21:59:20	50.64201571	51.0265486	51.0030556	1	0	0	0	0
2024-10-10 21:59:30	50.62196611	50.9882275	51.0030556	1	0	0	0	0
2024-10-10 21:59:40	50.60742066	50.9403764	51.0030556	1	0	0	0	0
2024-10-10 21:59:50	50.55419115	50.92438018	51.0030556	1	0	0	0	0
2024-10-10 22:00:00	50.47920185	50.92630233	51.0030556	1	0	0	0	0
2024-10-10 22:00:10	50.4691234	50.96629852	51.0030556	1	0	0	0	0
2024-10-10 22:00:20	50.4955573	51.02771137	51.0030556	1	0	0	0	0
2024-10-10 22:00:30	50.51587878	51.0655585	51.0030556	1	0	0	0	0
2024-10-10 22:00:40	50.53276203	51.0901499	51.0030556	1	0	0	0	0
2024-10-10 22:00:50	50.5807216	51.0683595	51.0030556	1	0	0	0	0
2024-10-10 22:01:00	50.6461616	51.02047935	51.0030556	1	0	0	0	0
2024-10-10 22:01:10	50.60499821	50.9711841	51.0030556	1	0	0	0	0
2024-10-10 22:01:20	50.50387041	50.92109285	51.0030556	1	0	0	0	0
2024-10-10 22:01:30	50.45119739	50.87348022	51.0030556	1	0	0	0	0
2024-10-10 22:01:40	50.42578019	50.82726182	51.0030556	1	0	0	0	0
2024-10-10 22:01:50	50.34709624	50.79429507	51.0030556	1	0	0	0	0
2024-10-10 22:02:00	50.23844974	50.76878237	51.0030556	1	0	0	0	0
2024-10-10 22:02:10	50.13787703	50.7282929	51.0030556	1	0	0	0	0
2024-10-10 22:02:20	50.04184583	50.679379	51.0030556	1	0	0	0	0
2024-10-10 22:02:30	50.04710126	50.6684356	51.0030556	1	0	0	0	0
2024-10-10 22:02:40	50.10933041	50.6788506	51.0030556	1	0	0	0	0
2024-10-10 22:02:50	50.12856397	50.78300099	51.0030556	1	0	0	0	0
2024-10-10 22:03:00	50.12361252	50.93987754	51.0030556	1	0	0	0	0
2024-10-10 22:03:10	50.14292251	50.9449908	51.0030556	1	0	0	0	0
2024-10-10 22:03:20	50.17587956	50.8647372	51.0030556	1	0	0	0	0
2024-10-10 22:03:30	50.20105956	50.83084468	51.0030556	1	0	0	0	0
2024-10-10 22:03:40	50.22186496	50.82303028	51.0030556	1	0	0	0	0
2024-10-10 22:03:50	50.35002853	50.90419172	51.0030556	1	0	0	0	0
2024-10-10 22:04:00	50.53858108	51.03540207	51.0030556	1	0	0	0	0
2024-10-10 22:04:10	50.74305075	51.1233617	51.0030556	1	0	0	0	0
2024-10-10 22:04:20	50.9564738	51.1869928	51.0030556	1	0	0	0	0
2024-10-10 22:04:30	51.00807535	51.19754035	51.0030556	1	0	0	0	0
2024-10-10 22:04:40	50.9686523	51.1782284	51.0030556	1	0	0	0	0
2024-10-10 22:04:50	50.8132369	51.18101975	51.0030556	1	0	0	0	0
2024-10-10 22:05:00	50.5925758	51.1962442	51.0030556	1	0	0	0	0
2024-10-10 22:05:10	50.6058441	51.16399674	51.0030556	1	0	0	0	0
2024-10-10 22:05:20	50.7506977	51.10504634	51.0030556	1	0	0	0	0
2024-10-10 22:05:30	50.87983962	51.12173646	51.0030556	1	0	0	0	0
2024-10-10 22:05:40	51.00014372	51.18097436	51.0030556	1	0	0	0	0
2024-10-10 22:05:50	50.99889144	51.21581229	51.0030556	1	0	0	0	0
2024-10-10 22:06:00	50.92926369	51.23692524	51.0030556	1	0	0	0	0
2024-10-10 22:06:10	50.89255916	51.23287461	51.0030556	1	0	0	0	0
2024-10-10 22:06:20	50.84195684	51.18221681	51.0030556	1	0	0	0	0
2024-10-10 22:06:30	50.76103187	51.15843024	51.0030556	1	0	0	0	0
2024-10-10 22:06:40	50.66305042	51.14975874	51.0030556	1	0	0	0	0
2024-10-10 22:06:50	50.63094603	51.09609012	51.0030556	1	0	0	0	0
2024-10-10 22:07:00	50.63589748	51.01711062	51.0030556	1	0	0	0	0
2024-10-10 22:07:10	50.59151546	50.98517701	51.0030556	1	0	0	0	0
2024-10-10 22:07:20	50.51938336	50.97970671	51.0030556	1	0	0	0	0
2024-10-10 22:07:30	50.63819474	50.97369567	51.0030556	1	0	0	0	0
2024-10-10 22:07:40	50.86441184	50.96738047	51.0030556	1	0	0	0	0
2024-10-10 22:07:50	50.93489432	50.99669999	51.0030556	1	0	0	0	0
2024-10-10 22:08:00	50.91777607	51.04606404	51.0030556	1	0	0	0	0
2024-10-10 22:08:10	50.84361299	51.07973964	51.0030556	1	0	0	0	0
2024-10-10 22:08:20	50.73736219	51.10459049	51.0030556	1	0	0	0	0
2024-10-10 22:08:30	50.76464291	51.12375043	51.0030556	1	0	0	0	0
2024-10-10 22:08:40	50.86703511	51.13970923	51.0030556	1	0	0	0	0
2024-10-10 22:08:50	50.75903668	51.11103789	51.0030556	1	0	0	0	0
2024-10-10 22:09:00	50.53269353	51.05726209	51.0030556	1	0	0	0	0
2024-10-10 22:09:10	50.58036773	51.07010494	51.0030556	1	0	0	0	0
2024-10-10 22:09:20	50.78217668	51.12042079	51.0030556	1	0	0	0	0
2024-10-10 22:09:30	50.82367657	51.08765437	51.0030556	1	0	0	0	0
2024-10-10 22:09:40	50.77500262	51.00815417	51.0030556	1	0	0	0	0
2024-10-10 22:09:50	50.61320653	50.95121135	51.0030556	1	0	0	0	0
2024-10-10 22:10:00	50.38777923	50.90695705	51.0030556	1	0	0	0	0
2024-10-10 22:10:10	50.31069887	50.8976759	51.0030556	1	0	0	0	0
2024-10-10 22:10:20	50.31706367	50.90806715	51.0030556	1	0	0	0	0
2024-10-10 22:10:30	50.31075638	50.89216566	51.0030556	1	0	0	0	0
2024-10-10 22:10:40	50.29732103	50.86147451	51.0030556	1	0	0	0	0
2024-10-10 22:10:50	50.21189348	50.81805268	51.0030556	1	0	0	0	0
2024-10-10 22:11:00	50.08597033	50.76746983	51.0030556	1	0	0	0	0
2024-10-10 22:11:10	50.09951006	50.7558104	51.0030556	1	0	0	0	0
2024-10-10 22:11:20	50.19149766	50.7660454	51.0030556	1	0	0	0	0
2024-10-10 22:11:30	50.30789218	50.778162	51.0030556	1	0	0	0	0
2024-10-10 22:11:40	50.43801558	50.791337	51.0030556	1	0	0	0	0
2024-10-10 22:11:50	50.4623696	50.8051776	51.0030556	1	0	0	0	0
2024-10-10 22:12:00	50.42722835	50.8193926	51.0030556	1	0	0	0	0
2024-10-10 22:12:10	50.4300206	50.8910636	51.0030556	1	0	0	0	0
2024-10-10 22:12:20	50.45415045	50.9950536	51.0030556	1	0	0	0	0
2024-10-10 22:12:30	50.4814141	50.99569182	51.0030556	1	0	0	0	0
2024-10-10 22:12:40	50.5104405	50.93819467	51.0030556	1	0	0	0	0
2024-10-10 22:12:50	50.52590686	50.90944028	51.0030556	1	0	0	0	0
2024-10-10 22:13:00	50.53374571	50.89685368	51.0030556	1	0	0	0	0
2024-10-10 22:13:10	50.47975128	50.89335402	51.0030556	1	0	0	0	0
2024-10-10 22:13:20	50.39097563	50.89496577	51.0030556	1	0	0	0	0
2024-10-10 22:13:30	50.46280181	50.90147368	51.0030556	1	0	0	0	0
2024-10-10 22:13:40	50.62496651	50.91073568	51.0030556	1	0	0	0	0
2024-10-10 22:13:50	50.65407034	50.9762268	51.0030556	1	0	0	0	0
2024-10-10 22:14:00	50.60832744	51.0733468	51.0030556	1	0	0	0	0
2024-10-10 22:14:10	50.61058736	51.1149276	51.0030556	1	0	0	0	0
2024-10-10 22:14:20	50.63984886	51.1252676	51.0030556	1	0	0	0	0
2024-10-10 22:14:30	50.60225922	51.13572712	51.0030556	1	0	0	0	0
2024-10-10 22:14:40	50.52706582	51.14625387	51.0030556	1	0	0	0	0
2024-10-10 22:14:50	50.51596298	51.13711438	51.0030556	1	0	0	0	0
2024-10-10 22:15:00	50.54091108	51.11691263	51.0030556	1	0	0	0	0
2024-10-10 22:15:10	50.57031403	51.0365889	51.0030556	1	0	0	0	0
2024-10-10 22:15:20	50.60222283	50.92244655	51.0030556	1	0	0	0	0
2024-10-10 22:15:30	50.57645	50.83837677	51.0030556	1	0	0	0	0
2024-10-10 22:15:40	50.51823125	50.77122282	51.0030556	1	0	0	0	0
2024-10-10 22:15:50	50.5392397	50.8124771	51.0030556	1	0	0	0	0
2024-10-10 22:16:00	50.60481345	50.914711	51.0030556	1	0	0	0	0
2024-10-10 22:16:10	50.4781935	50.9344815	51.0030556	1	0	0	0	0
2024-10-10 22:16:20	50.2434646	50.90786635	51.0030556	1	0	0	0	0
2024-10-10 22:16:30	50.0421031	50.82432007	51.0030556	1	0	0	0	0
2024-10-10 22:16:40	49.85951075	50.70875002	51.0030556	1	0	0	0	0
2024-10-10 22:16:50	49.7977079	50.65030486	51.0030556	1	0	0	0	0
2024-10-10 22:17:00	49.80384915	50.62399246	51.0030556	1	0	0	0	0
2024-10-10 22:17:10	49.82696966	50.614504	51.0030556	1	0	0	0	0
2024-10-10 22:17:20	49.85964101	50.614479	51.0030556	1	0	0	0	0
2024-10-10 22:17:30	50.02387099	50.6715644	51.0030556	1	0	0	0	0
2024-10-10 22:17:40	50.26210269	50.7607744	51.0030556	1	0	0	0	0
2024-10-10 22:17:50	50.42592028	50.88445573	51.0030556	1	0	0	0	0
2024-10-10 22:18:00	50.54787993	51.02752718	51.0030556	1	0	0	0	0
2024-10-10 22:18:10	50.63043164	51.15423677	51.0030556	1	0	0	0	0
2024-10-10 22:18:20	50.69081639	51.27174282	51.0030556	1	0	0	0	0
2024-10-10 22:18:30	50.77229612	51.28847978	51.0030556	1	0	0	0	0
2024-10-10 22:18:40	50.86564177	51.24853413	51.0030556	1	0	0	0	0
2024-10-10 22:18:50	50.73725769	51.17896938	51.0030556	1	0	0	0	0
2024-10-10 22:19:00	50.48415064	51.09274388	51.0030556	1	0	0	0	0
2024-10-10 22:19:10	50.49042983	51.06501448	51.0030556	1	0	0	0	0
2024-10-10 22:19:20	50.64261378	51.07018913	51.0030556	1	0	0	0	0
2024-10-10 22:19:30	50.76550397	51.10086736	51.0030556	1	0	0	0	0
2024-10-10 22:19:40	50.87191642	51.14589136	51.0030556	1	0	0	0	0
2024-10-10 22:19:50	50.85222333	51.13644138	51.0030556	1	0	0	0	0
2024-10-10 22:20:00	50.76159588	51.09634978	51.0030556	1	0	0	0	0
2024-10-10 22:20:10	50.7958876	51.14140778	51.0030556	1	0	0	0	0
2024-10-10 22:20:20	50.90044635	51.23436243	51.0030556	1	0	0	0	0
2024-10-10 22:20:30	50.99512606	51.33748495	51.0030556	1	0	0	0	0
2024-10-10 22:20:40	51.08424881	51.4463269	51.0030556	1	0	0	0	0
2024-10-10 22:20:50	51.00449342	51.3911661	51.0030556	1	0	0	0	0
2024-10-10 22:21:00	50.82974407	51.24375375	51.0030556	1	0	0	0	0
2024-10-10 22:21:10	50.72584918	51.17163868	51.0030556	1	0	0	0	0
2024-10-10 22:21:20	50.66180993	51.14187833	51.0030556	1	0	0	0	0
2024-10-10 22:21:30	50.69850556	51.12423586	51.0030556	1	0	0	0	0
2024-10-10 22:21:40	50.79186456	51.11340971	51.0030556	1	0	0	0	0
2024-10-10 22:21:50	50.86785172	51.10144116	51.0030556	1	0	0	0	0
2024-10-10 22:22:00	50.93406722	51.08883001	51.0030556	1	0	0	0	0
2024-10-10 22:22:10	50.86753738	51.05991365	51.0030556	1	0	0	0	0
2024-10-10 22:22:20	50.72633828	51.0218256	51.0030556	1	0	0	0	0
2024-10-10 22:22:30	50.6964331	50.99356433	51.0030556	1	0	0	0	0
2024-10-10 22:22:40	50.72913075	50.97083063	51.0030556	1	0	0	0	0
2024-10-10 22:22:50	50.61140689	50.98520996	51.0030556	1	0	0	0	0
2024-10-10 22:23:00	50.40907094	51.02046536	51.0030556	1	0	0	0	0
2024-10-10 22:23:10	50.35989861	51.00537576	51.0030556	1	0	0	0	0
2024-10-10 22:23:20	50.39688081	50.96196711	51.0030556	1	0	0	0	0
2024-10-10 22:23:30	50.45467939	50.9520328	51.0030556	1	0	0	0	0
2024-10-10 22:23:40	50.52418719	50.9609278	51.0030556	1	0	0	0	0
2024-10-10 22:23:50	50.597866	51.01961963	51.0030556	1	0	0	0	0
2024-10-10 22:24:00	50.673891	51.10632218	51.0030556	1	0	0	0	0
2024-10-10 22:24:10	50.82652598	51.14025667	51.0030556	1	0	0	0	0
2024-10-10 22:24:20	51.02225408	51.14450912	51.0030556	1	0	0	0	0
2024-10-10 22:24:30	50.93155902	51.12478816	51.0030556	1	0	0	0	0
2024-10-10 22:24:40	50.67975092	51.09158216	51.0030556	1	0	0	0	0
2024-10-10 22:24:50	50.5917464	51.1173648	51.0030556	1	0	0	0	0
2024-10-10 22:25:00	50.5958814	51.17632855	51.0030556	1	0	0	0	0
2024-10-10 22:25:10	50.57656926	51.11771694	51.0030556	1	0	0	0	0
2024-10-10 22:25:20	50.54406811	50.99296919	51.0030556	1	0	0	0	0
2024-10-10 22:25:30	50.56382444	50.94720032	51.0030556	1	0	0	0	0
2024-10-10 22:25:40	50.61297559	50.94585707	51.0030556	1	0	0	0	0
2024-10-10 22:25:50	50.67967224	50.98492675	51.0030556	1	0	0	0	0
2024-10-10 22:26:00	50.75623824	51.0467287	51.0030556	1	0	0	0	0
2024-10-10 22:26:10	50.76440747	51.05839583	51.0030556	1	0	0	0	0
2024-10-10 22:26:20	50.73410352	51.04186213	51.0030556	1	0	0	0	0
2024-10-10 22:26:30	50.81633132	51.07557848	51.0030556	1	0	0	0	0
2024-10-10 22:26:40	50.96185822	51.13756048	51.0030556	1	0	0	0	0
2024-10-10 22:26:50	50.85557337	51.07931272	51.0030556	1	0	0	0	0
2024-10-10 22:27:00	50.60764442	50.95343572	51.0030556	1	0	0	0	0
2024-10-10 22:27:10	50.59699618	50.96648643	51.0030556	1	0	0	0	0
2024-10-10 22:27:20	50.71981833	51.05768398	51.0030556	1	0	0	0	0
2024-10-10 22:27:30	50.70757676	51.05360467	51.0030556	1	0	0	0	0
2024-10-10 22:27:40	50.61936186	50.99593212	51.0030556	1	0	0	0	0
2024-10-10 22:27:50	50.57470168	51.0083284	51.0030556	1	0	0	0	0
2024-10-10 22:28:00	50.55454103	51.0601384	51.0030556	1	0	0	0	0
2024-10-10 22:28:10	50.53978138	51.12324638	51.0030556	1	0	0	0	0
2024-10-10 22:28:20	50.52805978	51.19270948	51.0030556	1	0	0	0	0
2024-10-10 22:28:30	50.5616512	51.16264417	51.0030556	1	0	0	0	0
2024-10-10 22:28:40	50.6207312	51.07659412	51.0030556	1	0	0	0	0
2024-10-10 22:28:50	50.72800166	51.07274695	51.0030556	1	0	0	0	0
2024-10-10 22:29:00	50.86237926	51.1151389	51.0030556	1	0	0	0	0
2024-10-10 22:29:10	50.96248003	51.13057507	51.0030556	1	0	0	0	0
2024-10-10 22:29:20	51.04330008	51.13084862	51.0030556	1	0	0	0	0
2024-10-10 22:29:30	51.05073028	51.12832403	51.0030556	1	0	0	0	0
2024-10-10 22:29:40	51.01687868	51.12422548	51.0030556	1	0	0	0	0
2024-10-10 22:29:50	51.06172701	51.1591244	51.0030556	1	0	0	0	0
2024-10-10 22:30:00	51.15084406	51.2159594	51.0030556	1	0	0	0	0
2024-10-10 22:30:10	51.01384415	51.19406883	51.0030556	1	0	0	0	0
2024-10-10 22:30:20	50.74965345	51.12789513	51.0030556	1	0	0	0	0
2024-10-10 22:30:30	50.64910006	51.09091218	51.0030556	1	0	0	0	0
2024-10-10 22:30:40	50.64059266	51.07034903	51.0030556	1	0	0	0	0
2024-10-10 22:30:50	50.59807851	51.00183708	51.0030556	1	0	0	0	0
2024-10-10 22:31:00	50.53643556	50.90635393	51.0030556	1	0	0	0	0
2024-10-10 22:31:10	50.52098116	50.904348	51.0030556	1	0	0	0	0
2024-10-10 22:31:20	50.53150781	50.954923	51.0030556	1	0	0	0	0
2024-10-10 22:31:30	50.62685343	50.9645732	51.0030556	1	0	0	0	0
2024-10-10 22:31:40	50.76990973	50.9512032	51.0030556	1	0	0	0	0
2024-10-10 22:31:50	50.7651892	50.92644926	51.0030556	1	0	0	0	0
2024-10-10 22:32:00	50.6773442	50.89529186	51.0030556	1	0	0	0	0
2024-10-10 22:32:10	50.65428493	50.94614915	51.0030556	1	0	0	0	0
2024-10-10 22:32:20	50.66766763	51.0431397	51.0030556	1	0	0	0	0
2024-10-10 22:32:30	50.73879087	51.08232628	51.0030556	1	0	0	0	0
2024-10-10 22:32:40	50.84239317	51.08899813	51.0030556	1	0	0	0	0
2024-10-10 22:32:50	50.81736766	51.1136368	51.0030556	1	0	0	0	0
2024-10-10 22:33:00	50.71998901	51.1483818	51.0030556	1	0	0	0	0
2024-10-10 22:33:10	50.73134873	51.120618	51.0030556	1	0	0	0	0
2024-10-10 22:33:20	50.80387378	51.057693	51.0030556	1	0	0	0	0
2024-10-10 22:33:30	50.7407051	51.0213632	51.0030556	1	0	0	0	0
2024-10-10 22:33:40	50.6012087	50.9999932	51.0030556	1	0	0	0	0
2024-10-10 22:33:50	50.56500034	51.00904378	51.0030556	1	0	0	0	0
2024-10-10 22:34:00	50.58689149	51.03520593	51.0030556	1	0	0	0	0
2024-10-10 22:34:10	50.59035704	51.03896024	51.0030556	1	0	0	0	0
2024-10-10 22:34:20	50.58345819	51.03011014	51.0030556	1	0	0	0	0
2024-10-10 22:34:30	50.58039598	50.99902615	51.0030556	1	0	0	0	0
2024-10-10 22:34:40	50.57949188	50.9554356	51.0030556	1	0	0	0	0
2024-10-10 22:34:50	50.65667862	50.96740924	51.0030556	1	0	0	0	0
2024-10-10 22:35:00	50.77779147	51.01063774	51.0030556	1	0	0	0	0
2024-10-10 22:35:10	50.84711719	51.0536937	51.0030556	1	0	0	0	0
2024-10-10 22:35:20	50.88731264	51.0966526	51.0030556	1	0	0	0	0
2024-10-10 22:35:30	50.82148025	51.0523617	51.0030556	1	0	0	0	0
2024-10-10 22:35:40	50.6960072	50.9589928	51.0030556	1	0	0	0	0
2024-10-10 22:35:50	50.69054884	50.98122	51.0030556	1	0	0	0	0
2024-10-10 22:36:00	50.75259874	51.06847	51.0030556	1	0	0	0	0
2024-10-10 22:36:10	50.76640616	51.11876101	51.0030556	1	0	0	0	0
2024-10-10 22:36:20	50.73228398	51.19428505	51.0030556	1	0	0	0	0
2024-10-10 22:36:30	50.6949536	51.16302132	51.0030556	1	0	0	0	0
2024-10-10 22:36:40	50.6558186	51.07168947	51.0030556	1	0	0	0	0
2024-10-10 22:36:50	50.6303988	50.94800578	51.0030556	1	0	0	0	0
2024-10-10 22:37:00	50.6126938	50.80612418	51.0030556	1	0	0	0	0
2024-10-10 22:37:10	50.52726221	50.77378827	51.0030556	1	0	0	0	0
2024-10-10 22:37:20	50.40373441	50.80307182	51.0030556	1	0	0	0	0
2024-10-10 22:37:30	50.37689746	50.80464417	51.0030556	1	0	0	0	0
2024-10-10 22:37:40	50.40444911	50.79062897	51.0030556	1	0	0	0	0
2024-10-10 22:37:50	50.38033004	50.79568158	51.0030556	1	0	0	0	0
2024-10-10 22:38:00	50.32714619	50.81145983	51.0030556	1	0	0	0	0
2024-10-10 22:38:10	50.31506746	50.88003386	51.0030556	1	0	0	0	0
2024-10-10 22:38:20	50.32611036	50.97830551	51.0030556	1	0	0	0	0
2024-10-10 22:38:30	50.33047434	50.95331104	51.0030556	1	0	0	0	0
2024-10-10 22:38:40	50.33108144	50.85897939	51.0030556	1	0	0	0	0
2024-10-10 22:38:50	50.4785224	50.87600384	51.0030556	1	0	0	0	0
2024-10-10 22:39:00	50.7085574	50.95566609	51.0030556	1	0	0	0	0
2024-10-10 22:39:10	50.87860645	51.03626709	51.0030556	1	0	0	0	0
2024-10-10 22:39:20	51.0149134	51.11739614	51.0030556	1	0	0	0	0
2024-10-10 22:39:30	51.10773513	51.1510545	51.0030556	1	0	0	0	0
2024-10-10 22:39:40	51.17609643	51.1580106	51.0030556	1	0	0	0	0
2024-10-10 22:39:50	51.17319796	51.15170133	51.0030556	1	0	0	0	0
2024-10-10 22:40:00	51.13021586	51.13793028	51.0030556	1	0	0	0	0
2024-10-10 22:40:10	50.9023375	51.13835356	51.0030556	1	0	0	0	0
2024-10-10 22:40:20	50.570455	51.14676116	51.0030556	1	0	0	0	0
2024-10-10 22:40:30	50.55914383	51.13357417	51.0030556	1	0	0	0	0
2024-10-10 22:40:40	50.72815403	51.10824022	51.0030556	1	0	0	0	0
2024-10-10 22:40:50	50.69676868	51.1130944	51.0030556	1	0	0	0	0
2024-10-10 22:41:00	50.55266083	51.1349294	51.0030556	1	0	0	0	0
2024-10-10 22:41:10	50.58250616	51.121574	51.0030556	1	0	0	0	0
2024-10-10 22:41:20	50.71020016	51.088424	51.0030556	1	0	0	0	0
2024-10-10 22:41:30	50.80194706	51.0585828	51.0030556	1	0	0	0	0
2024-10-10 22:41:40	50.87347371	51.0306028	51.0030556	1	0	0	0	0
2024-10-10 22:41:50	50.82627044	51.00921675	51.0030556	1	0	0	0	0
2024-10-10 22:42:00	50.71228159	50.9915398	51.0030556	1	0	0	0	0
2024-10-10 22:42:10	50.65617501	50.97971815	51.0030556	1	0	0	0	0
2024-10-10 22:42:20	50.63262721	50.9711901	51.0030556	1	0	0	0	0
2024-10-10 22:42:30	50.4860156	50.9132592	51.0030556	1	0	0	0	0
2024-10-10 22:42:40	50.2701806	50.8275392	51.0030556	1	0	0	0	0
2024-10-10 22:42:50	50.21768205	50.82036544	51.0030556	1	0	0	0	0
2024-10-10 22:43:00	50.25706025	50.85737394	51.0030556	1	0	0	0	0
2024-10-10 22:43:10	50.34133675	50.87758116	51.0030556	1	0	0	0	0
2024-10-10 22:43:20	50.45086855	50.88833766	51.0030556	1	0	0	0	0
2024-10-10 22:43:30	50.47225411	50.8663284	51.0030556	1	0	0	0	0
2024-10-10 22:43:40	50.44405741	50.8258884	51.0030556	1	0	0	0	0
2024-10-10 22:43:50	50.52073886	50.8693652	51.0030556	1	0	0	0	0
2024-10-10 22:44:00	50.65641426	50.9600452	51.0030556	1	0	0	0	0
2024-10-10 22:44:10	50.76951103	51.04233634	51.0030556	1	0	0	0	0
2024-10-10 22:44:20	50.86990733	51.11990874	51.0030556	1	0	0	0	0
2024-10-10 22:44:30	50.8752692	51.1572403	51.0030556	1	0	0	0	0
2024-10-10 22:44:40	50.8271742	51.1719364	51.0030556	1	0	0	0	0
2024-10-10 22:44:50	50.7970504	51.15196716	51.0030556	1	0	0	0	0
2024-10-10 22:45:00	50.7770354	51.11249866	51.0030556	1	0	0	0	0
2024-10-10 22:45:10	50.7417388	51.11078494	51.0030556	1	0	0	0	0
2024-10-10 22:45:20	50.6978463	51.13030829	51.0030556	1	0	0	0	0
2024-10-10 22:45:30	50.636469	51.07228816	51.0030556	1	0	0	0	0
2024-10-10 22:45:40	50.5652565	50.97064981	51.0030556	1	0	0	0	0
2024-10-10 22:45:50	50.55928291	50.9437816	51.0030556	1	0	0	0	0
2024-10-10 22:46:00	50.59000621	50.9589716	51.0030556	1	0	0	0	0
2024-10-10 22:46:10	50.65239249	50.94526378	51.0030556	1	0	0	0	0
2024-10-10 22:46:20	50.73258919	50.91530093	51.0030556	1	0	0	0	0
2024-10-10 22:46:30	50.8271464	50.97945206	51.0030556	1	0	0	0	0
2024-10-10 22:46:40	50.9297814	51.09654231	51.0030556	1	0	0	0	0
2024-10-10 22:46:50	50.92680878	51.14247163	51.0030556	1	0	0	0	0
2024-10-10 22:47:00	50.86443188	51.14837293	51.0030556	1	0	0	0	0
2024-10-10 22:47:10	50.89637316	51.18227423	51.0030556	1	0	0	0	0
2024-10-10 22:47:20	50.98136841	51.23192553	51.0030556	1	0	0	0	0
2024-10-10 22:47:30	50.87728408	51.21642893	51.0030556	1	0	0	0	0
2024-10-10 22:47:40	50.66684248	51.16428663	51.0030556	1	0	0	0	0
2024-10-10 22:47:50	50.47274856	51.03608007	51.0030556	1	0	0	0	0
2024-10-10 22:48:00	50.28785021	50.86508737	51.0030556	1	0	0	0	0
2024-10-10 22:48:10	50.36151502	50.8712772	51.0030556	1	0	0	0	0
2024-10-10 22:48:20	50.58062162	50.9771322	51.0030556	1	0	0	0	0
2024-10-10 22:48:30	50.77558403	51.0703681	51.0030556	1	0	0	0	0
2024-10-10 22:48:40	50.95696533	51.15650575	51.0030556	1	0	0	0	0
2024-10-10 22:48:50	51.05956737	51.14576237	51.0030556	1	0	0	0	0
2024-10-10 22:49:00	51.11785607	51.08052342	51.0030556	1	0	0	0	0
2024-10-10 22:49:10	50.89424397	50.96794316	51.0030556	1	0	0	0	0
2024-10-10 22:49:20	50.51206267	50.82873341	51.0030556	1	0	0	0	0
2024-10-10 22:49:30	50.3241478	50.79130222	51.0030556	1	0	0	0	0
2024-10-10 22:49:40	50.2455078	50.81112147	51.0030556	1	0	0	0	0
2024-10-10 22:49:50	50.20671503	50.78213458	51.0030556	1	0	0	0	0
2024-10-10 22:50:00	50.19033633	50.72569423	51.0030556	1	0	0	0	0
2024-10-10 22:50:10	50.16465869	50.72228268	51.0030556	1	0	0	0	0
2024-10-10 22:50:20	50.13375039	50.74869983	51.0030556	1	0	0	0	0
2024-10-10 22:50:30	50.06531991	50.7008948	51.0030556	1	0	0	0	0
2024-10-10 22:50:40	49.97578321	50.6113398	51.0030556	1	0	0	0	0
2024-10-10 22:50:50	50.02442162	50.68957779	51.0030556	1	0	0	0	0
2024-10-10 22:51:00	50.15078352	50.86219934	51.0030556	1	0	0	0	0
2024-10-10 22:51:10	50.12121658	50.82618147	51.0030556	1	0	0	0	0
2024-10-10 22:51:20	50.00393968	50.67280392	51.0030556	1	0	0	0	0
2024-10-10 22:51:30	49.9372944	50.58312634	51.0030556	1	0	0	0	0
2024-10-10 22:51:40	49.8991294	50.52927999	51.0030556	1	0	0	0	0
2024-10-10 22:51:50	49.8819773	50.52385284	51.0030556	1	0	0	0	0
2024-10-10 22:52:00	49.87664495	50.54566149	51.0030556	1	0	0	0	0
2024-10-10 22:52:10	49.90419064	50.61050233	51.0030556	1	0	0	0	0
2024-10-10 22:52:20	49.95023024	50.69954878	51.0030556	1	0	0	0	0
2024-10-10 22:52:30	50.11452668	50.81776054	51.0030556	1	0	0	0	0
2024-10-10 22:52:40	50.34534258	50.95237779	51.0030556	1	0	0	0	0
2024-10-10 22:52:50	50.41928712	51.0262512	51.0030556	1	0	0	0	0
2024-10-10 22:53:00	50.40499152	51.0659562	51.0030556	1	0	0	0	0
2024-10-10 22:53:10	50.43699112	51.0648708	51.0030556	1	0	0	0	0
2024-10-10 22:53:20	50.49503177	51.0408408	51.0030556	1	0	0	0	0
2024-10-10 22:53:30	50.61144029	51.0427148	51.0030556	1	0	0	0	0
2024-10-10 22:53:40	50.76068074	51.0591598	51.0030556	1	0	0	0	0
2024-10-10 22:53:50	50.75148861	51.03687648	51.0030556	1	0	0	0	0
2024-10-10 22:54:00	50.65317816	50.99280848	51.0030556	1	0	0	0	0
2024-10-10 22:54:10	50.71087968	51.06521549	51.0030556	1	0	0	0	0
2024-10-10 22:54:20	50.85633793	51.20313969	51.0030556	1	0	0	0	0
2024-10-10 22:54:30	50.91728437	51.21559022	51.0030556	1	0	0	0	0
2024-10-10 22:54:40	50.93069292	51.15746182	51.0030556	1	0	0	0	0
2024-10-10 22:54:50	50.7528256	51.11671384	51.0030556	1	0	0	0	0
2024-10-10 22:55:00	50.4673656	51.08574234	51.0030556	1	0	0	0	0
2024-10-10 22:55:10	50.4080208	51.04181551	51.0030556	1	0	0	0	0
2024-10-10 22:55:20	50.4758658	50.99060131	51.0030556	1	0	0	0	0
2024-10-10 22:55:30	50.530622	51.00803943	51.0030556	1	0	0	0	0
2024-10-10 22:55:40	50.57801575	51.06409448	51.0030556	1	0	0	0	0
2024-10-10 22:55:50	50.6303295	51.07489372	51.0030556	1	0	0	0	0
2024-10-10 22:56:00	50.68541075	51.06023657	51.0030556	1	0	0	0	0
2024-10-10 22:56:10	50.72338157	51.05544	51.0030556	1	0	0	0	0
2024-10-10 22:56:20	50.75172777	51.05619	51.0030556	1	0	0	0	0
2024-10-10 22:56:30	50.82983243	51.09978563	51.0030556	1	0	0	0	0
2024-10-10 22:56:40	50.93592623	51.16748193	51.0030556	1	0	0	0	0
2024-10-10 22:56:50	50.93008227	51.2184871	51.0030556	1	0	0	0	0
2024-10-10 22:57:00	50.86127332	51.2601035	51.0030556	1	0	0	0	0
2024-10-10 22:57:10	50.86127332	51.2601035	51.0030556	1	0	0	0	0
2024-10-10 22:57:20	50.89628383	51.29358396	51.0030556	1	0	0	0	0
2024-10-10 22:57:30	50.98969278	51.32248796	51.0030556	1	0	0	0	0
2024-10-10 22:57:40	51.00873846	51.33941391	51.0030556	1	0	0	0	0
2024-10-10 22:57:50	50.98595481	51.34960221	51.0030556	1	0	0	0	0
2024-10-10 22:58:00	50.92467529	51.2811324	51.0030556	1	0	0	0	0
2024-10-10 22:58:10	50.84174184	51.1684174	51.0030556	1	0	0	0	0
2024-10-10 22:58:20	50.83626474	51.10241094	51.0030556	1	0	0	0	0
2024-10-10 22:58:30	50.87435684	51.06267804	51.0030556	1	0	0	0	0
2024-10-10 22:58:40	50.8205436	51.04538086	51.0030556	1	0	0	0	0
2024-10-10 22:58:50	50.7150336	51.04070376	51.0030556	1	0	0	0	0
2024-10-10 22:59:00	50.69424286	51.08105754	51.0030556	1	0	0	0	0
2024-10-10 22:59:10	50.72110671	51.14674119	51.0030556	1	0	0	0	0
2024-10-10 22:59:20	50.76880016	51.17556576	51.0030556	1	0	0	0	0
2024-10-10 22:59:30	50.82821026	51.18365711	51.0030556	1	0	0	0	0
2024-10-10 22:59:40	50.69172436	51.08903557	51.0030556	1	0	0	0	0
2024-10-10 22:59:50	50.44504696	50.93663802	51.0030556	1	0	0	0	0
2024-10-10 23:00:00	50.36872601	50.88013304	51.0030556	1	0	0	0	0
2024-10-10 23:00:10	50.38823056	50.87756764	51.0030556	1	0	0	0	0
2024-10-10 23:00:20	50.57327588	50.93149719	51.0030556	1	0	0	0	0
2024-10-10 23:00:30	50.85143788	51.01720514	51.0030556	1	0	0	0	0
2024-10-10 23:00:40	50.88108782	51.04313002	51.0030556	1	0	0	0	0
2024-10-10 23:00:50	50.77094972	51.03542692	51.0030556	1	0	0	0	0
2024-10-10 23:01:00	50.7726551	51.03256618	51.0030556	1	0	0	0	0
2024-10-10 23:01:10	50.83727245	51.03242928	51.0030556	1	0	0	0	0
2024-10-10 23:01:20	50.9234196	51.07158384	51.0030556	1	0	0	0	0
2024-10-10 23:01:30	51.02167725	51.13283984	51.0030556	1	0	0	0	0
2024-10-10 23:01:40	51.05503301	51.23306736	51.0030556	1	0	0	0	0
2024-10-10 23:01:50	51.05188146	51.35521636	51.0030556	1	0	0	0	0
2024-10-10 23:02:00	50.96333029	51.29950584	51.0030556	1	0	0	0	0
2024-10-10 23:02:10	50.82674184	51.14374934	51.0030556	1	0	0	0	0
2024-10-10 23:02:20	50.74045538	51.12353716	51.0030556	1	0	0	0	0
2024-10-10 23:02:30	50.68246378	51.17956866	51.0030556	1	0	0	0	0
2024-10-10 23:02:40	50.70808062	51.19314621	51.0030556	1	0	0	0	0
2024-10-10 23:02:50	50.78072722	51.18284341	51.0030556	1	0	0	0	0
2024-10-10 23:03:00	50.84453654	51.14472765	51.0030556	1	0	0	0	0
2024-10-10 23:03:10	50.90337489	51.0909671	51.0030556	1	0	0	0	0
2024-10-10 23:03:20	50.81648544	51.03358344	51.0030556	1	0	0	0	0
2024-10-10 23:03:30	50.64762409	50.97416179	51.0030556	1	0	0	0	0
2024-10-10 23:03:40	50.67175342	50.99101	51.0030556	1	0	0	0	0
2024-10-10 23:03:50	50.80444002	51.05076	51.0030556	1	0	0	0	0
2024-10-10 23:04:00	50.72842669	51.0063189	51.0030556	1	0	0	0	0
2024-10-10 23:04:10	50.53501964	50.9032703	51.0030556	1	0	0	0	0
2024-10-10 23:04:20	50.34293214	50.78862154	51.0030556	1	0	0	0	0
2024-10-10 23:04:30	50.15158689	50.66744769	51.0030556	1	0	0	0	0
2024-10-10 23:04:40	50.09157857	50.62963076	51.0030556	1	0	0	0	0
2024-10-10 23:04:50	50.10544727	50.63870211	51.0030556	1	0	0	0	0
2024-10-10 23:05:00	50.128664	50.68679567	51.0030556	1	0	0	0	0
2024-10-10 23:05:10	50.157139	50.75683922	51.0030556	1	0	0	0	0
2024-10-10 23:05:20	50.2016972	50.81354133	51.0030556	1	0	0	0	0
2024-10-10 23:05:30	50.2553022	50.86273888	51.0030556	1	0	0	0	0
2024-10-10 23:05:40	50.42166819	50.89861445	51.0030556	1	0	0	0	0
2024-10-10 23:05:50	50.65146224	50.9269964	51.0030556	1	0	0	0	0
2024-10-10 23:06:00	50.58735031	50.92114865	51.0030556	1	0	0	0	0
2024-10-10 23:06:10	50.35791626	50.8960467	51.0030556	1	0	0	0	0
2024-10-10 23:06:20	50.32982724	50.90628174	51.0030556	1	0	0	0	0
2024-10-10 23:06:30	50.54785618	50.9833687	51.0030556	1	0	0	0	0
2024-10-10 23:06:40	50.59607438	50.97375789	51.0030556	1	0	0	0	0
2024-10-10 23:06:50	50.54877403	50.91537959	51.0030556	1	0	0	0	0
2024-10-10 23:07:00	50.46746977	50.91089671	51.0030556	1	0	0	0	0
2024-10-10 23:07:10	50.36703832	50.93673001	51.0030556	1	0	0	0	0
2024-10-10 23:07:20	50.44856524	51.00012779	51.0030556	1	0	0	0	0
2024-10-10 23:07:30	50.63244374	51.08465559	51.0030556	1	0	0	0	0
2024-10-10 23:07:40	50.65024122	51.06391984	51.0030556	1	0	0	0	0
2024-10-10 23:07:50	50.57461812	50.98397334	51.0030556	1	0	0	0	0
2024-10-10 23:08:00	50.55587258	50.98013257	51.0030556	1	0	0	0	0
2024-10-10 23:08:10	50.56912068	51.01910127	51.0030556	1	0	0	0	0
2024-10-10 23:08:20	50.56665634	51.00868318	51.0030556	1	0	0	0	0
2024-10-10 23:08:30	50.55535374	50.97048503	51.0030556	1	0	0	0	0
2024-10-10 23:08:40	50.54197126	50.98771271	51.0030556	1	0	0	0	0
2024-10-10 23:08:50	50.52741886	51.03611741	51.0030556	1	0	0	0	0
2024-10-10 23:09:00	50.5368296	51.06085267	51.0030556	1	0	0	0	0
2024-10-10 23:09:10	50.5597196	51.07227387	51.0030556	1	0	0	0	0
2024-10-10 23:09:20	50.4105488	50.97942054	51.0030556	1	0	0	0	0
2024-10-10 23:09:30	50.1645938	50.82791279	51.0030556	1	0	0	0	0
2024-10-10 23:09:40	50.12391736	50.7332683	51.0030556	1	0	0	0	0
2024-10-10 23:09:50	50.19871011	50.6706094	51.0030556	1	0	0	0	0
2024-10-10 23:10:00	50.16638504	50.6406627	51.0030556	1	0	0	0	0
2024-10-10 23:10:10	50.07380619	50.6291166	51.0030556	1	0	0	0	0
2024-10-10 23:10:20	50.03713063	50.6739616	51.0030556	1	0	0	0	0
2024-10-10 23:10:30	50.03190068	50.7505266	51.0030556	1	0	0	0	0
2024-10-10 23:10:40	50.14543169	50.8202852	51.0030556	1	0	0	0	0
2024-10-10 23:10:50	50.32576574	50.8862152	51.0030556	1	0	0	0	0
2024-10-10 23:11:00	50.30173048	50.9040364	51.0030556	1	0	0	0	0
2024-10-10 23:11:10	50.16273748	50.8947964	51.0030556	1	0	0	0	0
2024-10-10 23:11:20	50.29577418	50.96795	51.0030556	1	0	0	0	0
2024-10-10 23:11:30	50.58182758	51.08745	51.0030556	1	0	0	0	0
2024-10-10 23:11:40	50.62781461	51.0893724	51.0030556	1	0	0	0	0
2024-10-10 23:11:50	50.53876431	51.0251574	51.0030556	1	0	0	0	0
2024-10-10 23:12:00	50.49222742	50.9971184	51.0030556	1	0	0	0	0
2024-10-10 23:12:10	50.46960432	50.9894284	51.0030556	1	0	0	0	0
2024-10-10 23:12:20	50.6402824	51.039236	51.0030556	1	0	0	0	0
2024-10-10 23:12:30	50.9196924	51.121386	51.0030556	1	0	0	0	0
2024-10-10 23:12:40	51.0348464	51.2129024	51.0030556	1	0	0	0	0
2024-10-10 23:12:50	51.0576064	51.3096874	51.0030556	1	0	0	0	0
2024-10-10 23:13:00	50.9487536	51.30737976	51.0030556	1	0	0	0	0
2024-10-10 23:13:10	50.7658686	51.24933251	51.0030556	1	0	0	0	0
2024-10-10 23:13:20	50.75872914	51.27403243	51.0030556	1	0	0	0	0
2024-10-10 23:13:30	50.85044654	51.34527763	51.0030556	1	0	0	0	0
2024-10-10 23:13:40	50.8703105	51.3504242	51.0030556	1	0	0	0	0
2024-10-10 23:13:50	50.8497569	51.3183903	51.0030556	1	0	0	0	0
2024-10-10 23:14:00	50.90086397	51.29982511	51.0030556	1	0	0	0	0
2024-10-10 23:14:10	50.99228017	51.28883606	51.0030556	1	0	0	0	0
2024-10-10 23:14:20	51.0716812	51.24378432	51.0030556	1	0	0	0	0
2024-10-10 23:14:30	51.1443237	51.17957232	51.0030556	1	0	0	0	0
2024-10-10 23:14:40	51.16810927	51.15892768	51.0030556	1	0	0	0	0
2024-10-10 23:14:50	51.16441282	51.16278968	51.0030556	1	0	0	0	0
2024-10-10 23:15:00	51.11342268	51.21516778	51.0030556	1	0	0	0	0
2024-10-10 23:15:10	51.03582983	51.29483618	51.0030556	1	0	0	0	0
2024-10-10 23:15:20	50.99035195	51.27832883	51.0030556	1	0	0	0	0
2024-10-10 23:15:30	50.96293875	51.20772263	51.0030556	1	0	0	0	0
2024-10-10 23:15:40	50.89756392	51.21285493	51.0030556	1	0	0	0	0
2024-10-10 23:15:50	50.81083567	51.26059013	51.0030556	1	0	0	0	0
2024-10-10 23:16:00	50.79196336	51.25942766	51.0030556	1	0	0	0	0
2024-10-10 23:16:10	50.81126001	51.23076026	51.0030556	1	0	0	0	0
2024-10-10 23:16:20	50.75781982	51.1498768	51.0030556	1	0	0	0	0
2024-10-10 23:16:30	50.66346517	51.0396218	51.0030556	1	0	0	0	0
2024-10-10 23:16:40	50.55355513	50.95851074	51.0030556	1	0	0	0	0
2024-10-10 23:16:50	50.43489518	50.89379314	51.0030556	1	0	0	0	0
2024-10-10 23:17:00	50.54480557	50.87965618	51.0030556	1	0	0	0	0
2024-10-10 23:17:10	50.78328677	50.89397083	51.0030556	1	0	0	0	0
2024-10-10 23:17:20	50.90051837	50.93856919	51.0030556	1	0	0	0	0
2024-10-10 23:17:30	50.94954707	51.00020214	51.0030556	1	0	0	0	0
2024-10-10 23:17:40	50.92708876	51.025686	51.0030556	1	0	0	0	0
2024-10-10 23:17:50	50.86441901	51.030836	51.0030556	1	0	0	0	0
2024-10-10 23:18:00	50.86744993	51.07538594	51.0030556	1	0	0	0	0
2024-10-10 23:18:10	50.90743748	51.14209834	51.0030556	1	0	0	0	0
2024-10-10 23:18:20	50.9144795	51.23647806	51.0030556	1	0	0	0	0
2024-10-10 23:18:30	50.90298965	51.34642066	51.0030556	1	0	0	0	0
2024-10-10 23:18:40	50.78380904	51.2668135	51.0030556	1	0	0	0	0
2024-10-10 23:18:50	50.60405239	51.0805846	51.0030556	1	0	0	0	0
2024-10-10 23:19:00	50.65877146	51.02815158	51.0030556	1	0	0	0	0
2024-10-10 23:19:10	50.84538311	51.05097873	51.0030556	1	0	0	0	0
2024-10-10 23:19:20	50.91868269	51.0637204	51.0030556	1	0	0	0	0
2024-10-10 23:19:30	50.92824424	51.070789	51.0030556	1	0	0	0	0
2024-10-10 23:19:40	50.97026355	51.09420932	51.0030556	1	0	0	0	0
2024-10-10 23:19:50	51.03054035	51.12682747	51.0030556	1	0	0	0	0
2024-10-10 23:20:00	50.9837728	51.11609528	51.0030556	1	0	0	0	0
2024-10-10 23:20:10	50.8767928	51.08097853	51.0030556	1	0	0	0	0
2024-10-10 23:20:20	50.84133533	51.07900642	51.0030556	1	0	0	0	0
2024-10-10 23:20:30	50.84610928	51.09567817	51.0030556	1	0	0	0	0
2024-10-10 23:20:40	50.77790115	51.03976	51.0030556	1	0	0	0	0
2024-10-10 23:20:50	50.6686406	50.94301	51.0030556	1	0	0	0	0
2024-10-10 23:21:00	50.54006728	50.93563123	51.0030556	1	0	0	0	0
2024-10-10 23:21:10	50.40063053	50.97852378	51.0030556	1	0	0	0	0
2024-10-10 23:21:20	50.40943234	50.97857787	51.0030556	1	0	0	0	0
2024-10-10 23:21:30	50.50161834	50.95453532	51.0030556	1	0	0	0	0
2024-10-10 23:21:40	50.61242127	50.93129898	51.0030556	1	0	0	0	0
2024-10-10 23:21:50	50.73369622	50.90851613	51.0030556	1	0	0	0	0
2024-10-10 23:22:00	50.67142394	50.85747452	51.0030556	1	0	0	0	0
2024-10-10 23:22:10	50.50590634	50.79053737	51.0030556	1	0	0	0	0
2024-10-10 23:22:20	50.57136381	50.8185968	51.0030556	1	0	0	0	0
2024-10-10 23:22:30	50.76674476	50.9000918	51.0030556	1	0	0	0	0
2024-10-10 23:22:40	50.75772449	50.91868597	51.0030556	1	0	0	0	0
2024-10-10 23:22:50	50.63372854	50.90189842	51.0030556	1	0	0	0	0
2024-10-10 23:23:00	50.5737172	50.95131144	51.0030556	1	0	0	0	0
2024-10-10 23:23:10	50.5496972	51.03796229	51.0030556	1	0	0	0	0
2024-10-10 23:23:20	50.62373064	51.08854009	51.0030556	1	0	0	0	0
2024-10-10 23:23:30	50.75291914	51.11882679	51.0030556	1	0	0	0	0
2024-10-10 23:23:40	50.72702156	51.0592308	51.0030556	1	0	0	0	0
2024-10-10 23:23:50	50.61388806	50.9490758	51.0030556	1	0	0	0	0
2024-10-10 23:24:00	50.6000656	50.9311512	51.0030556	1	0	0	0	0
2024-10-10 23:24:10	50.6421056	50.9651062	51.0030556	1	0	0	0	0
2024-10-10 23:24:20	50.66663632	50.9635988	51.0030556	1	0	0	0	0
2024-10-10 23:24:30	50.68131807	50.9421438	51.0030556	1	0	0	0	0
2024-10-10 23:24:40	50.70138958	50.9452616	51.0030556	1	0	0	0	0
2024-10-10 23:24:50	50.72449283	50.9622016	51.0030556	1	0	0	0	0
2024-10-10 23:25:00	50.68602808	50.92459635	51.0030556	1	0	0	0	0
2024-10-10 23:25:10	50.61293133	50.8563094	51.0030556	1	0	0	0	0
2024-10-10 23:25:20	50.54891996	50.85161855	51.0030556	1	0	0	0	0
2024-10-10 23:25:30	50.49001911	50.8827005	51.0030556	1	0	0	0	0
2024-10-10 23:25:40	50.46628526	50.89811864	51.0030556	1	0	0	0	0
2024-10-10 23:25:50	50.46233286	50.90472589	51.0030556	1	0	0	0	0
2024-10-10 23:26:00	50.59983237	50.98128418	51.0030556	1	0	0	0	0
2024-10-10 23:26:10	50.81689857	51.09718993	51.0030556	1	0	0	0	0
2024-10-10 23:26:20	50.75564787	51.13083728	51.0030556	1	0	0	0	0
2024-10-10 23:26:30	50.53784392	51.11821428	51.0030556	1	0	0	0	0
2024-10-10 23:26:40	50.58002288	51.13224677	51.0030556	1	0	0	0	0
2024-10-10 23:26:50	50.76844223	51.16127297	51.0030556	1	0	0	0	0
2024-10-10 23:27:00	50.83526098	51.12360963	51.0030556	1	0	0	0	0
2024-10-10 23:27:10	50.83367938	51.04843343	51.0030556	1	0	0	0	0
2024-10-10 23:27:20	50.74845816	50.99923374	51.0030556	1	0	0	0	0
2024-10-10 23:27:30	50.61618966	50.96464584	51.0030556	1	0	0	0	0
2024-10-10 23:27:40	50.52737671	50.89562326	51.0030556	1	0	0	0	0
2024-10-10 23:27:50	50.46300751	50.80723116	51.0030556	1	0	0	0	0
2024-10-10 23:28:00	50.51413393	50.83974462	51.0030556	1	0	0	0	0
2024-10-10 23:28:10	50.63022663	50.94026747	51.0030556	1	0	0	0	0
2024-10-10 23:28:20	50.729124	51.02745666	51.0030556	1	0	0	0	0
2024-10-10 23:28:30	50.818349	51.10714566	51.0030556	1	0	0	0	0
2024-10-10 23:28:40	50.86175099	51.14885495	51.0030556	1	0	0	0	0
2024-10-10 23:28:50	50.87937754	51.16920065	51.0030556	1	0	0	0	0
2024-10-10 23:29:00	50.90701705	51.1469316	51.0030556	1	0	0	0	0
2024-10-10 23:29:10	50.94028885	51.10069175	51.0030556	1	0	0	0	0
2024-10-10 23:29:20	50.78908187	51.02052047	51.0030556	1	0	0	0	0
2024-10-10 23:29:30	50.53410557	50.92126277	51.0030556	1	0	0	0	0
2024-10-10 23:29:40	50.48936124	50.92976539	51.0030556	1	0	0	0	0
2024-10-10 23:29:50	50.56287239	50.99888319	51.0030556	1	0	0	0	0
2024-10-10 23:30:00	50.66843918	51.01877821	51.0030556	1	0	0	0	0
2024-10-10 23:30:10	50.79203728	51.01098541	51.0030556	1	0	0	0	0
2024-10-10 23:30:20	50.7606781	50.94366054	51.0030556	1	0	0	0	0
2024-10-10 23:30:30	50.64215545	50.84284889	51.0030556	1	0	0	0	0
2024-10-10 23:30:40	50.61163536	50.85700105	51.0030556	1	0	0	0	0
2024-10-10 23:30:50	50.63061671	50.93582035	51.0030556	1	0	0	0	0
2024-10-10 23:31:00	50.70866987	50.98113863	51.0030556	1	0	0	0	0
2024-10-10 23:31:10	50.81995092	51.00761258	51.0030556	1	0	0	0	0
2024-10-10 23:31:20	50.75575543	50.99304298	51.0030556	1	0	0	0	0
2024-10-10 23:31:30	50.59285438	50.95538638	51.0030556	1	0	0	0	0
2024-10-10 23:31:40	50.497634	50.92271736	51.0030556	1	0	0	0	0
2024-10-10 23:31:50	50.440484	50.89285386	51.0030556	1	0	0	0	0
2024-10-10 23:32:00	50.34295458	50.84591526	51.0030556	1	0	0	0	0
2024-10-10 23:32:10	50.22271173	50.78937191	51.0030556	1	0	0	0	0
2024-10-10 23:32:20	50.32023892	50.83556657	51.0030556	1	0	0	0	0
2024-10-10 23:32:30	50.54026177	50.93955137	51.0030556	1	0	0	0	0
2024-10-10 23:32:40	50.6782988	50.986118	51.0030556	1	0	0	0	0
2024-10-10 23:32:50	50.7702188	51.0003869	51.0030556	1	0	0	0	0
2024-10-10 23:33:00	50.85447589	51.03315308	51.0030556	1	0	0	0	0
2024-10-10 23:33:10	50.93442259	51.07632398	51.0030556	1	0	0	0	0
2024-10-10 23:33:20	50.88678951	51.05865264	51.0030556	1	0	0	0	0
2024-10-10 23:33:30	50.76739281	51.00675754	51.0030556	1	0	0	0	0
2024-10-10 23:33:40	50.6656324	50.984112	51.0030556	1	0	0	0	0
2024-10-10 23:33:50	50.5737924	50.97791935	51.0030556	1	0	0	0	0
2024-10-10 23:34:00	50.42504869	50.9099716	51.0030556	1	0	0	0	0
2024-10-10 23:34:10	50.24429664	50.8072866	51.0030556	1	0	0	0	0
2024-10-10 23:34:20	50.18264388	50.795328	51.0030556	1	0	0	0	0
2024-10-10 23:34:30	50.18798448	50.834403	51.0030556	1	0	0	0	0
2024-10-10 23:34:40	50.23185779	50.87452552	51.0030556	1	0	0	0	0
2024-10-10 23:34:50	50.29740574	50.91523727	51.0030556	1	0	0	0	0
2024-10-10 23:35:00	50.62337238	51.02372598	51.0030556	1	0	0	0	0
2024-10-10 23:35:10	51.09582453	51.17033923	51.0030556	1	0	0	0	0
2024-10-10 23:35:20	51.25438384	51.22974285	51.0030556	1	0	0	0	0
2024-10-10 23:35:30	51.23637844	51.24009105	51.0030556	1	0	0	0	0
2024-10-10 23:35:40	51.0618484	51.17676562	51.0030556	1	0	0	0	0
2024-10-10 23:35:50	50.79927325	51.07199877	51.0030556	1	0	0	0	0
2024-10-10 23:36:00	50.71574354	51.04507006	51.0030556	1	0	0	0	0
2024-10-10 23:36:10	50.73292689	51.06192531	51.0030556	1	0	0	0	0
2024-10-10 23:36:20	50.73790903	51.08402025	51.0030556	1	0	0	0	0
2024-10-10 23:36:30	50.73309357	51.14812845	51.0030556	1	0	0	0	0
2024-10-10 23:36:40	50.74461363	51.15799086	51.0030556	1	0	0	0	0
2024-10-10 23:36:50	50.76532243	51.13734001	51.0030556	1	0	0	0	0
2024-10-10 23:37:00	50.78694262	51.14686004	51.0030556	1	0	0	0	0
2024-10-10 23:37:10	50.80907547	51.17335119	51.0030556	1	0	0	0	0
2024-10-10 23:37:20	50.74826144	51.0957408	51.0030556	1	0	0	0	0
2024-10-10 23:37:30	50.64078979	50.9595733	51.0030556	1	0	0	0	0
2024-10-10 23:37:40	50.51147146	50.87892964	51.0030556	1	0	0	0	0
2024-10-10 23:37:50	50.36986436	50.82951814	51.0030556	1	0	0	0	0
2024-10-10 23:38:00	50.39596234	50.842914	51.0030556	1	0	0	0	0
2024-10-10 23:38:10	50.51639444	50.891639	51.0030556	1	0	0	0	0
2024-10-10 23:38:20	50.5486588	50.93763206	51.0030556	1	0	0	0	0
2024-10-10 23:38:30	50.5313288	50.98208841	51.0030556	1	0	0	0	0
2024-10-10 23:38:40	50.50061224	50.97736224	51.0030556	1	0	0	0	0
2024-10-10 23:38:50	50.46236574	50.94497089	51.0030556	1	0	0	0	0
2024-10-10 23:39:00	50.55386919	50.9749804	51.0030556	1	0	0	0	0
2024-10-10 23:39:10	50.71835699	51.0400904	51.0030556	1	0	0	0	0
2024-10-10 23:39:20	50.79167295	51.0923268	51.0030556	1	0	0	0	0
2024-10-10 23:39:30	50.81370475	51.1373218	51.0030556	1	0	0	0	0
2024-10-10 23:39:40	50.75029463	51.09308378	51.0030556	1	0	0	0	0
2024-10-10 23:39:50	50.63882343	50.99865218	51.0030556	1	0	0	0	0
2024-10-10 23:40:00	50.70063594	51.00212506	51.0030556	1	0	0	0	0
2024-10-10 23:40:10	50.85992054	51.06066921	51.0030556	1	0	0	0	0
2024-10-10 23:40:20	50.88758204	51.08120907	51.0030556	1	0	0	0	0
2024-10-10 23:40:30	50.84120554	51.08037152	51.0030556	1	0	0	0	0
2024-10-10 23:40:40	50.7932108	51.02136411	51.0030556	1	0	0	0	0
2024-10-10 23:40:50	50.7443058	50.92963616	51.0030556	1	0	0	0	0
2024-10-10 23:41:00	50.66530346	50.91231112	51.0030556	1	0	0	0	0
2024-10-10 23:41:10	50.56937136	50.93683772	51.0030556	1	0	0	0	0
2024-10-10 23:41:20	50.4932269	50.9410689	51.0030556	1	0	0	0	0
2024-10-10 23:41:30	50.428213	50.9338839	51.0030556	1	0	0	0	0
2024-10-10 23:41:40	50.48075424	50.95707	51.0030556	1	0	0	0	0
2024-10-10 23:41:50	50.59942024	50.99733985	51.0030556	1	0	0	0	0
2024-10-10 23:42:00	50.57180534	51.00388167	51.0030556	1	0	0	0	0
2024-10-10 23:42:10	50.46190744	50.99145147	51.0030556	1	0	0	0	0
2024-10-10 23:42:20	50.42952439	50.97495756	51.0030556	1	0	0	0	0
2024-10-10 23:42:30	50.44074344	50.95617781	51.0030556	1	0	0	0	0
2024-10-10 23:42:40	50.5234688	50.96653483	51.0030556	1	0	0	0	0
2024-10-10 23:42:50	50.64641645	50.99328128	51.0030556	1	0	0	0	0
2024-10-10 23:43:00	50.62656141	50.95256962	51.0030556	1	0	0	0	0
2024-10-10 23:43:10	50.52637986	50.87391277	51.0030556	1	0	0	0	0
2024-10-10 23:43:20	50.49905351	50.82832708	51.0030556	1	0	0	0	0
2024-10-10 23:43:30	50.51270821	50.80134393	51.0030556	1	0	0	0	0
2024-10-10 23:43:40	50.41310364	50.78090606	51.0030556	1	0	0	0	0
2024-10-10 23:43:50	50.24979074	50.76414991	51.0030556	1	0	0	0	0
2024-10-10 23:44:00	50.25720536	50.78894084	51.0030556	1	0	0	0	0
2024-10-10 23:44:10	50.36065421	50.83710199	51.0030556	1	0	0	0	0
2024-10-10 23:44:20	50.34489554	50.83561635	51.0030556	1	0	0	0	0
2024-10-10 23:44:30	50.26208264	50.8062044	51.0030556	1	0	0	0	0
2024-10-10 23:44:40	50.24885058	50.83814855	51.0030556	1	0	0	0	0
2024-10-10 23:44:50	50.27475773	50.9046055	51.0030556	1	0	0	0	0
2024-10-10 23:45:00	50.27282699	50.9286324	51.0030556	1	0	0	0	0
2024-10-10 23:45:10	50.25523744	50.9287924	51.0030556	1	0	0	0	0
2024-10-10 23:45:20	50.28128754	50.91478206	51.0030556	1	0	0	0	0
2024-10-10 23:45:30	50.33188494	50.89280091	51.0030556	1	0	0	0	0
2024-10-10 23:45:40	50.42619667	50.90003541	51.0030556	1	0	0	0	0
2024-10-10 23:45:50	50.54509772	50.92370371	51.0030556	1	0	0	0	0
2024-10-10 23:46:00	50.6333037	50.95992852	51.0030556	1	0	0	0	0
2024-10-10 23:46:10	50.7042437	51.00321637	51.0030556	1	0	0	0	0
2024-10-10 23:46:20	50.68345032	51.0053304	51.0030556	1	0	0	0	0
2024-10-10 23:46:30	50.61105692	50.98428415	51.0030556	1	0	0	0	0
2024-10-10 23:46:40	50.62950701	50.98214692	51.0030556	1	0	0	0	0
2024-10-10 23:46:50	50.69905656	50.99064602	51.0030556	1	0	0	0	0
2024-10-10 23:47:00	50.6704335	51.01766324	51.0030556	1	0	0	0	0
2024-10-10 23:47:10	50.58658835	51.05509689	51.0030556	1	0	0	0	0
2024-10-10 23:47:20	50.55974359	51.04341684	51.0030556	1	0	0	0	0
2024-10-10 23:47:30	50.56496154	51.00411034	51.0030556	1	0	0	0	0
2024-10-10 23:47:40	50.60344314	50.971576	51.0030556	1	0	0	0	0
2024-10-10 23:47:50	50.66063554	50.942851	51.0030556	1	0	0	0	0
2024-10-10 23:48:00	50.66367843	50.9662572	51.0030556	1	0	0	0	0
2024-10-10 23:48:10	50.63626223	51.0189872	51.0030556	1	0	0	0	0
2024-10-10 23:48:20	50.62559483	51.09344654	51.0030556	1	0	0	0	0
2024-10-10 23:48:30	50.62434863	51.18012864	51.0030556	1	0	0	0	0
2024-10-10 23:48:40	50.5954552	51.15507446	51.0030556	1	0	0	0	0
2024-10-10 23:48:50	50.5510102	51.06716861	51.0030556	1	0	0	0	0
2024-10-10 23:49:00	50.4926036	50.9915633	51.0030556	1	0	0	0	0
2024-10-10 23:49:10	50.4263436	50.92287705	51.0030556	1	0	0	0	0
2024-10-10 23:49:20	50.4233252	50.91666974	51.0030556	1	0	0	0	0
2024-10-10 23:49:30	50.4558802	50.94560684	51.0030556	1	0	0	0	0
2024-10-10 23:49:40	50.52887741	50.96354862	51.0030556	1	0	0	0	0
2024-10-10 23:49:50	50.62462336	50.97530552	51.0030556	1	0	0	0	0
2024-10-10 23:50:00	50.62370889	50.96171464	51.0030556	1	0	0	0	0
2024-10-10 23:50:10	50.56842294	50.93386564	51.0030556	1	0	0	0	0
2024-10-10 23:50:20	50.4988592	50.92568189	51.0030556	1	0	0	0	0
2024-10-10 23:50:30	50.4212642	50.92855984	51.0030556	1	0	0	0	0
2024-10-10 23:50:40	50.29796123	50.87151081	51.0030556	1	0	0	0	0
2024-10-10 23:50:50	50.14894753	50.78075286	51.0030556	1	0	0	0	0
2024-10-10 23:51:00	50.10351428	50.7499936	51.0030556	1	0	0	0	0
2024-10-10 23:51:10	50.11634503	50.7529836	51.0030556	1	0	0	0	0
2024-10-10 23:51:20	50.12393559	50.74734576	51.0030556	1	0	0	0	0
2024-10-10 23:51:30	50.12857854	50.73685476	51.0030556	1	0	0	0	0
2024-10-10 23:51:40	50.16085272	50.81561624	51.0030556	1	0	0	0	0
2024-10-10 23:51:50	50.20866947	50.94458224	51.0030556	1	0	0	0	0
2024-10-10 23:52:00	50.2945395	50.99665048	51.0030556	1	0	0	0	0
2024-10-10 23:52:10	50.4018145	51.00546373	51.0030556	1	0	0	0	0
2024-10-10 23:52:20	50.43976211	51.00984402	51.0030556	1	0	0	0	0
2024-10-10 23:52:30	50.43871306	51.01173077	51.0030556	1	0	0	0	0
2024-10-10 23:52:40	50.46469038	51.00419806	51.0030556	1	0	0	0	0
2024-10-10 23:52:50	50.50587003	50.99136691	51.0030556	1	0	0	0	0
2024-10-10 23:53:00	50.6645364	51.02615202	51.0030556	1	0	0	0	0
2024-10-10 23:53:10	50.88928905	51.08772127	51.0030556	1	0	0	0	0
2024-10-10 23:53:20	50.96476	51.14208582	51.0030556	1	0	0	0	0
2024-10-10 23:53:30	50.95626	51.19239772	51.0030556	1	0	0	0	0
2024-10-10 23:53:40	50.9934336	51.2866796	51.0030556	1	0	0	0	0
2024-10-10 23:53:50	51.0562986	51.4056946	51.0030556	1	0	0	0	0
2024-10-10 23:54:00	51.07900808	51.40619005	51.0030556	1	0	0	0	0
2024-10-10 23:54:10	51.07913008	51.34001825	51.0030556	1	0	0	0	0
2024-10-10 23:54:20	50.98255832	51.3119789	51.0030556	1	0	0	0	0
2024-10-10 23:54:30	50.83159632	51.30538905	51.0030556	1	0	0	0	0
2024-10-10 23:54:40	50.762258	51.25634678	51.0030556	1	0	0	0	0
2024-10-10 23:54:50	50.738833	51.18342503	51.0030556	1	0	0	0	0
2024-10-10 23:55:00	50.8325408	51.12323298	51.0030556	1	0	0	0	0
2024-10-10 23:55:10	50.9921358	51.07020138	51.0030556	1	0	0	0	0
2024-10-10 23:55:20	51.042294	51.1413637	51.0030556	1	0	0	0	0
2024-10-10 23:55:30	51.030894	51.2823851	51.0030556	1	0	0	0	0
2024-10-10 23:55:40	51.03824773	51.2619687	51.0030556	1	0	0	0	0
2024-10-10 23:55:50	51.05615043	51.15074355	51.0030556	1	0	0	0	0
2024-10-10 23:56:00	50.96759294	51.0955785	51.0030556	1	0	0	0	0
2024-10-10 23:56:10	50.81915159	51.07194725	51.0030556	1	0	0	0	0
2024-10-10 23:56:20	50.6017784	51.01650957	51.0030556	1	0	0	0	0
2024-10-10 23:56:30	50.34563105	50.94318077	51.0030556	1	0	0	0	0
2024-10-10 23:56:40	50.2389795	50.87983536	51.0030556	1	0	0	0	0
2024-10-10 23:56:50	50.21641935	50.82210561	51.0030556	1	0	0	0	0
2024-10-10 23:57:00	50.28303764	50.81322476	51.0030556	1	0	0	0	0
2024-10-10 23:57:10	50.39981879	50.83182141	51.0030556	1	0	0	0	0
2024-10-10 23:57:20	50.441044	50.81787534	51.0030556	1	0	0	0	0
2024-10-10 23:57:30	50.439769	50.78562399	51.0030556	1	0	0	0	0
2024-10-10 23:57:40	50.4293292	50.80058518	51.0030556	1	0	0	0	0
2024-10-10 23:57:50	50.4137342	50.84210343	51.0030556	1	0	0	0	0
2024-10-10 23:58:00	50.438808	50.8840804	51.0030556	1	0	0	0	0
2024-10-10 23:58:10	50.486758	50.9263154	51.0030556	1	0	0	0	0
2024-10-10 23:58:20	50.51589402	50.9748896	51.0030556	1	0	0	0	0
2024-10-10 23:58:30	50.53444717	51.0270296	51.0030556	1	0	0	0	0
2024-10-10 23:58:40	50.54872272	51.03117085	51.0030556	1	0	0	0	0
2024-10-10 23:58:50	50.56059212	51.0083128	51.0030556	1	0	0	0	0
2024-10-10 23:59:00	50.55309387	51.01339145	51.0030556	1	0	0	0	0
2024-10-10 23:59:10	50.53470132	51.0341845	51.0030556	1	0	0	0	0
2024-10-10 23:59:20	50.5668832	51.03881166	51.0030556	1	0	0	0	0
2024-10-10 23:59:30	50.6275132	51.03434551	51.0030556	1	0	0	0	0
2024-10-10 23:59:40	50.6877784	51.02425626	51.0030556	1	0	0	0	0
2024-10-10 23:59:50	50.7478384	51.01100401	51.0030556	1	0	0	0	0
2024-10-11 00:00:00	50.77490762	51.01305458	51.0030556	1	0	0	0	0
