PROCESSDATA	2411LIC50102 Data	yyyy-MM-dd HH:mm:ss
8	10	2024-11-14 21:55:00	751
tagname	2411LIC50102.MV	2411LIC50102.PV	2411LIC50102.SV	2411LIC50102.MODE	bOpOFL	bPvOFL	bSpOFL	bAutOFL
desc	余热锅炉B501A汽包_OP	余热锅炉B501A汽包_PV	余热锅炉B501A汽包_SP	Aut	bOpOFL	bPvOFL	bSpOFL	bAutOFL
fsMax=4.9690246392500015	fsMin=0	fsGridNum=10	fdMax=4.9690246392500015tfdMin=0	fdGridNum=10	v0GridNum=10	L=24
2024-11-14 21:55:00	52.99164315	51.4109222385	50.59689	1	0	0	0	0
2024-11-14 21:55:10	52.01512815	52.0849203885	50.59689	1	0	0	0	0
2024-11-14 21:55:20	52.255992485	51.684324791	50.59689	1	0	0	0	0
2024-11-14 21:55:30	52.820463984999996	50.998077691	50.59689	1	0	0	0	0
2024-11-14 21:55:40	53.264203261	50.638625309	50.59689	1	0	0	0	0
2024-11-14 21:55:50	53.675849161	50.366042408999995	50.59689	1	0	0	0	0
2024-11-14 21:56:00	53.566622544	50.778206149999995	50.59689	1	0	0	0	0
2024-11-14 21:56:10	53.318936144	51.37239115	50.59689	1	0	0	0	0
2024-11-14 21:56:20	53.13436711	51.2438091	50.59689	1	0	0	0	0
2024-11-14 21:56:30	52.96657611	50.9230991	50.59689	1	0	0	0	0
2024-11-14 21:56:40	52.882624650000004	51.03415965	50.59689	1	0	0	0	0
2024-11-14 21:56:50	52.820959650000006	51.25999465	50.59689	1	0	0	0	0
2024-11-14 21:57:00	52.498743459405944	51.64143203910891	50.59689	1	0	0	0	0
2024-11-14 21:57:10	52.10726682574258	52.06423208861386	50.59689	1	0	0	0	0
2024-11-14 21:57:20	51.30347328888889	52.54035141111111	50.59689	1	0	0	0	0
2024-11-14 21:57:30	50.37652015757576	53.03239726969697	50.59689	1	0	0	0	0
2024-11-14 21:57:40	51.9553059175	51.464874174500004	50.59689	1	0	0	0	0
2024-11-14 21:57:50	54.2001741675	49.3498707245	50.59689	1	0	0	0	0
2024-11-14 21:58:00	54.199888053	49.918632167	50.59689	1	0	0	0	0
2024-11-14 21:58:10	53.602788753	51.200799466999996	50.59689	1	0	0	0	0
2024-11-14 21:58:20	52.741941237999995	51.676285048	50.59689	1	0	0	0	0
2024-11-14 21:58:30	51.810983437999994	51.937336248	50.59689	1	0	0	0	0
2024-11-14 21:58:40	52.10845883578431	51.432356610294114	50.59689	1	0	0	0	0
2024-11-14 21:58:50	52.73247976715687	50.72374852205882	50.59689	1	0	0	0	0
2024-11-14 21:59:00	52.80719399234694	50.84676620663265	50.59689	1	0	0	0	0
2024-11-14 21:59:10	52.69880598214286	51.24699248214286	50.59689	1	0	0	0	0
2024-11-14 21:59:20	52.6760445	51.33104	50.59689	1	0	0	0	0
2024-11-14 21:59:30	52.23112350377359	51.26417811320755	50.59689	1	0	0	0	0
2024-11-14 21:59:40	52.3486034305	51.0348690275	50.59689	1	0	0	0	0
2024-11-14 21:59:50	52.8669063805	50.800146277500005	50.59689	1	0	0	0	0
2024-11-14 22:00:00	53.048671819	50.874969622500004	50.59689	1	0	0	0	0
2024-11-14 22:00:10	53.140977919	51.0320773725	50.59689	1	0	0	0	0
2024-11-14 22:00:20	53.047932481	50.957763273	50.59689	1	0	0	0	0
2024-11-14 22:00:30	52.905616380999994	50.821931973	50.59689	1	0	0	0	0
2024-11-14 22:00:40	52.796132444	50.844173827	50.59689	1	0	0	0	0
2024-11-14 22:00:50	52.695376044	50.908435127000004	50.59689	1	0	0	0	0
2024-11-14 22:01:00	52.873839456	50.7454342435	50.59689	1	0	0	0	0
2024-11-14 22:01:10	53.126525856	50.5220218935	50.59689	1	0	0	0	0
2024-11-14 22:01:20	53.28527225	50.4003297065	50.59689	1	0	0	0	0
2024-11-14 22:01:30	53.41904725	50.3056770565	50.59689	1	0	0	0	0
2024-11-14 22:01:40	53.5861958	50.133518099	50.59689	1	0	0	0	0
2024-11-14 22:01:50	53.7622158	49.940756199	50.59689	1	0	0	0	0
2024-11-14 22:02:00	54.2015112	49.381454444	50.59689	1	0	0	0	0
2024-11-14 22:02:10	54.7107912	48.724718044	50.59689	1	0	0	0	0
2024-11-14 22:02:20	54.508227638	49.121392371	50.59689	1	0	0	0	0
2024-11-14 22:02:30	54.116439838000005	49.798087271	50.59689	1	0	0	0	0
2024-11-14 22:02:40	53.893542662	49.982603086	50.59689	1	0	0	0	0
2024-11-14 22:02:50	53.715540462	50.036286485999995	50.59689	1	0	0	0	0
2024-11-14 22:03:00	54.1830806	49.658673770499995	50.59689	1	0	0	0	0
2024-11-14 22:03:10	54.8222206	49.1664127205	50.59689	1	0	0	0	0
2024-11-14 22:03:20	54.749759015	49.336135804499996	50.59689	1	0	0	0	0
2024-11-14 22:03:30	54.488137515	49.681829354499996	50.59689	1	0	0	0	0
2024-11-14 22:03:40	54.468479585	49.597935875	50.59689	1	0	0	0	0
2024-11-14 22:03:50	54.513141085	49.399848375	50.59689	1	0	0	0	0
2024-11-14 22:04:00	54.9793059	48.8574269325	50.59689	1	0	0	0	0
2024-11-14 22:04:10	55.5575159	48.2234736825	50.59689	1	0	0	0	0
2024-11-14 22:04:20	54.961931101999994	49.008762503	50.59689	1	0	0	0	0
2024-11-14 22:04:30	54.054324902	50.171318203	50.59689	1	0	0	0	0
2024-11-14 22:04:40	53.081893197999996	51.3535572665	50.59689	1	0	0	0	0
2024-11-14 22:04:50	52.092229398	52.5410286165	50.59689	1	0	0	0	0
2024-11-14 22:05:00	52.3340576115	51.9438472275	50.59689	1	0	0	0	0
2024-11-14 22:05:10	52.9032444615	50.872264477499996	50.59689	1	0	0	0	0
2024-11-14 22:05:20	53.718862055	50.068231540999996	50.59689	1	0	0	0	0
2024-11-14 22:05:30	54.599986555	49.335319441	50.59689	1	0	0	0	0
2024-11-14 22:05:40	53.8158364405	50.2019860295	50.59689	1	0	0	0	0
2024-11-14 22:05:50	52.5890183905	51.493857079499996	50.59689	1	0	0	0	0
2024-11-14 22:06:00	52.140342243	51.8037521255	50.59689	1	0	0	0	0
2024-11-14 22:06:10	51.898513943	51.8526155755	50.59689	1	0	0	0	0
2024-11-14 22:06:20	51.637747131	52.2614977465	50.59689	1	0	0	0	0
2024-11-14 22:06:30	51.371946031	52.766081096499995	50.59689	1	0	0	0	0
2024-11-14 22:06:40	51.409467168999996	52.382924026999994	50.59689	1	0	0	0	0
2024-11-14 22:06:50	51.527618269	51.763785326999994	50.59689	1	0	0	0	0
2024-11-14 22:07:00	52.606894350000005	50.978881400999995	50.59689	1	0	0	0	0
2024-11-14 22:07:10	53.94165935	50.149913301	50.59689	1	0	0	0	0
2024-11-14 22:07:20	53.6562351935	50.913352309000004	50.59689	1	0	0	0	0
2024-11-14 22:07:30	52.9401278435	52.100089409	50.59689	1	0	0	0	0
2024-11-14 22:07:40	52.2078984105	52.3756190605	50.59689	1	0	0	0	0
2024-11-14 22:07:50	51.4713833605	52.408929010499996	50.59689	1	0	0	0	0
2024-11-14 22:08:00	51.299114237	52.3752584155	50.59689	1	0	0	0	0
2024-11-14 22:08:10	51.276834537	52.3237828655	50.59689	1	0	0	0	0
2024-11-14 22:08:20	51.45164232843137	52.21080125441176	50.59689	1	0	0	0	0
2024-11-14 22:08:30	51.67884046568627	52.081469930882356	50.59689	1	0	0	0	0
2024-11-14 22:08:40	51.29150989795918	52.265253005612244	50.59689	1	0	0	0	0
2024-11-14 22:08:50	50.69933642857143	52.55340754642857	50.59689	1	0	0	0	0
2024-11-14 22:09:00	50.4745947	52.8884788515	50.59689	1	0	0	0	0
2024-11-14 22:09:10	50.347524699999994	53.2360217015	50.59689	1	0	0	0	0
2024-11-14 22:09:20	50.327323371999995	52.8276868635	50.59689	1	0	0	0	0
2024-11-14 22:09:30	50.335530172	52.2184225135	50.59689	1	0	0	0	0
2024-11-14 22:09:40	51.088814727999996	51.745445685	50.59689	1	0	0	0	0
2024-11-14 22:09:50	52.040157928	51.308697185	50.59689	1	0	0	0	0
2024-11-14 22:10:00	51.77011515	51.6950381115	50.59689	1	0	0	0	0
2024-11-14 22:10:10	51.17540015	52.3001749615	50.59689	1	0	0	0	0
2024-11-14 22:10:20	51.4376838255	51.913228152500004	50.59689	1	0	0	0	0
2024-11-14 22:10:30	51.927777275500006	51.2625629025	50.59689	1	0	0	0	0
2024-11-14 22:10:40	51.962792687000004	51.39519233	50.59689	1	0	0	0	0
2024-11-14 22:10:50	51.876837987	51.736039330000004	50.59689	1	0	0	0	0
2024-11-14 22:11:00	51.590887637499996	51.886762165	50.59689	1	0	0	0	0
2024-11-14 22:11:10	51.2517738875	51.986945665	50.59689	1	0	0	0	0
2024-11-14 22:11:20	51.32672975	51.763046991	50.59689	1	0	0	0	0
2024-11-14 22:11:30	51.51175475	51.452999891	50.59689	1	0	0	0	0
2024-11-14 22:11:40	51.6644806	51.40891743	50.59689	1	0	0	0	0
2024-11-14 22:11:50	51.8086206	51.435534430000004	50.59689	1	0	0	0	0
2024-11-14 22:12:00	51.8881083035	51.265402720000004	50.59689	1	0	0	0	0
2024-11-14 22:12:10	51.9504099535	51.04297072	50.59689	1	0	0	0	0
2024-11-14 22:12:20	52.2186572565	50.844624793	50.59689	1	0	0	0	0
2024-11-14 22:12:30	52.5416496065	50.652681493	50.59689	1	0	0	0	0
2024-11-14 22:12:40	52.7499424095	50.630777516500004	50.59689	1	0	0	0	0
2024-11-14 22:12:50	52.9277454595	50.6540738665	50.59689	1	0	0	0	0
2024-11-14 22:13:00	52.1817034705	51.2497995555	50.59689	1	0	0	0	0
2024-11-14 22:13:10	51.1900824205	51.9976900055	50.59689	1	0	0	0	0
2024-11-14 22:13:20	51.28405176	51.6582953185	50.59689	1	0	0	0	0
2024-11-14 22:13:30	51.66659576	51.0298754685	50.59689	1	0	0	0	0
2024-11-14 22:13:40	51.743593593	51.104657568	50.59689	1	0	0	0	0
2024-11-14 22:13:50	51.739370293	51.366366768	50.59689	1	0	0	0	0
2024-11-14 22:14:00	51.489247248	51.665840298499994	50.59689	1	0	0	0	0
2024-11-14 22:14:10	51.173758448	51.9753524485	50.59689	1	0	0	0	0
2024-11-14 22:14:20	51.241418621	51.73065025	50.59689	1	0	0	0	0
2024-11-14 22:14:30	51.410928521	51.33862525	50.59689	1	0	0	0	0
2024-11-14 22:14:40	51.945345978	50.760891	50.59689	1	0	0	0	0
2024-11-14 22:14:50	52.576764178	50.133791	50.59689	1	0	0	0	0
2024-11-14 22:15:00	52.58866414925373	50.2750784079602	50.59689	1	0	0	0	0
2024-11-14 22:15:10	52.43588205970149	50.62062069651741	50.59689	1	0	0	0	0
2024-11-14 22:15:20	52.26278488955224	50.61594127761194	50.59689	1	0	0	0	0
2024-11-14 22:15:30	52.083957824875625	50.512481377114426	50.59689	1	0	0	0	0
2024-11-14 22:15:40	51.94169802189055	50.73806002189055	50.59689	1	0	0	0	0
2024-11-14 22:15:50	51.81036090746269	51.06192290746269	50.59689	1	0	0	0	0
2024-11-14 22:16:00	52.08342126766169	50.55366515820896	50.59689	1	0	0	0	0
2024-11-14 22:16:10	52.48418609353234	49.78263247164179	50.59689	1	0	0	0	0
2024-11-14 22:16:20	53.33039696417911	49.288046314925374	50.59689	1	0	0	0	0
2024-11-14 22:16:30	54.325089849751244	48.88560900149254	50.59689	1	0	0	0	0
2024-11-14 22:16:40	53.791217101	49.651781733	50.59689	1	0	0	0	0
2024-11-14 22:16:50	52.720280751000004	50.828547183	50.59689	1	0	0	0	0
2024-11-14 22:17:00	52.237701011000006	51.13092682	50.59689	1	0	0	0	0
2024-11-14 22:17:10	51.961841161	51.12608982	50.59689	1	0	0	0	0
2024-11-14 22:17:20	51.845905745	51.244567085999996	50.59689	1	0	0	0	0
2024-11-14 22:17:30	51.786159995	51.406370986	50.59689	1	0	0	0	0
2024-11-14 22:17:40	51.04242429	52.0346976	50.59689	1	0	0	0	0
2024-11-14 22:17:50	50.05836779	52.826937599999994	50.59689	1	0	0	0	0
2024-11-14 22:18:00	50.798596353	51.755204772	50.59689	1	0	0	0	0
2024-11-14 22:18:10	52.144654803	50.028562572000006	50.59689	1	0	0	0	0
2024-11-14 22:18:20	52.554106168000004	49.912294608	50.59689	1	0	0	0	0
2024-11-14 22:18:30	52.634479368	50.361833808	50.59689	1	0	0	0	0
2024-11-14 22:18:40	51.769730932	51.40458572	50.59689	1	0	0	0	0
2024-11-14 22:18:50	50.572912732000006	52.65576372	50.59689	1	0	0	0	0
2024-11-14 22:19:00	50.33124968	52.653485653000004	50.59689	1	0	0	0	0
2024-11-14 22:19:10	50.42518168	52.210804103	50.59689	1	0	0	0	0
2024-11-14 22:19:20	51.438036874	50.973516547	50.59689	1	0	0	0	0
2024-11-14 22:19:30	52.773756974	49.457043096999996	50.59689	1	0	0	0	0
2024-11-14 22:19:40	53.125488788	49.353818058	50.59689	1	0	0	0	0
2024-11-14 22:19:50	53.131494988	49.747139758	50.59689	1	0	0	0	0
2024-11-14 22:20:00	52.258236074	50.816529158	50.59689	1	0	0	0	0
2024-11-14 22:20:10	51.076046174	52.123455858	50.59689	1	0	0	0	0
2024-11-14 22:20:20	50.836162284000004	52.085722564	50.59689	1	0	0	0	0
2024-11-14 22:20:30	50.927358884	51.575541164	50.59689	1	0	0	0	0
2024-11-14 22:20:40	51.9016999	50.31067513	50.59689	1	0	0	0	0
2024-11-14 22:20:50	53.1863349	48.78064963	50.59689	1	0	0	0	0
2024-11-14 22:21:00	53.471594572	48.831210295000005	50.59689	1	0	0	0	0
2024-11-14 22:21:10	53.405722372	49.437112045000006	50.59689	1	0	0	0	0
2024-11-14 22:21:20	52.842924928	50.294032895	50.59689	1	0	0	0	0
2024-11-14 22:21:30	52.105532128	51.239149645	50.59689	1	0	0	0	0
2024-11-14 22:21:40	51.668520683	51.467069939	50.59689	1	0	0	0	0
2024-11-14 22:21:50	51.337048633	51.443002289	50.59689	1	0	0	0	0
2024-11-14 22:22:00	52.061670617000004	50.426191560999996	50.59689	1	0	0	0	0
2024-11-14 22:22:10	53.157352667000005	49.060579211	50.59689	1	0	0	0	0
2024-11-14 22:22:20	53.574007572	49.019854536	50.59689	1	0	0	0	0
2024-11-14 22:22:30	53.752085372	49.444630935999996	50.59689	1	0	0	0	0
2024-11-14 22:22:40	53.103977888	50.234071862	50.59689	1	0	0	0	0
2024-11-14 22:22:50	52.165589088	51.151638162	50.59689	1	0	0	0	0
2024-11-14 22:23:00	52.293404757	50.815123502	50.59689	1	0	0	0	0
2024-11-14 22:23:10	52.795832807	50.037985801999994	50.59689	1	0	0	0	0
2024-11-14 22:23:20	53.156757983	49.67439651	50.59689	1	0	0	0	0
2024-11-14 22:23:30	53.467965932999995	49.45610801	50.59689	1	0	0	0	0
2024-11-14 22:23:40	53.4289852	49.53120953	50.59689	1	0	0	0	0
2024-11-14 22:23:50	53.2669652	49.70939403	50.59689	1	0	0	0	0
2024-11-14 22:24:00	53.1598569	49.940952066	50.59689	1	0	0	0	0
2024-11-14 22:24:10	53.0720419	50.191262966000004	50.59689	1	0	0	0	0
2024-11-14 22:24:20	52.714032846	50.529729474	50.59689	1	0	0	0	0
2024-11-14 22:24:30	52.261090746	50.899169574	50.59689	1	0	0	0	0
2024-11-14 22:24:40	51.860411516	50.83777642	50.59689	1	0	0	0	0
2024-11-14 22:24:50	51.478094916	50.62500942	50.59689	1	0	0	0	0
2024-11-14 22:25:00	52.809085738	49.4969453	50.59689	1	0	0	0	0
2024-11-14 22:25:10	54.742049437999995	48.0472903	50.59689	1	0	0	0	0
2024-11-14 22:25:20	54.8657807	48.571756647	50.59689	1	0	0	0	0
2024-11-14 22:25:30	54.353835700000005	49.789833197	50.59689	1	0	0	0	0
2024-11-14 22:25:40	53.565735206	50.242690288	50.59689	1	0	0	0	0
2024-11-14 22:25:50	52.680607106	50.426686488	50.59689	1	0	0	0	0
2024-11-14 22:26:00	52.902645694	50.125720765	50.59689	1	0	0	0	0
2024-11-14 22:26:10	53.513688794	49.654363015	50.59689	1	0	0	0	0
2024-11-14 22:26:20	53.661476576	49.528178635	50.59689	1	0	0	0	0
2024-11-14 22:26:30	53.646498976000004	49.523271385	50.59689	1	0	0	0	0
2024-11-14 22:26:40	53.559061797	49.713555896	50.59689	1	0	0	0	0
2024-11-14 22:26:50	53.446165846999996	49.972421296	50.59689	1	0	0	0	0
2024-11-14 22:27:00	53.481174474	49.885012909	50.59689	1	0	0	0	0
2024-11-14 22:27:10	53.568149573999996	49.675940759	50.59689	1	0	0	0	0
2024-11-14 22:27:20	53.2731218	50.239786214	50.59689	1	0	0	0	0
2024-11-14 22:27:30	52.8438768	51.075197314	50.59689	1	0	0	0	0
2024-11-14 22:27:40	52.828279553	50.863612162	50.59689	1	0	0	0	0
2024-11-14 22:27:50	52.958018003	50.284163462	50.59689	1	0	0	0	0
2024-11-14 22:28:00	53.506303376	49.670711984	50.59689	1	0	0	0	0
2024-11-14 22:28:10	54.201645776	49.045313584000006	50.59689	1	0	0	0	0
2024-11-14 22:28:20	53.991261623999996	49.3101081	50.59689	1	0	0	0	0
2024-11-14 22:28:30	53.462649223999996	49.8876731	50.59689	1	0	0	0	0
2024-11-14 22:28:40	53.384627523	49.8348913	50.59689	1	0	0	0	0
2024-11-14 22:28:50	53.464921473000004	49.560636300000006	50.59689	1	0	0	0	0
2024-11-14 22:29:00	53.633794237000004	49.42828259	50.59689	1	0	0	0	0
2024-11-14 22:29:10	53.833789287	49.34578609	50.59689	1	0	0	0	0
2024-11-14 22:29:20	53.885788	49.324337	50.59689	1	0	0	0	0
2024-11-14 22:29:30	54.49608071698113	48.714483058490565	50.59689	1	0	0	0	0
2024-11-14 22:29:40	54.864063001000005	48.465511185	50.59689	1	0	0	0	0
2024-11-14 22:29:50	54.567161651000006	48.922666435	50.59689	1	0	0	0	0
2024-11-14 22:30:00	54.498970399	49.071734784	50.59689	1	0	0	0	0
2024-11-14 22:30:10	54.511136749	49.112556384	50.59689	1	0	0	0	0
2024-11-14 22:30:20	55.044923548999996	48.57104046	50.59689	1	0	0	0	0
2024-11-14 22:30:30	55.761982399	47.82491946	50.59689	1	0	0	0	0
2024-11-14 22:30:40	56.138138937	47.523734929999996	50.59689	1	0	0	0	0
2024-11-14 22:30:50	56.394518987	47.37887943	50.59689	1	0	0	0	0
2024-11-14 22:31:00	55.944690323	47.91655442	50.59689	1	0	0	0	0
2024-11-14 22:31:10	55.246734273	48.69403742	50.59689	1	0	0	0	0
2024-11-14 22:31:20	54.646428512	49.13388099	50.59689	1	0	0	0	0
2024-11-14 22:31:30	54.080432312	49.45509449	50.59689	1	0	0	0	0
2024-11-14 22:31:40	55.267754779	48.3618842	50.59689	1	0	0	0	0
2024-11-14 22:31:50	57.071108129	46.7717142	50.59689	1	0	0	0	0
2024-11-14 22:32:00	57.7955649	46.427339676	50.59689	1	0	0	0	0
2024-11-14 22:32:10	58.1409499	46.520677076000005	50.59689	1	0	0	0	0
2024-11-14 22:32:20	57.0325346	47.563604824	50.59689	1	0	0	0	0
2024-11-14 22:32:30	55.4133246	48.940172424	50.59689	1	0	0	0	0
2024-11-14 22:32:40	54.451072688	49.986669943	50.59689	1	0	0	0	0
2024-11-14 22:32:50	53.719643888	50.917196893	50.59689	1	0	0	0	0
2024-11-14 22:33:00	54.134760506	50.307191362	50.59689	1	0	0	0	0
2024-11-14 22:33:10	54.952717406	49.155917662	50.59689	1	0	0	0	0
2024-11-14 22:33:20	55.731948700000004	48.654080431	50.59689	1	0	0	0	0
2024-11-14 22:33:30	56.497573700000004	48.380423581	50.59689	1	0	0	0	0
2024-11-14 22:33:40	55.58120497	49.244994364	50.59689	1	0	0	0	0
2024-11-14 22:33:50	54.07386547	50.509482964	50.59689	1	0	0	0	0
2024-11-14 22:34:00	53.956188323999996	50.48543539	50.59689	1	0	0	0	0
2024-11-14 22:34:10	54.326770923999995	50.00865889	50.59689	1	0	0	0	0
2024-11-14 22:34:20	54.575070744	49.841753986	50.59689	1	0	0	0	0
2024-11-14 22:34:30	54.780406344	49.783722886	50.59689	1	0	0	0	0
2024-11-14 22:34:40	54.603363668	49.946313684	50.59689	1	0	0	0	0
2024-11-14 22:34:50	54.291971868000005	50.186420284	50.59689	1	0	0	0	0
2024-11-14 22:35:00	54.1983264	50.253850104	50.59689	1	0	0	0	0
2024-11-14 22:35:10	54.1811864	50.260609704000004	50.59689	1	0	0	0	0
2024-11-14 22:35:20	54.1538677	50.302731535999996	50.59689	1	0	0	0	0
2024-11-14 22:35:30	54.1229727	50.357277935999996	50.59689	1	0	0	0	0
2024-11-14 22:35:40	53.592047638	50.880552953	50.59689	1	0	0	0	0
2024-11-14 22:35:50	52.885436338	51.568516403000004	50.59689	1	0	0	0	0
2024-11-14 22:36:00	52.989863262	51.140512345	50.59689	1	0	0	0	0
2024-11-14 22:36:10	53.379249562000005	50.320411594999996	50.59689	1	0	0	0	0
2024-11-14 22:36:20	53.963127583	50.038755602	50.59689	1	0	0	0	0
2024-11-14 22:36:30	54.615340533	49.946282902	50.59689	1	0	0	0	0
2024-11-14 22:36:40	54.271489803	50.4191093	50.59689	1	0	0	0	0
2024-11-14 22:36:50	53.577670753	51.0905543	50.59689	1	0	0	0	0
2024-11-14 22:37:00	53.036644128	51.515525835	50.59689	1	0	0	0	0
2024-11-14 22:37:10	53.036644128	51.515525835	50.59689	1	0	0	0	0
2024-11-14 22:37:20	52.549301328	51.853898585	50.59689	1	0	0	0	0
2024-11-14 22:37:30	52.939798106	51.299856088	50.59689	1	0	0	0	0
2024-11-14 22:37:40	53.638725005999994	50.432262288	50.59689	1	0	0	0	0
2024-11-14 22:37:50	54.332078152	49.870625928	50.59689	1	0	0	0	0
2024-11-14 22:38:00	55.023472952	49.416488128000005	50.59689	1	0	0	0	0
2024-11-14 22:38:10	54.872071317999996	49.776264525	50.59689	1	0	0	0	0
2024-11-14 22:38:20	54.424552018	50.422010775	50.59689	1	0	0	0	0
2024-11-14 22:38:30	53.30071401	51.506005671	50.59689	1	0	0	0	0
2024-11-14 22:38:40	51.93925051	52.743979820999996	50.59689	1	0	0	0	0
2024-11-14 22:38:50	52.103953686000004	52.114615253	50.59689	1	0	0	0	0
2024-11-14 22:39:00	52.804877586	50.829158703	50.59689	1	0	0	0	0
2024-11-14 22:39:10	53.92106773	49.9661804	50.59689	1	0	0	0	0
2024-11-14 22:39:20	55.18316223	49.2516404	50.59689	1	0	0	0	0
2024-11-14 22:39:30	54.857836184	49.795188386	50.59689	1	0	0	0	0
2024-11-14 22:39:40	53.974767784	50.780767286	50.59689	1	0	0	0	0
2024-11-14 22:39:50	53.3831879	51.211799214	50.59689	1	0	0	0	0
2024-11-14 22:40:00	52.8940229	51.447990314	50.59689	1	0	0	0	0
2024-11-14 22:40:10	52.608086394000004	52.005520235	50.59689	1	0	0	0	0
2024-11-14 22:40:20	52.393554494	52.675952985	50.59689	1	0	0	0	0
2024-11-14 22:40:30	52.453382848000004	52.338506327	50.59689	1	0	0	0	0
2024-11-14 22:40:40	52.609608048000005	51.646939877	50.59689	1	0	0	0	0
2024-11-14 22:40:50	53.582498358	50.455316466	50.59689	1	0	0	0	0
2024-11-14 22:41:00	54.842325058	49.087997366	50.59689	1	0	0	0	0
2024-11-14 22:41:10	54.836162200000004	49.288550971999996	50.59689	1	0	0	0	0
2024-11-14 22:41:20	54.385192200000006	50.039978772	50.59689	1	0	0	0	0
2024-11-14 22:41:30	53.593783757000004	50.802037301	50.59689	1	0	0	0	0
2024-11-14 22:41:40	52.682761807	51.567830951000005	50.59689	1	0	0	0	0
2024-11-14 22:41:50	52.849516557	51.418098599	50.59689	1	0	0	0	0
2024-11-14 22:42:00	53.394949607	50.946694949	50.59689	1	0	0	0	0
2024-11-14 22:42:10	53.310673848	51.142756868999996	50.59689	1	0	0	0	0
2024-11-14 22:42:20	53.005149048	51.573333719	50.59689	1	0	0	0	0
2024-11-14 22:42:30	52.77335067	51.684649631	50.59689	1	0	0	0	0
2024-11-14 22:42:40	52.56745617	51.683792781	50.59689	1	0	0	0	0
2024-11-14 22:42:50	52.338053868	51.821792454000004	50.59689	1	0	0	0	0
2024-11-14 22:43:00	52.100392068000005	52.008579554	50.59689	1	0	0	0	0
2024-11-14 22:43:10	52.3734574	51.616820446000006	50.59689	1	0	0	0	0
2024-11-14 22:43:20	52.8259674	51.021788346	50.59689	1	0	0	0	0
2024-11-14 22:43:30	53.696446679000005	50.073654516	50.59689	1	0	0	0	0
2024-11-14 22:43:40	54.713780029	49.001457916	50.59689	1	0	0	0	0
2024-11-14 22:43:50	54.703744221	49.330150284	50.59689	1	0	0	0	0
2024-11-14 22:44:00	54.332740871	50.151046884	50.59689	1	0	0	0	0
2024-11-14 22:44:10	53.697564625	50.679780791	50.59689	1	0	0	0	0
2024-11-14 22:44:20	52.969570875	51.105862941	50.59689	1	0	0	0	0
2024-11-14 22:44:30	52.884059999	51.282377797	50.59689	1	0	0	0	0
2024-11-14 22:44:40	53.024286349	51.371206847	50.59689	1	0	0	0	0
2024-11-14 22:44:50	53.045232876	51.152659988	50.59689	1	0	0	0	0
2024-11-14 22:45:00	53.024270275999996	50.826116188	50.59689	1	0	0	0	0
2024-11-14 22:45:10	53.1872958	50.756307285	50.59689	1	0	0	0	0
2024-11-14 22:45:20	53.4149658	50.776702535	50.59689	1	0	0	0	0
2024-11-14 22:45:30	53.321267119999995	50.823995601	50.59689	1	0	0	0	0
2024-11-14 22:45:40	53.114655119999995	50.880739250999994	50.59689	1	0	0	0	0
2024-11-14 22:45:50	53.120566679999996	50.880347537999995	50.59689	1	0	0	0	0
2024-11-14 22:46:00	53.201148679999996	50.859881238	50.59689	1	0	0	0	0
2024-11-14 22:46:10	53.210079920999995	50.9734854	50.59689	1	0	0	0	0
2024-11-14 22:46:20	53.193836571	51.1341954	50.59689	1	0	0	0	0
2024-11-14 22:46:30	53.044925391999996	51.2403637	50.59689	1	0	0	0	0
2024-11-14 22:46:40	52.849401192	51.3273687	50.59689	1	0	0	0	0
2024-11-14 22:46:50	52.801372238	51.291645699	50.59689	1	0	0	0	0
2024-11-14 22:47:00	52.805165938	51.212802049	50.59689	1	0	0	0	0
2024-11-14 22:47:10	52.658493329	51.331960273	50.59689	1	0	0	0	0
2024-11-14 22:47:20	52.458954179	51.520686723	50.59689	1	0	0	0	0
2024-11-14 22:47:30	52.826303536000005	51.192582928	50.59689	1	0	0	0	0
2024-11-14 22:47:40	53.392829936000005	50.682890128000004	50.59689	1	0	0	0	0
2024-11-14 22:47:50	53.356689384	50.747398700000005	50.59689	1	0	0	0	0
2024-11-14 22:48:00	53.108800984	51.013653700000006	50.59689	1	0	0	0	0
2024-11-14 22:48:10	52.724856776	51.3553147	50.59689	1	0	0	0	0
2024-11-14 22:48:20	52.293109176	51.7234697	50.59689	1	0	0	0	0
2024-11-14 22:48:30	52.213792126	51.789739295	50.59689	1	0	0	0	0
2024-11-14 22:48:40	52.258302026	51.749941045	50.59689	1	0	0	0	0
2024-11-14 22:48:50	52.405814598	51.464461907	50.59689	1	0	0	0	0
2024-11-14 22:49:00	52.589517298	51.092662457	50.59689	1	0	0	0	0
2024-11-14 22:49:10	52.7892501	51.000402521000005	50.59689	1	0	0	0	0
2024-11-14 22:49:20	52.9946151	51.006359171	50.59689	1	0	0	0	0
2024-11-14 22:49:30	52.637393694	51.282496777	50.59689	1	0	0	0	0
2024-11-14 22:49:40	52.082506794	51.653562827	50.59689	1	0	0	0	0
2024-11-14 22:49:50	52.244582806	51.4573293	50.59689	1	0	0	0	0
2024-11-14 22:50:00	52.658564706	51.0617743	50.59689	1	0	0	0	0
2024-11-14 22:50:10	53.1469744	50.733035343000005	50.59689	1	0	0	0	0
2024-11-14 22:50:20	53.661534399999994	50.427772293000004	50.59689	1	0	0	0	0
2024-11-14 22:50:30	53.649080385999994	50.466171459	50.59689	1	0	0	0	0
2024-11-14 22:50:40	53.451459285999995	50.625316809	50.59689	1	0	0	0	0
2024-11-14 22:50:50	53.254822497	50.643117941	50.59689	1	0	0	0	0
2024-11-14 22:51:00	53.058531547	50.611257591000005	50.59689	1	0	0	0	0
2024-11-14 22:51:10	53.181663817	50.612792257	50.59689	1	0	0	0	0
2024-11-14 22:51:20	53.417025867	50.626060307	50.59689	1	0	0	0	0
2024-11-14 22:51:30	53.089589723	50.794985100000005	50.59689	1	0	0	0	0
2024-11-14 22:51:40	52.564413673000004	51.0186001	50.59689	1	0	0	0	0
2024-11-14 22:51:50	52.869468746	50.7751308	50.59689	1	0	0	0	0
2024-11-14 22:52:00	53.466226646	50.367550800000004	50.59689	1	0	0	0	0
2024-11-14 22:52:10	53.624068531	50.338372649	50.59689	1	0	0	0	0
2024-11-14 22:52:20	53.627696680999996	50.442146499	50.59689	1	0	0	0	0
2024-11-14 22:52:30	53.516961087	50.491709651	50.59689	1	0	0	0	0
2024-11-14 22:52:40	53.366043637000004	50.522225801000005	50.59689	1	0	0	0	0
2024-11-14 22:52:50	53.13904009	51.00237879	50.59689	1	0	0	0	0
2024-11-14 22:53:00	52.88530359	51.64051229	50.59689	1	0	0	0	0
2024-11-14 22:53:10	52.599853502	51.69857903	50.59689	1	0	0	0	0
2024-11-14 22:53:20	52.303260802	51.55283853	50.59689	1	0	0	0	0
2024-11-14 22:53:30	52.604221321000004	51.114617026000005	50.59689	1	0	0	0	0
2024-11-14 22:53:40	53.115132971	50.573631926000004	50.59689	1	0	0	0	0
2024-11-14 22:53:50	53.4238051	50.336681154	50.59689	1	0	0	0	0
2024-11-14 22:54:00	53.6614201	50.206553254	50.59689	1	0	0	0	0
2024-11-14 22:54:10	53.761027172	50.1491991	50.59689	1	0	0	0	0
2024-11-14 22:54:20	53.812144972	50.1174141	50.59689	1	0	0	0	0
2024-11-14 22:54:30	53.226810528	50.71776485	50.59689	1	0	0	0	0
2024-11-14 22:54:40	52.417857728	51.54021735	50.59689	1	0	0	0	0
2024-11-14 22:54:50	52.079374617	51.631797750000004	50.59689	1	0	0	0	0
2024-11-14 22:55:00	51.906191667	51.46658525	50.59689	1	0	0	0	0
2024-11-14 22:55:10	52.407698278000005	50.991843700000004	50.59689	1	0	0	0	0
2024-11-14 22:55:20	53.146257978	50.4083487	50.59689	1	0	0	0	0
2024-11-14 22:55:30	53.497212005	50.232026452999996	50.59689	1	0	0	0	0
2024-11-14 22:55:40	53.711980255	50.198764903	50.59689	1	0	0	0	0
2024-11-14 22:55:50	53.723459331	50.194274997	50.59689	1	0	0	0	0
2024-11-14 22:56:00	53.663512481000005	50.199894047	50.59689	1	0	0	0	0
2024-11-14 22:56:10	53.555108729	50.28788135	50.59689	1	0	0	0	0
2024-11-14 22:56:20	53.429679578999995	50.404808849999995	50.59689	1	0	0	0	0
2024-11-14 22:56:30	53.40739692	50.4105421	50.59689	1	0	0	0	0
2024-11-14 22:56:40	53.42135492	50.3772071	50.59689	1	0	0	0	0
2024-11-14 22:56:50	53.38803802	50.458997600000004	50.59689	1	0	0	0	0
2024-11-14 22:57:00	53.33811102	50.5812376	50.59689	1	0	0	0	0
2024-11-14 22:57:10	53.308822435	50.6245566	50.59689	1	0	0	0	0
2024-11-14 22:57:20	53.286785185	50.6401466	50.59689	1	0	0	0	0
2024-11-14 22:57:30	53.462286865	50.447136224	50.59689	1	0	0	0	0
2024-11-14 22:57:40	53.707194115	50.180833824	50.59689	1	0	0	0	0
2024-11-14 22:57:50	53.61723786	50.255049676	50.59689	1	0	0	0	0
2024-11-14 22:58:00	53.40962686	50.448907076	50.59689	1	0	0	0	0
2024-11-14 22:58:10	53.08937454	50.8517979	50.59689	1	0	0	0	0
2024-11-14 22:58:20	52.72954554	51.3281329	50.59689	1	0	0	0	0
2024-11-14 22:58:30	52.61156637254902	51.34844707156863	50.59689	1	0	0	0	0
2024-11-14 22:58:40	52.578561470588234	51.20853770882353	50.59689	1	0	0	0	0
2024-11-14 22:58:50	52.60995164285714	51.17144772142857	50.59689	1	0	0	0	0
2024-11-14 22:59:00	52.66893970408163	51.17842318061225	50.59689	1	0	0	0	0
2024-11-14 22:59:10	52.213112458	51.618409263000004	50.59689	1	0	0	0	0
2024-11-14 22:59:20	51.576404158	52.210534213	50.59689	1	0	0	0	0
2024-11-14 22:59:30	51.41086	52.3644867	50.59689	1	0	0	0	0
2024-11-14 22:59:40	51.277333421276595	52.5014215787234	50.59689	1	0	0	0	0
2024-11-14 22:59:50	51.122664103	52.599481772000004	50.59689	1	0	0	0	0
2024-11-14 23:00:00	51.137055053000005	52.502889572	50.59689	1	0	0	0	0
2024-11-14 23:00:10	51.158076921	52.383059633	50.59689	1	0	0	0	0
2024-11-14 23:00:20	51.181428571	52.255065083	50.59689	1	0	0	0	0
2024-11-14 23:00:30	51.6518796	51.802339589	50.59689	1	0	0	0	0
2024-11-14 23:00:40	52.2794196	51.235519439	50.59689	1	0	0	0	0
2024-11-14 23:00:50	52.2913573	51.281298706	50.59689	1	0	0	0	0
2024-11-14 23:01:00	52.0870023	51.542315606	50.59689	1	0	0	0	0
2024-11-14 23:01:10	51.51782878	52.071461886	50.59689	1	0	0	0	0
2024-11-14 23:01:20	50.82047578	52.694815786	50.59689	1	0	0	0	0
2024-11-14 23:01:30	50.937794626	52.457066614000006	50.59689	1	0	0	0	0
2024-11-14 23:01:40	51.341349526	51.916767714	50.59689	1	0	0	0	0
2024-11-14 23:01:50	51.427412754	51.75714842	50.59689	1	0	0	0	0
2024-11-14 23:02:00	51.401924854	51.73128142	50.59689	1	0	0	0	0
2024-11-14 23:02:10	51.52153981280788	51.470829502463054	50.59689	1	0	0	0	0
2024-11-14 23:02:20	51.692136857142856	51.12795585714286	50.59689	1	0	0	0	0
2024-11-14 23:02:30	51.738488883248735	51.174522106598985	50.59689	1	0	0	0	0
2024-11-14 23:02:40	51.73409294416244	51.38015535532995	50.59689	1	0	0	0	0
2024-11-14 23:02:50	52.249342313	50.847733657999996	50.59689	1	0	0	0	0
2024-11-14 23:03:00	52.947169763	50.055995358	50.59689	1	0	0	0	0
2024-11-14 23:03:10	52.947974711	50.270260751	50.59689	1	0	0	0	0
2024-11-14 23:03:20	52.703879861	50.837986901	50.59689	1	0	0	0	0
2024-11-14 23:03:30	52.008398664	51.277031490999995	50.59689	1	0	0	0	0
2024-11-14 23:03:40	51.154322264	51.670863641	50.59689	1	0	0	0	0
2024-11-14 23:03:50	51.351599236	51.546518894	50.59689	1	0	0	0	0
2024-11-14 23:04:00	51.918270636	51.240111994	50.59689	1	0	0	0	0
2024-11-14 23:04:10	51.158764763	52.255118506	50.59689	1	0	0	0	0
2024-11-14 23:04:20	49.933304713000005	53.734405406	50.59689	1	0	0	0	0
2024-11-14 23:04:30	50.044435475	53.46053988	50.59689	1	0	0	0	0
2024-11-14 23:04:40	50.625179225000004	52.570701879999994	50.59689	1	0	0	0	0
2024-11-14 23:04:50	50.771994115270935	52.304067799014774	50.59689	1	0	0	0	0
2024-11-14 23:05:00	50.76634751428571	52.25639725714286	50.59689	1	0	0	0	0
2024-11-14 23:05:10	50.86631323451777	51.955313719796955	50.59689	1	0	0	0	0
2024-11-14 23:05:20	51.009416381725885	51.55072346598985	50.59689	1	0	0	0	0
2024-11-14 23:05:30	51.326395629	51.02740558	50.59689	1	0	0	0	0
2024-11-14 23:05:40	51.704466479	50.46237258	50.59689	1	0	0	0	0
2024-11-14 23:05:50	52.774503263	49.653167885	50.59689	1	0	0	0	0
2024-11-14 23:06:00	54.087663213	48.758173135	50.59689	1	0	0	0	0
2024-11-14 23:06:10	54.611657119	48.488539435	50.59689	1	0	0	0	0
2024-11-14 23:06:20	54.858376469	48.438627185	50.59689	1	0	0	0	0
2024-11-14 23:06:30	54.03943567128712	49.28440168316831	50.59689	1	0	0	0	0
2024-11-14 23:06:40	52.84607374059406	50.44487693069307	50.59689	1	0	0	0	0
2024-11-14 23:06:50	52.18805767272727	51.0001968	50.59689	1	0	0	0	0
2024-11-14 23:07:00	51.73823166262626	51.32017846666667	50.59689	1	0	0	0	0
2024-11-14 23:07:10	52.120630935	50.874313031	50.59689	1	0	0	0	0
2024-11-14 23:07:20	52.795433685	50.159366181	50.59689	1	0	0	0	0
2024-11-14 23:07:30	53.111551812	50.042555300000004	50.59689	1	0	0	0	0
2024-11-14 23:07:40	53.301645612	50.1359003	50.59689	1	0	0	0	0
2024-11-14 23:07:50	52.810805546	50.54965124	50.59689	1	0	0	0	0
2024-11-14 23:08:00	52.080718446000006	51.07597724	50.59689	1	0	0	0	0
2024-11-14 23:08:10	52.408249854000005	50.655345960000005	50.59689	1	0	0	0	0
2024-11-14 23:08:20	53.107376954	49.901999960000005	50.59689	1	0	0	0	0
2024-11-14 23:08:30	53.283206504999995	49.734472000000004	50.59689	1	0	0	0	0
2024-11-14 23:08:40	53.275174754999995	49.772772	50.59689	1	0	0	0	0
2024-11-14 23:08:50	52.824079882	50.809331001	50.59689	1	0	0	0	0
2024-11-14 23:09:00	52.217314181999996	52.196629650999995	50.59689	1	0	0	0	0
2024-11-14 23:09:10	51.993571393658534	51.98702095951219	50.59689	1	0	0	0	0
2024-11-14 23:09:20	51.90440422292683	51.216336715609756	50.59689	1	0	0	0	0
2024-11-14 23:09:30	52.85575832	50.08712379230769	50.59689	1	0	0	0	0
2024-11-14 23:09:40	54.27459298666667	48.79683276666667	50.59689	1	0	0	0	0
2024-11-14 23:09:50	53.5491114	49.557499600999996	50.59689	1	0	0	0	0
2024-11-14 23:10:00	52.0702214	51.038773250999995	50.59689	1	0	0	0	0
2024-11-14 23:10:10	51.702529016	51.257860017999995	50.59689	1	0	0	0	0
2024-11-14 23:10:20	51.725257416	51.033475718	50.59689	1	0	0	0	0
2024-11-14 23:10:30	52.400345099999996	50.451746453999995	50.59689	1	0	0	0	0
2024-11-14 23:10:40	53.3046401	49.744463554	50.59689	1	0	0	0	0
2024-11-14 23:10:50	53.242465611	49.826765723	50.59689	1	0	0	0	0
2024-11-14 23:11:00	52.840720761	50.186489673	50.59689	1	0	0	0	0
2024-11-14 23:11:10	52.542352468	50.539630730999995	50.59689	1	0	0	0	0
2024-11-14 23:11:20	52.280305668	50.890458881	50.59689	1	0	0	0	0
2024-11-14 23:11:30	52.108309505	51.451656229	50.59689	1	0	0	0	0
2024-11-14 23:11:40	51.967952755	52.086767079	50.59689	1	0	0	0	0
2024-11-14 23:11:50	51.9880737	51.602830615	50.59689	1	0	0	0	0
2024-11-14 23:12:00	52.064578700000006	50.725715365	50.59689	1	0	0	0	0
2024-11-14 23:12:10	52.1209335	50.776600852	50.59689	1	0	0	0	0
2024-11-14 23:12:20	52.1702085	51.153540652000004	50.59689	1	0	0	0	0
2024-11-14 23:12:30	51.6590186	51.639571881	50.59689	1	0	0	0	0
2024-11-14 23:12:40	50.950908600000005	52.163932531	50.59689	1	0	0	0	0
2024-11-14 23:12:50	50.917602232	51.981684978	50.59689	1	0	0	0	0
2024-11-14 23:13:00	51.121389032	51.551169678	50.59689	1	0	0	0	0
2024-11-14 23:13:10	51.848569100000006	50.83405952843137	50.59689	1	0	0	0	0
2024-11-14 23:13:20	52.7596441	50.01625389117647	50.59689	1	0	0	0	0
2024-11-14 23:13:30	53.211445385714285	49.47585427142857	50.59689	1	0	0	0	0
2024-11-14 23:13:40	53.46641507959183	49.05434294489796	50.59689	1	0	0	0	0
2024-11-14 23:13:50	53.651082336	49.118562162	50.59689	1	0	0	0	0
2024-11-14 23:14:00	53.811048736000004	49.353443462	50.59689	1	0	0	0	0
2024-11-14 23:14:10	52.8705009	50.543636198	50.59689	1	0	0	0	0
2024-11-14 23:14:20	51.5432859	52.069478898	50.59689	1	0	0	0	0
2024-11-14 23:14:30	51.544981400000005	51.894324261	50.59689	1	0	0	0	0
2024-11-14 23:14:40	52.0135914	51.121521911	50.59689	1	0	0	0	0
2024-11-14 23:14:50	52.0031661	50.940198379	50.59689	1	0	0	0	0
2024-11-14 23:15:00	51.8244311	50.966691729	50.59689	1	0	0	0	0
2024-11-14 23:15:10	51.45066651	51.330199357	50.59689	1	0	0	0	0
2024-11-14 23:15:20	51.00837801	51.812117407	50.59689	1	0	0	0	0
2024-11-14 23:15:30	51.10400624	51.719837267	50.59689	1	0	0	0	0
2024-11-14 23:15:40	51.38863224	51.425811817	50.59689	1	0	0	0	0
2024-11-14 23:15:50	51.877744586	50.985161176	50.59689	1	0	0	0	0
2024-11-14 23:16:00	52.438703485999994	50.492993575999996	50.59689	1	0	0	0	0
2024-11-14 23:16:10	52.546259058	50.332608676	50.59689	1	0	0	0	0
2024-11-14 23:16:20	52.494510758	50.288796076	50.59689	1	0	0	0	0
2024-11-14 23:16:30	52.442525806	50.385097518	50.59689	1	0	0	0	0
2024-11-14 23:16:40	52.390457706	50.530628218000004	50.59689	1	0	0	0	0
2024-11-14 23:16:50	52.357071905	50.522854006	50.59689	1	0	0	0	0
2024-11-14 23:17:00	52.330250155	50.461215906	50.59689	1	0	0	0	0
2024-11-14 23:17:10	52.352992495	50.3891572	50.59689	1	0	0	0	0
2024-11-14 23:17:20	52.393149245000004	50.3134372	50.59689	1	0	0	0	0
2024-11-14 23:17:30	52.605793039	50.2679758	50.59689	1	0	0	0	0
2024-11-14 23:17:40	52.879040389	50.233145799999996	50.59689	1	0	0	0	0
2024-11-14 23:17:50	52.284121663	50.804865901999996	50.59689	1	0	0	0	0
2024-11-14 23:18:00	51.384171613	51.589698202	50.59689	1	0	0	0	0
2024-11-14 23:18:10	51.032405756	51.932786873	50.59689	1	0	0	0	0
2024-11-14 23:18:20	50.873245156	52.120668323	50.59689	1	0	0	0	0
2024-11-14 23:18:30	50.781137732000005	52.133397396999996	50.59689	1	0	0	0	0
2024-11-14 23:18:40	50.712589532	52.084586447	50.59689	1	0	0	0	0
2024-11-14 23:18:50	50.746792589	51.78763903	50.59689	1	0	0	0	0
2024-11-14 23:19:00	50.817097439	51.40350853	50.59689	1	0	0	0	0
2024-11-14 23:19:10	51.621640834	50.729879411000006	50.59689	1	0	0	0	0
2024-11-14 23:19:20	52.684159934	49.954534561	50.59689	1	0	0	0	0
2024-11-14 23:19:30	52.704910734	50.231027487	50.59689	1	0	0	0	0
2024-11-14 23:19:40	52.359634834000005	50.877085037	50.59689	1	0	0	0	0
2024-11-14 23:19:50	52.159038406	50.905870736	50.59689	1	0	0	0	0
2024-11-14 23:20:00	52.009275306	50.717777136	50.59689	1	0	0	0	0
2024-11-14 23:20:10	52.133669922	50.421279789	50.59689	1	0	0	0	0
2024-11-14 23:20:20	52.354390222	50.086694639	50.59689	1	0	0	0	0
2024-11-14 23:20:30	52.760346212	49.843351858999995	50.59689	1	0	0	0	0
2024-11-14 23:20:40	53.231385012	49.632067209	50.59689	1	0	0	0	0
2024-11-14 23:20:50	52.758761789	50.093456952	50.59689	1	0	0	0	0
2024-11-14 23:21:00	51.954581639000004	50.791191751999996	50.59689	1	0	0	0	0
2024-11-14 23:21:10	52.003665186	50.765400913	50.59689	1	0	0	0	0
2024-11-14 23:21:20	52.352544086	50.485398363	50.59689	1	0	0	0	0
2024-11-14 23:21:30	52.868159638	49.839783051	50.59689	1	0	0	0	0
2024-11-14 23:21:40	53.442358338	49.065709201	50.59689	1	0	0	0	0
2024-11-14 23:21:50	53.251369954000005	49.4185176	50.59689	1	0	0	0	0
2024-11-14 23:22:00	52.791532054	50.1672576	50.59689	1	0	0	0	0
2024-11-14 23:22:10	52.558590549	50.4649935	50.59689	1	0	0	0	0
2024-11-14 23:22:20	52.405369399	50.604268499999996	50.59689	1	0	0	0	0
2024-11-14 23:22:30	52.522892029411764	50.386462702941174	50.59689	1	0	0	0	0
2024-11-14 23:22:40	52.73554085294118	50.04319608529412	50.59689	1	0	0	0	0
2024-11-14 23:22:50	53.26303239285714	49.513263921428575	50.59689	1	0	0	0	0
2024-11-14 23:23:00	53.9254565255102	48.90333223775511	50.59689	1	0	0	0	0
2024-11-14 23:23:10	53.349618283999995	49.689743394000004	50.59689	1	0	0	0	0
2024-11-14 23:23:20	52.338714884	50.966761494	50.59689	1	0	0	0	0
2024-11-14 23:23:30	51.699729675	51.508088318	50.59689	1	0	0	0	0
2024-11-14 23:23:40	51.191418425	51.790929018	50.59689	1	0	0	0	0
2024-11-14 23:23:50	51.241292061	51.647559688	50.59689	1	0	0	0	0
2024-11-14 23:24:00	51.487284711	51.354440888	50.59689	1	0	0	0	0
2024-11-14 23:24:10	51.822309462	51.0539915	50.59689	1	0	0	0	0
2024-11-14 23:24:20	52.188615762	50.7509665	50.59689	1	0	0	0	0
2024-11-14 23:24:30	51.852604638	51.21604522	50.59689	1	0	0	0	0
2024-11-14 23:24:40	51.269833338	51.950998219999995	50.59689	1	0	0	0	0
2024-11-14 23:24:50	51.164188767	51.79897538	50.59689	1	0	0	0	0
2024-11-14 23:25:00	51.226183317	51.33531238	50.59689	1	0	0	0	0
2024-11-14 23:25:10	51.816937097	50.7925345	50.59689	1	0	0	0	0
2024-11-14 23:25:20	52.593471146999995	50.221959500000004	50.59689	1	0	0	0	0
2024-11-14 23:25:30	52.5287776	50.192427064	50.59689	1	0	0	0	0
2024-11-14 23:25:40	52.1685176	50.352990664000004	50.59689	1	0	0	0	0
2024-11-14 23:25:50	52.578278216	50.011018636	50.59689	1	0	0	0	0
2024-11-14 23:26:00	53.258586616	49.492480036	50.59689	1	0	0	0	0
2024-11-14 23:26:10	52.964980868	50.0568601	50.59689	1	0	0	0	0
2024-11-14 23:26:20	52.329189068	51.0017251	50.59689	1	0	0	0	0
2024-11-14 23:26:30	51.5913636453202	51.7049578817734	50.59689	1	0	0	0	0
2024-11-14 23:26:40	50.817688571428576	52.32329285714285	50.59689	1	0	0	0	0
2024-11-14 23:26:50	50.84141092791879	51.98539211928934	50.59689	1	0	0	0	0
2024-11-14 23:27:00	51.19083082639594	51.256916230964464	50.59689	1	0	0	0	0
2024-11-14 23:27:10	51.7394699	50.800064475	50.59689	1	0	0	0	0
2024-11-14 23:27:20	52.3581049	50.438648224999994	50.59689	1	0	0	0	0
2024-11-14 23:27:30	52.125014699999994	50.961952924	50.59689	1	0	0	0	0
2024-11-14 23:27:40	51.592669699999995	51.796105524000005	50.59689	1	0	0	0	0
2024-11-14 23:27:50	51.464311494	51.739193044000004	50.59689	1	0	0	0	0
2024-11-14 23:28:00	51.477894594	51.369203644	50.59689	1	0	0	0	0
2024-11-14 23:28:10	51.552819106	50.755121581	50.59689	1	0	0	0	0
2024-11-14 23:28:20	51.649296006	50.055277231	50.59689	1	0	0	0	0
2024-11-14 23:28:30	52.237863212	49.818388351	50.59689	1	0	0	0	0
2024-11-14 23:28:40	52.999327012	49.744159501	50.59689	1	0	0	0	0
2024-11-14 23:28:50	52.819251109	50.075746725	50.59689	1	0	0	0	0
2024-11-14 23:29:00	52.308363959	50.549917975	50.59689	1	0	0	0	0
2024-11-14 23:29:10	51.736957167	51.005988529	50.59689	1	0	0	0	0
2024-11-14 23:29:20	51.144286717	51.455699379	50.59689	1	0	0	0	0
2024-11-14 23:29:30	50.9901924	51.5726242	50.59689	1	0	0	0	0
2024-11-14 23:29:40	51.41029659672131	51.256910314754094	50.59689	1	0	0	0	0
2024-11-14 23:29:50	51.513445878	51.139896625	50.59689	1	0	0	0	0
2024-11-14 23:30:00	51.231110578	51.298702875000004	50.59689	1	0	0	0	0
2024-11-14 23:30:10	51.882987242	50.379257715	50.59689	1	0	0	0	0
2024-11-14 23:30:20	52.863100542	49.080967465	50.59689	1	0	0	0	0
2024-11-14 23:30:30	53.351787427000005	48.947563792	50.59689	1	0	0	0	0
2024-11-14 23:30:40	53.667810977	49.223444592	50.59689	1	0	0	0	0
2024-11-14 23:30:50	52.887036608	50.142488067	50.59689	1	0	0	0	0
2024-11-14 23:31:00	51.720900807999996	51.287507617	50.59689	1	0	0	0	0
2024-11-14 23:31:10	51.809292965	51.067299649999995	50.59689	1	0	0	0	0
2024-11-14 23:31:20	52.338465215	50.367417149999994	50.59689	1	0	0	0	0
2024-11-14 23:31:30	52.3772933	50.545999527999996	50.59689	1	0	0	0	0
2024-11-14 23:31:40	52.2438383	51.033231728	50.59689	1	0	0	0	0
2024-11-14 23:31:50	52.00399202	51.126795546	50.59689	1	0	0	0	0
2024-11-14 23:32:00	51.726765019999995	51.082043446	50.59689	1	0	0	0	0
2024-11-14 23:32:10	51.83905478	50.792497163	50.59689	1	0	0	0	0
2024-11-14 23:32:20	52.08820178	50.416942113	50.59689	1	0	0	0	0
2024-11-14 23:32:30	51.739579	50.811758402	50.59689	1	0	0	0	0
2024-11-14 23:32:40	51.180929	51.477245702	50.59689	1	0	0	0	0
2024-11-14 23:32:50	50.9862369	51.543028492	50.59689	1	0	0	0	0
2024-11-14 23:33:00	50.9194219	51.398104292	50.59689	1	0	0	0	0
2024-11-14 23:33:10	50.950343769	51.453539384	50.59689	1	0	0	0	0
2024-11-14 23:33:20	51.015605619	51.579370984	50.59689	1	0	0	0	0
2024-11-14 23:33:30	51.283534414	51.300301964	50.59689	1	0	0	0	0
2024-11-14 23:33:40	51.622670514	50.878970564	50.59689	1	0	0	0	0
2024-11-14 23:33:50	51.939636917	50.666473972	50.59689	1	0	0	0	0
2024-11-14 23:34:00	52.248813967000004	50.527351772	50.59689	1	0	0	0	0
2024-11-14 23:34:10	52.060544332	50.626853228	50.59689	1	0	0	0	0
2024-11-14 23:34:20	51.697496132	50.810195428	50.59689	1	0	0	0	0
2024-11-14 23:34:30	51.417832168	51.146830922	50.59689	1	0	0	0	0
2024-11-14 23:34:40	51.167465368	51.537326222	50.59689	1	0	0	0	0
2024-11-14 23:34:50	51.29388422	51.49160795	50.59689	1	0	0	0	0
2024-11-14 23:35:00	51.55268722	51.29262545	50.59689	1	0	0	0	0
2024-11-14 23:35:10	51.92597488	50.804925216	50.59689	1	0	0	0	0
2024-11-14 23:35:20	52.33948688	50.215783615999996	50.59689	1	0	0	0	0
2024-11-14 23:35:30	52.469994612	50.053440938	50.59689	1	0	0	0	0
2024-11-14 23:35:40	52.501068412	50.041054638	50.59689	1	0	0	0	0
2024-11-14 23:35:50	52.591706588	49.979444426	50.59689	1	0	0	0	0
2024-11-14 23:36:00	52.703272788	49.900539326	50.59689	1	0	0	0	0
2024-11-14 23:36:10	52.459183962000004	50.28676796	50.59689	1	0	0	0	0
2024-11-14 23:36:20	52.090135262000004	50.83642196	50.59689	1	0	0	0	0
2024-11-14 23:36:30	51.710372065	51.157588120999996	50.59689	1	0	0	0	0
2024-11-14 23:36:40	51.326844314999995	51.398474771	50.59689	1	0	0	0	0
2024-11-14 23:36:50	51.498800673	51.078686139	50.59689	1	0	0	0	0
2024-11-14 23:37:00	51.865927123	50.561903489	50.59689	1	0	0	0	0
2024-11-14 23:37:10	52.1845936	50.343152879	50.59689	1	0	0	0	0
2024-11-14 23:37:20	52.486233600000006	50.229116229	50.59689	1	0	0	0	0
2024-11-14 23:37:30	52.7913183	49.793033244	50.59689	1	0	0	0	0
2024-11-14 23:37:40	53.0976133	49.243798844000004	50.59689	1	0	0	0	0
2024-11-14 23:37:50	53.763956521000004	48.674737994000004	50.59689	1	0	0	0	0
2024-11-14 23:38:00	54.556803171000006	48.098711094	50.59689	1	0	0	0	0
2024-11-14 23:38:10	54.004745479	48.914633036999994	50.59689	1	0	0	0	0
2024-11-14 23:38:20	52.980153829	50.21961808699999	50.59689	1	0	0	0	0
2024-11-14 23:38:30	52.856086716	50.164047462	50.59689	1	0	0	0	0
2024-11-14 23:38:40	53.048420115999996	49.630443762	50.59689	1	0	0	0	0
2024-11-14 23:38:50	53.461025209	49.208342300000005	50.59689	1	0	0	0	0
2024-11-14 23:39:00	53.951023059	48.825417300000005	50.59689	1	0	0	0	0
2024-11-14 23:39:10	53.7054218	49.153637184	50.59689	1	0	0	0	0
2024-11-14 23:39:20	53.2013668	49.731718783999995	50.59689	1	0	0	0	0
2024-11-14 23:39:30	53.021177536	49.8182949	50.59689	1	0	0	0	0
2024-11-14 23:39:40	52.954778936000004	49.7321799	50.59689	1	0	0	0	0
2024-11-14 23:39:50	53.008757616000004	49.79050846	50.59689	1	0	0	0	0
2024-11-14 23:40:00	53.105031016000005	49.89958746	50.59689	1	0	0	0	0
2024-11-14 23:40:10	53.235517687000005	49.86947764	50.59689	1	0	0	0	0
2024-11-14 23:40:20	53.378025237	49.79046364	50.59689	1	0	0	0	0
2024-11-14 23:40:30	53.070017309	50.130813523	50.59689	1	0	0	0	0
2024-11-14 23:40:40	52.603720159	50.618507473	50.59689	1	0	0	0	0
2024-11-14 23:40:50	52.10168963	50.945208577	50.59689	1	0	0	0	0
2024-11-14 23:41:00	51.58710413	51.215344627	50.59689	1	0	0	0	0
2024-11-14 23:41:10	51.429218647000006	51.300646400000005	50.59689	1	0	0	0	0
2024-11-14 23:41:20	51.396660197	51.3210064	50.59689	1	0	0	0	0
2024-11-14 23:41:30	51.48090775	51.416395	50.59689	1	0	0	0	0
2024-11-14 23:41:40	51.60619525	51.538145	50.59689	1	0	0	0	0
2024-11-14 23:41:50	51.670286600000004	51.4437188	50.59689	1	0	0	0	0
2024-11-14 23:42:00	51.7128766	51.2733388	50.59689	1	0	0	0	0
2024-11-14 23:42:10	51.693560124	51.0917774	50.59689	1	0	0	0	0
2024-11-14 23:42:20	51.652492724000005	50.906287400000004	50.59689	1	0	0	0	0
2024-11-14 23:42:30	52.188401622	50.430377	50.59689	1	0	0	0	0
2024-11-14 23:42:40	52.927031922	49.852427	50.59689	1	0	0	0	0
2024-11-14 23:42:50	52.846206054	50.226044813	50.59689	1	0	0	0	0
2024-11-14 23:43:00	52.477463154	50.933997263	50.59689	1	0	0	0	0
2024-11-14 23:43:10	51.710813300000005	51.573129787	50.59689	1	0	0	0	0
2024-11-14 23:43:20	50.804358300000004	52.188082337	50.59689	1	0	0	0	0
2024-11-14 23:43:30	50.540269106	52.252387086	50.59689	1	0	0	0	0
2024-11-14 23:43:40	50.501876006	52.123220986	50.59689	1	0	0	0	0
2024-11-14 23:43:50	50.981045973	51.614085014	50.59689	1	0	0	0	0
2024-11-14 23:44:00	51.642062423000006	50.971446114	50.59689	1	0	0	0	0
2024-11-14 23:44:10	51.933546072	50.460457284	50.59689	1	0	0	0	0
2024-11-14 23:44:20	52.095193871999996	49.995723884	50.59689	1	0	0	0	0
2024-11-14 23:44:30	52.981195149	49.338213676	50.59689	1	0	0	0	0
2024-11-14 23:44:40	54.121698999	48.612971076	50.59689	1	0	0	0	0
2024-11-14 23:44:50	54.350883969	48.524366016	50.59689	1	0	0	0	0
2024-11-14 23:45:00	54.259875819	48.659444416	50.59689	1	0	0	0	0
2024-11-14 23:45:10	53.386474031	49.559593424	50.59689	1	0	0	0	0
2024-11-14 23:45:20	52.238177181	50.728551024	50.59689	1	0	0	0	0
2024-11-14 23:45:30	52.108600554	50.904716003000004	50.59689	1	0	0	0	0
2024-11-14 23:45:40	52.336952654	50.732061953	50.59689	1	0	0	0	0
2024-11-14 23:45:50	52.033590260000004	51.029511958	50.59689	1	0	0	0	0
2024-11-14 23:46:00	51.543409260000004	51.492133658	50.59689	1	0	0	0	0
2024-11-14 23:46:10	51.184740986	51.558034439000004	50.59689	1	0	0	0	0
2024-11-14 23:46:20	50.872279886	51.484546789	50.59689	1	0	0	0	0
2024-11-14 23:46:30	51.399497600000004	51.068972271999996	50.59689	1	0	0	0	0
2024-11-14 23:46:40	52.2217376	50.533205071999994	50.59689	1	0	0	0	0
2024-11-14 23:46:50	52.3741444	50.461979828	50.59689	1	0	0	0	0
2024-11-14 23:47:00	52.291204400000005	50.553972028	50.59689	1	0	0	0	0
2024-11-14 23:47:10	52.484074832000005	50.221556394	50.59689	1	0	0	0	0
2024-11-14 23:47:20	52.773851632	49.740024494000004	50.59689	1	0	0	0	0
2024-11-14 23:47:30	53.125436007	49.498571682000005	50.59689	1	0	0	0	0
2024-11-14 23:47:40	53.498736557	49.341470982000004	50.59689	1	0	0	0	0
2024-11-14 23:47:50	53.426479999	49.447009824	50.59689	1	0	0	0	0
2024-11-14 23:48:00	53.197676349	49.644827424	50.59689	1	0	0	0	0
2024-11-14 23:48:10	53.132801162	49.725432465	50.59689	1	0	0	0	0
2024-11-14 23:48:20	53.125522462	49.764854715	50.59689	1	0	0	0	0
2024-11-14 23:48:30	53.5012853	49.474289135	50.59689	1	0	0	0	0
2024-11-14 23:48:40	54.0116303	49.067781885	50.59689	1	0	0	0	0
2024-11-14 23:48:50	53.821445642	49.235702743000004	50.59689	1	0	0	0	0
2024-11-14 23:49:00	53.385128942	49.605449693000004	50.59689	1	0	0	0	0
2024-11-14 23:49:10	52.845111898000006	50.120628547	50.59689	1	0	0	0	0
2024-11-14 23:49:20	52.268659598000006	50.686905097	50.59689	1	0	0	0	0
2024-11-14 23:49:30	52.426400703	50.310149105	50.59689	1	0	0	0	0
2024-11-14 23:49:40	52.842101653	49.602057355	50.59689	1	0	0	0	0
2024-11-14 23:49:50	52.970827569	49.742287841	50.59689	1	0	0	0	0
2024-11-14 23:50:00	52.998724419	50.180577491	50.59689	1	0	0	0	0
2024-11-14 23:50:10	52.810187179	50.522795863999995	50.59689	1	0	0	0	0
2024-11-14 23:50:20	52.545605529	50.831259464	50.59689	1	0	0	0	0
2024-11-14 23:50:30	52.453459234	50.626646247	50.59689	1	0	0	0	0
2024-11-14 23:50:40	52.421898334000005	50.241762797	50.59689	1	0	0	0	0
2024-11-14 23:50:50	52.842389966000006	49.887425363	50.59689	1	0	0	0	0
2024-11-14 23:51:00	53.421710866	49.543820313000005	50.59689	1	0	0	0	0
2024-11-14 23:51:10	53.354038481	49.866631365	50.59689	1	0	0	0	0
2024-11-14 23:51:20	53.059044131	50.423588615	50.59689	1	0	0	0	0
2024-11-14 23:51:30	52.913689029000004	50.261757225000004	50.59689	1	0	0	0	0
2024-11-14 23:51:40	52.820909879	49.847378475	50.59689	1	0	0	0	0
2024-11-14 23:51:50	53.610320396999995	49.157291709	50.59689	1	0	0	0	0
2024-11-14 23:52:00	54.709689446999995	48.370334559	50.59689	1	0	0	0	0
2024-11-14 23:52:10	54.707376097	48.600288591	50.59689	1	0	0	0	0
2024-11-14 23:52:20	54.317985147	49.187535741000005	50.59689	1	0	0	0	0
2024-11-14 23:52:30	53.916917366999996	49.5556044	50.59689	1	0	0	0	0
2024-11-14 23:52:40	53.511746916999996	49.8466644	50.59689	1	0	0	0	0
2024-11-14 23:52:50	53.267627181	50.236331471999996	50.59689	1	0	0	0	0
2024-11-14 23:53:00	53.080092831	50.660644272	50.59689	1	0	0	0	0
2024-11-14 23:53:10	53.193062121	50.386001542	50.59689	1	0	0	0	0
2024-11-14 23:53:20	53.411613771	49.865779842	50.59689	1	0	0	0	0
2024-11-14 23:53:30	53.431787811999996	49.827233910000004	50.59689	1	0	0	0	0
2024-11-14 23:53:40	53.382261612	49.95792541	50.59689	1	0	0	0	0
2024-11-14 23:53:50	53.360332824	50.005786711999995	50.59689	1	0	0	0	0
2024-11-14 23:54:00	53.348100424	50.024545511999996	50.59689	1	0	0	0	0
2024-11-14 23:54:10	53.425296173	49.730654164	50.59689	1	0	0	0	0
2024-11-14 23:54:20	53.533912623	49.326912764	50.59689	1	0	0	0	0
2024-11-14 23:54:30	53.327109327	49.7219839	50.59689	1	0	0	0	0
2024-11-14 23:54:40	53.009482877	50.3977189	50.59689	1	0	0	0	0
2024-11-14 23:54:50	53.765211923	49.588677940000004	50.59689	1	0	0	0	0
2024-11-14 23:55:00	54.898065873	48.25795894	50.59689	1	0	0	0	0
2024-11-14 23:55:10	55.379362477	47.967461307	50.59689	1	0	0	0	0
2024-11-14 23:55:20	55.631733527	48.042446857	50.59689	1	0	0	0	0
2024-11-14 23:55:30	54.65225059	49.170243653	50.59689	1	0	0	0	0
2024-11-14 23:55:40	53.23995409	50.667947103	50.59689	1	0	0	0	0
2024-11-14 23:55:50	53.285803022	50.433847312	50.59689	1	0	0	0	0
2024-11-14 23:56:00	53.843973322000004	49.591276112	50.59689	1	0	0	0	0
2024-11-14 23:56:10	54.314126357	49.258466788	50.59689	1	0	0	0	0
2024-11-14 23:56:20	54.753354407	49.104762988	50.59689	1	0	0	0	0
2024-11-14 23:56:30	54.32920444	49.621562976	50.59689	1	0	0	0	0
2024-11-14 23:56:40	53.601705439999996	50.373945376	50.59689	1	0	0	0	0
2024-11-14 23:56:50	52.972592141	50.901025489	50.59689	1	0	0	0	0
2024-11-14 23:57:00	52.378046790999996	51.348945339	50.59689	1	0	0	0	0
2024-11-14 23:57:10	52.351460949999996	51.304125126	50.59689	1	0	0	0	0
2024-11-14 23:57:20	52.52442845	51.086180026	50.59689	1	0	0	0	0
2024-11-14 23:57:30	52.650980005	50.962393377	50.59689	1	0	0	0	0
2024-11-14 23:57:40	52.761223255000004	50.871689427	50.59689	1	0	0	0	0
2024-11-14 23:57:50	52.670679271	50.983017132	50.59689	1	0	0	0	0
2024-11-14 23:58:00	52.509588421000004	51.165328932	50.59689	1	0	0	0	0
2024-11-14 23:58:10	52.511052224	50.920161639	50.59689	1	0	0	0	0
2024-11-14 23:58:20	52.569629823999996	50.524798989000004	50.59689	1	0	0	0	0
2024-11-14 23:58:30	53.4458611	49.702407018	50.59689	1	0	0	0	0
2024-11-14 23:58:40	54.6093761	48.729977718	50.59689	1	0	0	0	0
2024-11-14 23:58:50	55.15632495	48.668770543	50.59689	1	0	0	0	0
2024-11-14 23:59:00	55.48664245	48.927722493	50.59689	1	0	0	0	0
2024-11-14 23:59:10	54.20922411	50.1297327	50.59689	1	0	0	0	0
2024-11-14 23:59:20	52.36692561	51.6630877	50.59689	1	0	0	0	0
2024-11-14 23:59:30	51.887928	52.06176	50.59689	1	0	0	0	0
2024-11-14 23:59:40	51.52822095081967	51.83810804918033	50.59689	1	0	0	0	0
2024-11-14 23:59:50	52.363327246	50.834310058	50.59689	1	0	0	0	0
2024-11-15 00:00:00	53.852945145999996	49.702341757999996	50.59689	1	0	0	0	0
