PROCESSDATA	2111LIC31102B Data	yyyy-MM-dd HH:mm:ss
8	10	2024-09-03 21:55:00	751
tagname	2111LIC31102B.MV	2111LIC31102B.PV	2111LIC31102B.SV	2111LIC31102B.MODE	bOpOFL	bPvOFL	bSpOFL	bAutOFL
desc	C301中段_OP	C301中段_PV	C301中段_SP	Aut	bOpOFL	bPvOFL	bSpOFL	bAutOFL
fsMax=2.6962648481343265	fsMin=0	fsGridNum=10	fdMax=2.6962648481343265tfdMin=0	fdGridNum=10	v0GridNum=10	L=24
2024-09-03 21:55:00	59.445284	48.5524043875	47.98181	1	0	0	0	0
2024-09-03 21:55:10	59.396876	48.5125255375	47.98181	1	0	0	0	0
2024-09-03 21:55:20	59.433952500000004	48.43056185	47.98181	1	0	0	0	0
2024-09-03 21:55:30	59.7274825	48.22234365	47.98181	1	0	0	0	0
2024-09-03 21:55:40	60.091364999999996	48.008438500000004	47.98181	1	0	0	0	0
2024-09-03 21:55:50	60.666305	47.7774725	47.98181	1	0	0	0	0
2024-09-03 21:56:00	61.1856535125	47.564483599999996	47.98181	1	0	0	0	0
2024-09-03 21:56:10	61.5382275625	47.405426	47.98181	1	0	0	0	0
2024-09-03 21:56:20	61.762655275	47.3169712	47.98181	1	0	0	0	0
2024-09-03 21:56:30	61.602643975	47.4403248	47.98181	1	0	0	0	0
2024-09-03 21:56:40	61.3975173125	47.5902717875	47.98181	1	0	0	0	0
2024-09-03 21:56:50	61.0570445625	47.819998937499996	47.98181	1	0	0	0	0
2024-09-03 21:57:00	60.6649144	48.0445550125	47.98181	1	0	0	0	0
2024-09-03 21:57:10	60.117812	48.2535978625	47.98181	1	0	0	0	0
2024-09-03 21:57:20	59.6523033	48.4333508375	47.98181	1	0	0	0	0
2024-09-03 21:57:30	59.4315757	48.525234187500004	47.98181	1	0	0	0	0
2024-09-03 21:57:40	59.29929417910448	48.56879014527363	47.98181	1	0	0	0	0
2024-09-03 21:57:50	59.43235089552239	48.46736392636816	47.98181	1	0	0	0	0
2024-09-03 21:58:00	59.61840214328358	48.33460065671642	47.98181	1	0	0	0	0
2024-09-03 21:58:10	59.972269406965175	48.102603393034826	47.98181	1	0	0	0	0
2024-09-03 21:58:20	60.377855397512434	47.871562631840796	47.98181	1	0	0	0	0
2024-09-03 21:58:30	60.95658669104478	47.64372407462687	47.98181	1	0	0	0	0
2024-09-03 21:58:40	61.44428975572139	47.45930820895522	47.98181	1	0	0	0	0
2024-09-03 21:58:50	61.609256372636814	47.42884552238806	47.98181	1	0	0	0	0
2024-09-03 21:59:00	61.66936080597014	47.4405006238806	47.98181	1	0	0	0	0
2024-09-03 21:59:10	61.334983691542284	47.61059883283583	47.98181	1	0	0	0	0
2024-09-03 21:59:20	61.0025148	47.78627766	47.98181	1	0	0	0	0
2024-09-03 21:59:30	60.6776788	47.98427896	47.98181	1	0	0	0	0
2024-09-03 21:59:40	60.3349634	48.17397	47.98181	1	0	0	0	0
2024-09-03 21:59:50	59.9207304	48.33042	47.98181	1	0	0	0	0
2024-09-03 22:00:00	59.5799756	48.44755328	47.98181	1	0	0	0	0
2024-09-03 22:00:10	59.5331336	48.407419680000004	47.98181	1	0	0	0	0
2024-09-03 22:00:20	59.579155	48.33857116	47.98181	1	0	0	0	0
2024-09-03 22:00:30	59.99663	48.15486296	47.98181	1	0	0	0	0
2024-09-03 22:00:40	60.39399942	47.96648576	47.98181	1	0	0	0	0
2024-09-03 22:00:50	60.71094652	47.75943256	47.98181	1	0	0	0	0
2024-09-03 22:01:00	61.04033619	47.571267	47.98181	1	0	0	0	0
2024-09-03 22:01:10	61.41949614	47.458652	47.98181	1	0	0	0	0
2024-09-03 22:01:20	61.699295049999996	47.391735000000004	47.98181	1	0	0	0	0
2024-09-03 22:01:30	61.5816498	47.50761	47.98181	1	0	0	0	0
2024-09-03 22:01:40	61.4001858	47.637025	47.98181	1	0	0	0	0
2024-09-03 22:01:50	60.9634468	47.8206	47.98181	1	0	0	0	0
2024-09-03 22:02:00	60.543751040000004	48.010257	47.98181	1	0	0	0	0
2024-09-03 22:02:10	60.19222824	48.224242	47.98181	1	0	0	0	0
2024-09-03 22:02:20	59.841035559999995	48.418794999999996	47.98181	1	0	0	0	0
2024-09-03 22:02:30	59.491163359999994	48.53562	47.98181	1	0	0	0	0
2024-09-03 22:02:40	59.230858639999994	48.60552251	47.98181	1	0	0	0	0
2024-09-03 22:02:50	59.32882384	48.48773506	47.98181	1	0	0	0	0
2024-09-03 22:03:00	59.509805639999996	48.34720307	47.98181	1	0	0	0	0
2024-09-03 22:03:10	60.022853839999996	48.11569292	47.98181	1	0	0	0	0
2024-09-03 22:03:20	60.51439858	47.881996560000005	47.98181	1	0	0	0	0
2024-09-03 22:03:30	60.91992948	47.63955536	47.98181	1	0	0	0	0
2024-09-03 22:03:40	61.310237459999996	47.43026416	47.98181	1	0	0	0	0
2024-09-03 22:03:50	61.63965376	47.35357296	47.98181	1	0	0	0	0
2024-09-03 22:04:00	61.85658684	47.329074	47.98181	1	0	0	0	0
2024-09-03 22:04:10	61.62358704	47.513344000000004	47.98181	1	0	0	0	0
2024-09-03 22:04:20	61.325871279999994	47.709431620000004	47.98181	1	0	0	0	0
2024-09-03 22:04:30	60.769291679999995	47.95278972	47.98181	1	0	0	0	0
2024-09-03 22:04:40	60.243645459999996	48.18952958	47.98181	1	0	0	0	0
2024-09-03 22:04:50	59.84173276	48.39979648	47.98181	1	0	0	0	0
2024-09-03 22:05:00	59.4707729	48.58039349	47.98181	1	0	0	0	0
2024-09-03 22:05:10	59.2236244	48.64231094	47.98181	1	0	0	0	0
2024-09-03 22:05:20	59.079101550000004	48.65026841	47.98181	1	0	0	0	0
2024-09-03 22:05:30	59.345081300000004	48.44238596	47.98181	1	0	0	0	0
2024-09-03 22:05:40	59.68529201	48.222475	47.98181	1	0	0	0	0
2024-09-03 22:05:50	60.32242656	47.95445	47.98181	1	0	0	0	0
2024-09-03 22:06:00	60.91041599	47.69671242	47.98181	1	0	0	0	0
2024-09-03 22:06:10	61.301824939999996	47.48012452	47.98181	1	0	0	0	0
2024-09-03 22:06:20	61.62695289	47.316572529999995	47.98181	1	0	0	0	0
2024-09-03 22:06:30	61.68695684	47.36516418	47.98181	1	0	0	0	0
2024-09-03 22:06:40	61.668293	47.44688723	47.98181	1	0	0	0	0
2024-09-03 22:06:50	61.334958	47.661135879999996	47.98181	1	0	0	0	0
2024-09-03 22:07:00	60.956264239999996	47.88064032	47.98181	1	0	0	0	0
2024-09-03 22:07:10	60.39613544	48.12116792	47.98181	1	0	0	0	0
2024-09-03 22:07:20	59.8802437	48.348541	47.98181	1	0	0	0	0
2024-09-03 22:07:30	59.5413002	48.523296	47.98181	1	0	0	0	0
2024-09-03 22:07:40	59.27455138	48.648001550000004	47.98181	1	0	0	0	0
2024-09-03 22:07:50	59.29658128	48.5725093	47.98181	1	0	0	0	0
2024-09-03 22:08:00	59.38823321	48.46259995	47.98181	1	0	0	0	0
2024-09-03 22:08:10	59.758373260000006	48.2150222	47.98181	1	0	0	0	0
2024-09-03 22:08:20	60.18927801	47.963045369999996	47.98181	1	0	0	0	0
2024-09-03 22:08:30	60.863241560000006	47.69347222	47.98181	1	0	0	0	0
2024-09-03 22:08:40	61.45423016	47.457145669999996	47.98181	1	0	0	0	0
2024-09-03 22:08:50	61.71331896	47.353805519999995	47.98181	1	0	0	0	0
2024-09-03 22:09:00	61.861543389999994	47.306864059999995	47.98181	1	0	0	0	0
2024-09-03 22:09:10	61.566310339999994	47.485517359999996	47.98181	1	0	0	0	0
2024-09-03 22:09:20	61.3301239	47.62844	47.98181	1	0	0	0	0
2024-09-03 22:09:30	61.3301239	47.62844	47.98181	1	0	0	0	0
2024-09-03 22:09:40	60.441011079999996	48.14635475	47.98181	1	0	0	0	0
2024-09-03 22:09:50	59.93003998	48.3468785	47.98181	1	0	0	0	0
2024-09-03 22:10:00	59.48765028	48.51337622	47.98181	1	0	0	0	0
2024-09-03 22:10:10	59.31958618	48.54376982	47.98181	1	0	0	0	0
2024-09-03 22:10:20	59.24012741	48.54082068	47.98181	1	0	0	0	0
2024-09-03 22:10:30	59.51508996	48.404500580000004	47.98181	1	0	0	0	0
2024-09-03 22:10:40	59.81891751	48.242140590000005	47.98181	1	0	0	0	0
2024-09-03 22:10:50	60.23820506	47.97562104	47.98181	1	0	0	0	0
2024-09-03 22:11:00	60.691959	47.718434529999996	47.98181	1	0	0	0	0
2024-09-03 22:11:10	61.2835785	47.49858018	47.98181	1	0	0	0	0
2024-09-03 22:11:20	61.75719469	47.33493043	47.98181	1	0	0	0	0
2024-09-03 22:11:30	61.75719469	47.33493043	47.98181	1	0	0	0	0
2024-09-03 22:11:40	61.67586353	47.48384588	47.98181	1	0	0	0	0
2024-09-03 22:11:50	61.25478118	47.67790528	47.98181	1	0	0	0	0
2024-09-03 22:12:00	60.84679677	47.8762398	47.98181	1	0	0	0	0
2024-09-03 22:12:10	60.84679677	47.8762398	47.98181	1	0	0	0	0
2024-09-03 22:12:20	60.120574	48.29439552	47.98181	1	0	0	0	0
2024-09-03 22:12:30	59.689794	48.44625912	47.98181	1	0	0	0	0
2024-09-03 22:12:40	59.342930300000006	48.559543729999994	47.98181	1	0	0	0	0
2024-09-03 22:12:50	59.3317318	48.51851238	47.98181	1	0	0	0	0
2024-09-03 22:13:00	59.41163904	48.44350628	47.98181	1	0	0	0	0
2024-09-03 22:13:10	59.85596924	48.23260118	47.98181	1	0	0	0	0
2024-09-03 22:13:20	60.28579482	48.01679801	47.98181	1	0	0	0	0
2024-09-03 22:13:30	60.65760192	47.781402560000004	47.98181	1	0	0	0	0
2024-09-03 22:13:40	61.03806084	47.566345940000005	47.98181	1	0	0	0	0
2024-09-03 22:13:50	61.45312704	47.43264464	47.98181	1	0	0	0	0
2024-09-03 22:14:00	61.757430279999994	47.351691439999996	47.98181	1	0	0	0	0
2024-09-03 22:14:10	61.618681679999995	47.48173064	47.98181	1	0	0	0	0
2024-09-03 22:14:20	61.40450952	47.63053243	47.98181	1	0	0	0	0
2024-09-03 22:14:30	60.88864312	47.85438458	47.98181	1	0	0	0	0
2024-09-03 22:14:40	60.404788999999994	48.07691767	47.98181	1	0	0	0	0
2024-09-03 22:14:50	60.048984	48.29417452	47.98181	1	0	0	0	0
2024-09-03 22:15:00	59.717816279999994	48.47866834	47.98181	1	0	0	0	0
2024-09-03 22:15:10	59.48519768	48.53211004	47.98181	1	0	0	0	0
2024-09-03 22:15:20	59.32815952	48.5454456	47.98181	1	0	0	0	0
2024-09-03 22:15:30	59.47344312	48.3983566	47.98181	1	0	0	0	0
2024-09-03 22:15:40	59.69695132	48.23631486	47.98181	1	0	0	0	0
2024-09-03 22:15:50	60.233357919999996	48.01446216	47.98181	1	0	0	0	0
2024-09-03 22:16:00	60.739424879999994	47.793965	47.98181	1	0	0	0	0
2024-09-03 22:16:10	61.124133279999995	47.57889	47.98181	1	0	0	0	0
2024-09-03 22:16:20	61.45278852	47.41031547	47.98181	1	0	0	0	0
2024-09-03 22:16:30	61.557231120000004	47.42774282	47.98181	1	0	0	0	0
2024-09-03 22:16:40	61.58886641	47.477666830000004	47.98181	1	0	0	0	0
2024-09-03 22:16:50	61.32927246	47.65757748	47.98181	1	0	0	0	0
2024-09-03 22:17:00	61.020168309999995	47.845273170000006	47.98181	1	0	0	0	0
2024-09-03 22:17:10	60.51302336	48.064109020000004	47.98181	1	0	0	0	0
2024-09-03 22:17:20	60.04244611	48.27234916	47.98181	1	0	0	0	0
2024-09-03 22:17:30	59.71813966	48.438206459999996	47.98181	1	0	0	0	0
2024-09-03 22:17:40	59.43990705	48.569793669999996	47.98181	1	0	0	0	0
2024-09-03 22:17:50	59.3459698	48.564300519999996	47.98181	1	0	0	0	0
2024-09-03 22:18:00	59.32093374	48.5211134	47.98181	1	0	0	0	0
2024-09-03 22:18:10	59.571502439999996	48.3271504	47.98181	1	0	0	0	0
2024-09-03 22:18:20	59.89047318	48.122696	47.98181	1	0	0	0	0
2024-09-03 22:18:30	60.48305208	47.876276	47.98181	1	0	0	0	0
2024-09-03 22:18:40	61.032685879999995	47.645205999999995	47.98181	1	0	0	0	0
2024-09-03 22:18:50	61.41053928	47.475536	47.98181	1	0	0	0	0
2024-09-03 22:19:00	61.6906155	47.35675765	47.98181	1	0	0	0	0
2024-09-03 22:19:10	61.579583	47.4415459	47.98181	1	0	0	0	0
2024-09-03 22:19:20	61.42751657	47.55285885	47.98181	1	0	0	0	0
2024-09-03 22:19:30	61.11131442	47.7702706	47.98181	1	0	0	0	0
2024-09-03 22:19:40	60.7563351	47.98653232	47.98181	1	0	0	0	0
2024-09-03 22:19:50	60.2462471	48.19819392	47.98181	1	0	0	0	0
2024-09-03 22:20:00	59.79526822	48.38619088	47.98181	1	0	0	0	0
2024-09-03 22:20:10	59.58072582	48.47952928	47.98181	1	0	0	0	0
2024-09-03 22:20:20	59.42500835	48.538886000000005	47.98181	1	0	0	0	0
2024-09-03 22:20:30	59.5045906	48.462316	47.98181	1	0	0	0	0
2024-09-03 22:20:40	59.62940599	48.3582345	47.98181	1	0	0	0	0
2024-09-03 22:20:50	59.93515394	48.144107	47.98181	1	0	0	0	0
2024-09-03 22:21:00	60.295238069999996	47.92633398	47.98181	1	0	0	0	0
2024-09-03 22:21:10	60.87266692	47.69397888	47.98181	1	0	0	0	0
2024-09-03 22:21:20	61.38733369	47.485266890000005	47.98181	1	0	0	0	0
2024-09-03 22:21:30	61.65095214	47.37112734	47.98181	1	0	0	0	0
2024-09-03 22:21:40	61.80851221	47.31335513	47.98181	1	0	0	0	0
2024-09-03 22:21:50	61.54183876	47.48105228	47.98181	1	0	0	0	0
2024-09-03 22:22:00	61.26933546	47.653133	47.98181	1	0	0	0	0
2024-09-03 22:22:10	60.97351276	47.842748	47.98181	1	0	0	0	0
2024-09-03 22:22:20	60.63134714	48.03759167	47.98181	1	0	0	0	0
2024-09-03 22:22:30	60.103809840000004	48.25335002	47.98181	1	0	0	0	0
2024-09-03 22:22:40	59.641497	48.44471203	47.98181	1	0	0	0	0
2024-09-03 22:22:50	59.440082000000004	48.53848868	47.98181	1	0	0	0	0
2024-09-03 22:23:00	59.321995	48.584457279999995	47.98181	1	0	0	0	0
2024-09-03 22:23:10	59.537220000000005	48.439193679999995	47.98181	1	0	0	0	0
2024-09-03 22:23:20	59.775518000000005	48.27843852	47.98181	1	0	0	0	0
2024-09-03 22:23:30	60.106108	48.055717120000004	47.98181	1	0	0	0	0
2024-09-03 22:23:40	60.489309	47.830045000000005	47.98181	1	0	0	0	0
2024-09-03 22:23:50	61.082954	47.59257	47.98181	1	0	0	0	0
2024-09-03 22:24:00	61.58823069	47.397124	47.98181	1	0	0	0	0
2024-09-03 22:24:10	61.74003414	47.369794	47.98181	1	0	0	0	0
2024-09-03 22:24:20	61.79115257	47.3850017	47.98181	1	0	0	0	0
2024-09-03 22:24:30	61.43953092	47.570360199999996	47.98181	1	0	0	0	0
2024-09-03 22:24:40	61.09518924	47.75861053	47.98181	1	0	0	0	0
2024-09-03 22:24:50	60.77996744	47.95842818	47.98181	1	0	0	0	0
2024-09-03 22:25:00	60.428494580000006	48.15668607	47.98181	1	0	0	0	0
2024-09-03 22:25:10	59.932017480000006	48.348704919999996	47.98181	1	0	0	0	0
2024-09-03 22:25:20	59.503751740000006	48.50873168	47.98181	1	0	0	0	0
2024-09-03 22:25:30	59.34833144	48.54079008	47.98181	1	0	0	0	0
2024-09-03 22:25:40	59.293725679999994	48.53017352	47.98181	1	0	0	0	0
2024-09-03 22:25:50	59.64237808	48.34885712	47.98181	1	0	0	0	0
2024-09-03 22:26:00	60.0015	48.15344733	47.98181	1	0	0	0	0
2024-09-03 22:26:10	60.4025	47.901663979999995	47.98181	1	0	0	0	0
2024-09-03 22:26:20	60.83788673	47.65736457	47.98181	1	0	0	0	0
2024-09-03 22:26:30	61.410820380000004	47.443000919999996	47.98181	1	0	0	0	0
2024-09-03 22:26:40	61.86810186	47.283319	47.98181	1	0	0	0	0
2024-09-03 22:26:50	61.86277466	47.342364	47.98181	1	0	0	0	0
2024-09-03 22:27:00	61.75834581	47.43744267	47.98181	1	0	0	0	0
2024-09-03 22:27:10	61.25751036	47.67665602	47.98181	1	0	0	0	0
2024-09-03 22:27:20	60.7854343	47.910229460000004	47.98181	1	0	0	0	0
2024-09-03 22:27:30	60.4283958	48.12124326	47.98181	1	0	0	0	0
2024-09-03 22:27:40	60.06765171	48.31673429	47.98181	1	0	0	0	0
2024-09-03 22:27:50	59.69208526	48.45013424	47.98181	1	0	0	0	0
2024-09-03 22:28:00	59.39082758	48.546550329999995	47.98181	1	0	0	0	0
2024-09-03 22:28:10	59.38680498	48.495030979999996	47.98181	1	0	0	0	0
2024-09-03 22:28:20	59.461889209999995	48.417163949999996	47.98181	1	0	0	0	0
2024-09-03 22:28:30	59.85340076	48.2339062	47.98181	1	0	0	0	0
2024-09-03 22:28:40	60.239881249999996	48.04297277	47.98181	1	0	0	0	0
2024-09-03 22:28:50	60.6062375	47.821336620000004	47.98181	1	0	0	0	0
2024-09-03 22:29:00	60.98016051	47.61856093	47.98181	1	0	0	0	0
2024-09-03 22:29:10	61.384350559999994	47.49122708	47.98181	1	0	0	0	0
2024-09-03 22:29:20	61.681945	47.412890430000004	47.98181	1	0	0	0	0
2024-09-03 22:29:30	61.553157	47.53054258	47.98181	1	0	0	0	0
2024-09-03 22:29:40	61.36027394	47.66294746	47.98181	1	0	0	0	0
2024-09-03 22:29:50	60.91101064	47.85436326	47.98181	1	0	0	0	0
2024-09-03 22:30:00	60.487182000000004	48.04933512	47.98181	1	0	0	0	0
2024-09-03 22:30:10	60.165092	48.25853122	47.98181	1	0	0	0	0
2024-09-03 22:30:20	59.85081763	48.43926229	47.98181	1	0	0	0	0
2024-09-03 22:30:30	59.56780578	48.50613324	47.98181	1	0	0	0	0
2024-09-03 22:30:40	59.35848967	48.5380935	47.98181	1	0	0	0	0
2024-09-03 22:30:50	59.44395652	48.430411	47.98181	1	0	0	0	0
2024-09-03 22:31:00	59.616208	48.30042116	47.98181	1	0	0	0	0
2024-09-03 22:31:10	60.135598	48.08120196	47.98181	1	0	0	0	0
2024-09-03 22:31:20	60.631232000000004	47.858505279999996	47.98181	1	0	0	0	0
2024-09-03 22:31:30	61.031842000000005	47.62189868	47.98181	1	0	0	0	0
2024-09-03 22:31:40	61.4005744	47.42316935	47.98181	1	0	0	0	0
2024-09-03 22:31:50	61.641796400000004	47.3759491	47.98181	1	0	0	0	0
2024-09-03 22:32:00	61.78417738	47.37724303	47.98181	1	0	0	0	0
2024-09-03 22:32:10	61.53119428	47.572593680000004	47.98181	1	0	0	0	0
2024-09-03 22:32:20	61.22034902	47.77203778	47.98181	1	0	0	0	0
2024-09-03 22:32:30	60.678055119999996	47.98785568	47.98181	1	0	0	0	0
2024-09-03 22:32:40	60.176375	48.19728569	47.98181	1	0	0	0	0
2024-09-03 22:32:50	59.83715	48.38116414	47.98181	1	0	0	0	0
2024-09-03 22:33:00	59.53441425	48.53483543	47.98181	1	0	0	0	0
2024-09-03 22:33:10	59.3776355	48.56767808	47.98181	1	0	0	0	0
2024-09-03 22:33:20	59.30484388	48.553969589999994	47.98181	1	0	0	0	0
2024-09-03 22:33:30	59.56800078	48.354056539999995	47.98181	1	0	0	0	0
2024-09-03 22:33:40	59.88956067	48.14814603	47.98181	1	0	0	0	0
2024-09-03 22:33:50	60.44473252	47.91824568	47.98181	1	0	0	0	0
2024-09-03 22:34:00	60.959066	47.69685058	47.98181	1	0	0	0	0
2024-09-03 22:34:10	61.310046	47.50947648	47.98181	1	0	0	0	0
2024-09-03 22:34:20	61.580033439999994	47.376540479999996	47.98181	1	0	0	0	0
2024-09-03 22:34:30	61.526050639999994	47.46135688	47.98181	1	0	0	0	0
2024-09-03 22:34:40	61.41703226	47.577061	47.98181	1	0	0	0	0
2024-09-03 22:34:50	61.087871559999996	47.816316	47.98181	1	0	0	0	0
2024-09-03 22:35:00	60.715541699999996	48.047129	47.98181	1	0	0	0	0
2024-09-03 22:35:10	60.170535199999996	48.244174	47.98181	1	0	0	0	0
2024-09-03 22:35:20	59.68923	48.418644	47.98181	1	0	0	0	0
2024-09-03 22:35:30	59.46273	48.502814	47.98181	1	0	0	0	0
2024-09-03 22:35:40	59.322979	48.54660172	47.98181	1	0	0	0	0
2024-09-03 22:35:50	59.530224	48.42886032	47.98181	1	0	0	0	0
2024-09-03 22:36:00	59.77381561	48.28381548	47.98181	1	0	0	0	0
2024-09-03 22:36:10	60.16279366	48.02955688	47.98181	1	0	0	0	0
2024-09-03 22:36:20	60.584554260000004	47.78456	47.98181	1	0	0	0	0
2024-09-03 22:36:30	61.137445060000005	47.576609999999995	47.98181	1	0	0	0	0
2024-09-03 22:36:40	61.59182493	47.414392	47.98181	1	0	0	0	0
2024-09-03 22:36:50	61.65216108	47.435102	47.98181	1	0	0	0	0
2024-09-03 22:37:00	61.619732549999995	47.490997	47.98181	1	0	0	0	0
2024-09-03 22:37:10	61.2162453	47.687632	47.98181	1	0	0	0	0
2024-09-03 22:37:20	60.8181427	47.8922087	47.98181	1	0	0	0	0
2024-09-03 22:37:30	60.4415787	48.1285522	47.98181	1	0	0	0	0
2024-09-03 22:37:40	60.05172775	48.3470383	47.98181	1	0	0	0	0
2024-09-03 22:37:50	59.608729000000004	48.4940948	47.98181	1	0	0	0	0
2024-09-03 22:38:00	59.2559577	48.598901999999995	47.98181	1	0	0	0	0
2024-09-03 22:38:10	59.2640962	48.534712	47.98181	1	0	0	0	0
2024-09-03 22:38:20	59.37411461	48.43600972	47.98181	1	0	0	0	0
2024-09-03 22:38:30	59.89165266	48.19925832	47.98181	1	0	0	0	0
2024-09-03 22:38:40	60.37725751	47.963640999999996	47.98181	1	0	0	0	0
2024-09-03 22:38:50	60.73512956	47.73256	47.98181	1	0	0	0	0
2024-09-03 22:39:00	61.10666148	47.52310833	47.98181	1	0	0	0	0
2024-09-03 22:39:10	61.53283288	47.40017398	47.98181	1	0	0	0	0
2024-09-03 22:39:20	61.87377	47.3018265	47.98181	1	0	0	0	0
2024-09-03 22:39:30	61.87377	47.3018265	47.98181	1	0	0	0	0
2024-09-03 22:39:40	61.35429705	47.67520957	47.98181	1	0	0	0	0
2024-09-03 22:39:50	60.8216098	47.900507420000004	47.98181	1	0	0	0	0
2024-09-03 22:40:00	60.32743576	48.11940575	47.98181	1	0	0	0	0
2024-09-03 22:40:10	59.98731456	48.312706	47.98181	1	0	0	0	0
2024-09-03 22:40:20	59.67265084	48.47642098	47.98181	1	0	0	0	0
2024-09-03 22:40:30	59.45981704	48.52179488	47.98181	1	0	0	0	0
2024-09-03 22:40:40	59.340716	48.51921537	47.98181	1	0	0	0	0
2024-09-03 22:40:50	59.596546	48.324822219999994	47.98181	1	0	0	0	0
2024-09-03 22:41:00	59.91826	48.1203144	47.98181	1	0	0	0	0
2024-09-03 22:41:10	60.50351	47.875347899999994	47.98181	1	0	0	0	0
2024-09-03 22:41:20	61.048978000000005	47.6394928	47.98181	1	0	0	0	0
2024-09-03 22:41:30	61.435318	47.4400833	47.98181	1	0	0	0	0
2024-09-03 22:41:40	61.73468565	47.29761113	47.98181	1	0	0	0	0
2024-09-03 22:41:50	61.6861639	47.38288828	47.98181	1	0	0	0	0
2024-09-03 22:42:00	61.583919529999996	47.49478455	47.98181	1	0	0	0	0
2024-09-03 22:42:10	61.26678468	47.7131573	47.98181	1	0	0	0	0
2024-09-03 22:42:20	60.90861131	47.929938480000004	47.98181	1	0	0	0	0
2024-09-03 22:42:30	60.38628386	48.14035338	47.98181	1	0	0	0	0
2024-09-03 22:42:40	59.92197771	48.32957916	47.98181	1	0	0	0	0
2024-09-03 22:42:50	59.68975676	48.43404846	47.98181	1	0	0	0	0
2024-09-03 22:43:00	59.528223	48.49787025	47.98181	1	0	0	0	0
2024-09-03 22:43:10	59.649437999999996	48.399102	47.98181	1	0	0	0	0
2024-09-03 22:43:20	59.80153	48.283394969999996	47.98181	1	0	0	0	0
2024-09-03 22:43:30	60.07713	48.09993282	47.98181	1	0	0	0	0
2024-09-03 22:43:40	60.39828876	47.912031129999995	47.98181	1	0	0	0	0
2024-09-03 22:43:50	60.90168256	47.70637128	47.98181	1	0	0	0	0
2024-09-03 22:44:00	61.34316637	47.52782172	47.98181	1	0	0	0	0
2024-09-03 22:44:10	61.53701022	47.457713319999996	47.98181	1	0	0	0	0
2024-09-03 22:44:20	61.64751056	47.42858621	47.98181	1	0	0	0	0
2024-09-03 22:44:30	61.42463686	47.56338426	47.98181	1	0	0	0	0
2024-09-03 22:44:40	61.18872491	47.70831543	47.98181	1	0	0	0	0
2024-09-03 22:44:50	60.90065996	47.89377908	47.98181	1	0	0	0	0
2024-09-03 22:45:00	60.567013200000005	48.08453076	47.98181	1	0	0	0	0
2024-09-03 22:45:10	60.051039200000005	48.29643456	47.98181	1	0	0	0	0
2024-09-03 22:45:20	59.58934947	48.486883840000004	47.98181	1	0	0	0	0
2024-09-03 22:45:30	59.34479682	48.591515040000004	47.98181	1	0	0	0	0
2024-09-03 22:45:40	59.19000552999999	48.647393740000005	47.98181	1	0	0	0	0
2024-09-03 22:45:50	59.39425968	48.50826244	47.98181	1	0	0	0	0
2024-09-03 22:46:00	59.6410683	48.34226166	47.98181	1	0	0	0	0
2024-09-03 22:46:10	60.0580948	48.06878296	47.98181	1	0	0	0	0
2024-09-03 22:46:20	60.513604730000004	47.8021727	47.98181	1	0	0	0	0
2024-09-03 22:46:30	61.12304838	47.5630362	47.98181	1	0	0	0	0
2024-09-03 22:46:40	61.64699597	47.3636253	47.98181	1	0	0	0	0
2024-09-03 22:46:50	61.82895932	47.3231168	47.98181	1	0	0	0	0
2024-09-03 22:47:00	61.9005412	47.332155199999995	47.98181	1	0	0	0	0
2024-09-03 22:47:10	61.5305972	47.5393812	47.98181	1	0	0	0	0
2024-09-03 22:47:20	61.1527198	47.7517048	47.98181	1	0	0	0	0
2024-09-03 22:47:30	60.7431088	47.9844188	47.98181	1	0	0	0	0
2024-09-03 22:47:40	60.31375265	48.208973	47.98181	1	0	0	0	0
2024-09-03 22:47:50	59.8054159	48.400888	47.98181	1	0	0	0	0
2024-09-03 22:48:00	59.37104885	48.56222263	47.98181	1	0	0	0	0
2024-09-03 22:48:10	59.2325606	48.601235779999996	47.98181	1	0	0	0	0
2024-09-03 22:48:20	59.195806999999995	48.59269792	47.98181	1	0	0	0	0
2024-09-03 22:48:30	59.565991999999994	48.39395602	47.98181	1	0	0	0	0
2024-09-03 22:48:40	59.941891	48.18434795	47.98181	1	0	0	0	0
2024-09-03 22:48:50	60.340646	47.9312752	47.98181	1	0	0	0	0
2024-09-03 22:49:00	60.777168509999996	47.6850873	47.98181	1	0	0	0	0
2024-09-03 22:49:10	61.36476106	47.4664388	47.98181	1	0	0	0	0
2024-09-03 22:49:20	61.83685159	47.302859489999996	47.98181	1	0	0	0	0
2024-09-03 22:49:30	61.84693404	47.35955694	47.98181	1	0	0	0	0
2024-09-03 22:49:40	61.75124057	47.45433621	47.98181	1	0	0	0	0
2024-09-03 22:49:50	61.23244342	47.70144276	47.98181	1	0	0	0	0
2024-09-03 22:50:00	60.7348938	47.9492572	47.98181	1	0	0	0	0
2024-09-03 22:50:10	60.3223343	48.199903199999994	47.98181	1	0	0	0	0
2024-09-03 22:50:20	59.90118703	48.43112538	47.98181	1	0	0	0	0
2024-09-03 22:50:30	59.44568868	48.58465228	47.98181	1	0	0	0	0
2024-09-03 22:50:40	59.086630310000004	48.68997769	47.98181	1	0	0	0	0
2024-09-03 22:50:50	59.11333186	48.60249714	47.98181	1	0	0	0	0
2024-09-03 22:51:00	59.24699016	48.48193706	47.98181	1	0	0	0	0
2024-09-03 22:51:10	59.808475460000004	48.22905886	47.98181	1	0	0	0	0
2024-09-03 22:51:20	60.337575130000005	47.97712632	47.98181	1	0	0	0	0
2024-09-03 22:51:30	60.737132280000004	47.72897642	47.98181	1	0	0	0	0
2024-09-03 22:51:40	61.140447200000004	47.50617214	47.98181	1	0	0	0	0
2024-09-03 22:51:50	61.558793200000004	47.38475034	47.98181	1	0	0	0	0
2024-09-03 22:52:00	61.855324	47.3201229	47.98181	1	0	0	0	0
2024-09-03 22:52:10	61.664594	47.4826729	47.98181	1	0	0	0	0
2024-09-03 22:52:20	61.403970769999994	47.66034817	47.98181	1	0	0	0	0
2024-09-03 22:52:30	60.863774619999994	47.898524519999995	47.98181	1	0	0	0	0
2024-09-03 22:52:40	60.34743573	48.13720746	47.98181	1	0	0	0	0
2024-09-03 22:52:50	59.92652588	48.37791676	47.98181	1	0	0	0	0
2024-09-03 22:53:00	59.53823855	48.58105434	47.98181	1	0	0	0	0
2024-09-03 22:53:10	59.2804413	48.63390504	47.98181	1	0	0	0	0
2024-09-03 22:53:20	59.11807015	48.63838104	47.98181	1	0	0	0	0
2024-09-03 22:53:30	59.3374034	48.449358239999995	47.98181	1	0	0	0	0
2024-09-03 22:53:40	59.64024931	48.24465428	47.98181	1	0	0	0	0
2024-09-03 22:53:50	60.27714586	47.97722568	47.98181	1	0	0	0	0
2024-09-03 22:54:00	60.85926747	47.72329333	47.98181	1	0	0	0	0
2024-09-03 22:54:10	61.222289319999994	47.52334598	47.98181	1	0	0	0	0
2024-09-03 22:54:20	61.52003178	47.37512729	47.98181	1	0	0	0	0
2024-09-03 22:54:30	61.55665668	47.43382324	47.98181	1	0	0	0	0
2024-09-03 22:54:40	61.51984026	47.5225324	47.98181	1	0	0	0	0
2024-09-03 22:54:50	61.189258560000006	47.7312944	47.98181	1	0	0	0	0
2024-09-03 22:55:00	60.827125130000006	47.9384196	47.98181	1	0	0	0	0
2024-09-03 22:55:10	60.338784780000005	48.1389976	47.98181	1	0	0	0	0
2024-09-03 22:55:20	59.90094148	48.321110000000004	47.98181	1	0	0	0	0
2024-09-03 22:55:30	59.66508638	48.42936	47.98181	1	0	0	0	0
2024-09-03 22:55:40	59.485522859999996	48.50457244	47.98181	1	0	0	0	0
2024-09-03 22:55:50	59.53112566	48.44763464	47.98181	1	0	0	0	0
2024-09-03 22:56:00	59.62109411	48.36430516	47.98181	1	0	0	0	0
2024-09-03 22:56:10	59.88852516	48.17540896	47.98181	1	0	0	0	0
2024-09-03 22:56:20	60.20276225	47.98174859	47.98181	1	0	0	0	0
2024-09-03 22:56:30	60.7042235	47.76903154	47.98181	1	0	0	0	0
2024-09-03 22:56:40	61.16043125	47.57790758	47.98181	1	0	0	0	0
2024-09-03 22:56:50	61.435625	47.47315598	47.98181	1	0	0	0	0
2024-09-03 22:57:00	61.610784	47.41612423	47.98181	1	0	0	0	0
2024-09-03 22:57:10	61.385804	47.54997188	47.98181	1	0	0	0	0
2024-09-03 22:57:20	61.145402260000004	47.694434	47.98181	1	0	0	0	0
2024-09-03 22:57:30	60.84331356	47.881354	47.98181	1	0	0	0	0
2024-09-03 22:57:40	60.50275764	48.074	47.98181	1	0	0	0	0
2024-09-03 22:57:50	60.00833284	48.28955	47.98181	1	0	0	0	0
2024-09-03 22:58:00	59.572669250000004	48.476020489999996	47.98181	1	0	0	0	0
2024-09-03 22:58:10	59.3720505	48.54617294	47.98181	1	0	0	0	0
2024-09-03 22:58:20	59.26737295	48.56993521	47.98181	1	0	0	0	0
2024-09-03 22:58:30	59.546460200000006	48.40813676	47.98181	1	0	0	0	0
2024-09-03 22:58:40	59.850619470000005	48.228341199999996	47.98181	1	0	0	0	0
2024-09-03 22:58:50	60.25506682	47.976557199999995	47.98181	1	0	0	0	0
2024-09-03 22:59:00	60.69801723	47.727531	47.98181	1	0	0	0	0
2024-09-03 22:59:10	61.29497988	47.489536	47.98181	1	0	0	0	0
2024-09-03 22:59:20	61.788735630000005	47.30422852	47.98181	1	0	0	0	0
2024-09-03 22:59:30	61.86966378	47.32967112	47.98181	1	0	0	0	0
2024-09-03 22:59:40	61.85237696	47.38940813	47.98181	1	0	0	0	0
2024-09-03 22:59:50	61.44223026	47.586322779999996	47.98181	1	0	0	0	0
2024-09-03 23:00:00	61.03654599	47.79021605	47.98181	1	0	0	0	0
2024-09-03 23:00:10	60.64871144	48.0220238	47.98181	1	0	0	0	0
2024-09-03 23:00:20	60.226667849751244	48.25203059701493	47.98181	1	0	0	0	0
2024-09-03 23:00:30	59.66778809850746	48.47483358208955	47.98181	1	0	0	0	0
2024-09-03 23:00:40	59.192915577889444	48.656137326633164	47.98181	1	0	0	0	0
2024-09-03 23:00:50	59.076179145728645	48.66052325628141	47.98181	1	0	0	0	0
2024-09-03 23:01:00	59.077326	48.6156978	47.98181	1	0	0	0	0
2024-09-03 23:01:10	59.550006	48.374026799999996	47.98181	1	0	0	0	0
2024-09-03 23:01:20	60.01486877	48.12660454	47.98181	1	0	0	0	0
2024-09-03 23:01:30	60.44846262	47.85617724	47.98181	1	0	0	0	0
2024-09-03 23:01:40	60.89791529	47.606756250000004	47.98181	1	0	0	0	0
2024-09-03 23:01:50	61.41080324	47.4413605	47.98181	1	0	0	0	0
2024-09-03 23:02:00	61.806066529999995	47.32723505	47.98181	1	0	0	0	0
2024-09-03 23:02:10	61.730831179999996	47.4181908	47.98181	1	0	0	0	0
2024-09-03 23:02:20	61.570070609999995	47.537604179999995	47.98181	1	0	0	0	0
2024-09-03 23:02:30	61.06720916	47.77084808	47.98181	1	0	0	0	0
2024-09-03 23:02:40	60.58970226	48.00104634	47.98181	1	0	0	0	0
2024-09-03 23:02:50	60.21361356	48.21906204	47.98181	1	0	0	0	0
2024-09-03 23:03:00	59.84959067	48.411395139999996	47.98181	1	0	0	0	0
2024-09-03 23:03:10	59.53383102	48.50099784	47.98181	1	0	0	0	0
2024-09-03 23:03:20	59.30737343	48.546836	47.98181	1	0	0	0	0
2024-09-03 23:03:30	59.43812408	48.417615999999995	47.98181	1	0	0	0	0
2024-09-03 23:03:40	59.65588714	48.26665961	47.98181	1	0	0	0	0
2024-09-03 23:03:50	60.22169984	48.028757660000004	47.98181	1	0	0	0	0
2024-09-03 23:04:00	60.730598549999996	47.80190049	47.98181	1	0	0	0	0
2024-09-03 23:04:10	61.0118413	47.61922244	47.98181	1	0	0	0	0
2024-09-03 23:04:20	61.27880518	47.4684638	47.98181	1	0	0	0	0
2024-09-03 23:04:30	61.48865358	47.445382800000004	47.98181	1	0	0	0	0
2024-09-03 23:04:40	61.60493737	47.4610202	47.98181	1	0	0	0	0
2024-09-03 23:04:50	61.34696272	47.631531200000005	47.98181	1	0	0	0	0
2024-09-03 23:05:00	61.0416103	47.812186000000004	47.98181	1	0	0	0	0
2024-09-03 23:05:10	60.5467468	48.033416	47.98181	1	0	0	0	0
2024-09-03 23:05:20	60.099140909999996	48.23546825	47.98181	1	0	0	0	0
2024-09-03 23:05:30	59.84056546	48.3608095	47.98181	1	0	0	0	0
2024-09-03 23:05:40	59.63193459	48.451931040000005	47.98181	1	0	0	0	0
2024-09-03 23:05:50	59.62308204	48.40617374	47.98181	1	0	0	0	0
2024-09-03 23:06:00	59.67370962	48.33237311	47.98181	1	0	0	0	0
2024-09-03 23:06:10	59.96225772	48.14639916	47.98181	1	0	0	0	0
2024-09-03 23:06:20	60.29959558	47.95223575	47.98181	1	0	0	0	0
2024-09-03 23:06:30	60.83209248	47.725314499999996	47.98181	1	0	0	0	0
2024-09-03 23:06:40	61.308545	47.524000199999996	47.98181	1	0	0	0	0
2024-09-03 23:06:50	61.56082	47.4251137	47.98181	1	0	0	0	0
2024-09-03 23:07:00	61.709423259999994	47.3785267	47.98181	1	0	0	0	0
2024-09-03 23:07:10	61.44333956	47.5411377	47.98181	1	0	0	0	0
2024-09-03 23:07:20	61.1624039	47.717782850000006	47.98181	1	0	0	0	0
2024-09-03 23:07:30	60.8220604	47.9505646	47.98181	1	0	0	0	0
2024-09-03 23:07:40	60.43707404	48.17851147	47.98181	1	0	0	0	0
2024-09-03 23:07:50	59.87351624	48.38711882	47.98181	1	0	0	0	0
2024-09-03 23:08:00	59.403899249999995	48.556123	47.98181	1	0	0	0	0
2024-09-03 23:08:10	59.3100455	48.5667145	47.98181	1	0	0	0	0
2024-09-03 23:08:20	59.304896580000005	48.53616067	47.98181	1	0	0	0	0
2024-09-03 23:08:30	59.654566980000006	48.34102552	47.98181	1	0	0	0	0
2024-09-03 23:08:40	60.01716348	48.13555789	47.98181	1	0	0	0	0
2024-09-03 23:08:50	60.43146438	47.888760340000005	47.98181	1	0	0	0	0
2024-09-03 23:09:00	60.85635059	47.65783107	47.98181	1	0	0	0	0
2024-09-03 23:09:10	61.32357804	47.49037492	47.98181	1	0	0	0	0
2024-09-03 23:09:20	61.69736	47.35641	47.98181	1	0	0	0	0
2024-09-03 23:09:30	61.69736	47.35641	47.98181	1	0	0	0	0
2024-09-03 23:09:40	61.49984321	47.566334000000005	47.98181	1	0	0	0	0
2024-09-03 23:09:50	61.06622476	47.762654000000005	47.98181	1	0	0	0	0
2024-09-03 23:10:00	60.663412629999996	47.95721364	47.98181	1	0	0	0	0
2024-09-03 23:10:10	60.383825779999995	48.14473184	47.98181	1	0	0	0	0
2024-09-03 23:10:20	60.08444333	48.31862412	47.98181	1	0	0	0	0
2024-09-03 23:10:30	59.705878479999996	48.43801272	47.98181	1	0	0	0	0
2024-09-03 23:10:40	59.41897994	48.51686672	47.98181	1	0	0	0	0
2024-09-03 23:10:50	59.49874664	48.43358232	47.98181	1	0	0	0	0
2024-09-03 23:11:00	59.640572	48.329659320000005	47.98181	1	0	0	0	0
2024-09-03 23:11:10	60.030632	48.14318192	47.98181	1	0	0	0	0
2024-09-03 23:11:20	60.42080061	47.949611	47.98181	1	0	0	0	0
2024-09-03 23:11:30	60.81140366	47.727666	47.98181	1	0	0	0	0
2024-09-03 23:11:40	61.18901649	47.53118756	47.98181	1	0	0	0	0
2024-09-03 23:11:50	61.51466844	47.43657536	47.98181	1	0	0	0	0
2024-09-03 23:12:00	61.733578	47.393951400000006	47.98181	1	0	0	0	0
2024-09-03 23:12:10	61.525518000000005	47.559280400000006	47.98181	1	0	0	0	0
2024-09-03 23:12:20	61.262403000000006	47.732977240000004	47.98181	1	0	0	0	0
2024-09-03 23:12:30	60.779068	47.94014544	47.98181	1	0	0	0	0
2024-09-03 23:12:40	60.329814	48.142036	47.98181	1	0	0	0	0
2024-09-03 23:12:50	60.016884	48.322816	47.98181	1	0	0	0	0
2024-09-03 23:13:00	59.71517019	48.48065923	47.98181	1	0	0	0	0
2024-09-03 23:13:10	59.45832114	48.54675538	47.98181	1	0	0	0	0
2024-09-03 23:13:20	59.28921352	48.56830207	47.98181	1	0	0	0	0
2024-09-03 23:13:30	59.47107162	48.41165092	47.98181	1	0	0	0	0
2024-09-03 23:13:40	59.723768639999996	48.23746728	47.98181	1	0	0	0	0
2024-09-03 23:13:50	60.259821339999995	47.99315368	47.98181	1	0	0	0	0
2024-09-03 23:14:00	60.76722115	47.75443852	47.98181	1	0	0	0	0
2024-09-03 23:14:10	61.1600094	47.53811712	47.98181	1	0	0	0	0
2024-09-03 23:14:20	61.49876958	47.36971	47.98181	1	0	0	0	0
2024-09-03 23:14:30	61.621417480000005	47.39296	47.98181	1	0	0	0	0
2024-09-03 23:14:40	61.664681220000006	47.44494471	47.98181	1	0	0	0	0
2024-09-03 23:14:50	61.390408320000006	47.61186826	47.98181	1	0	0	0	0
2024-09-03 23:15:00	61.08113	47.78449897	47.98181	1	0	0	0	0
2024-09-03 23:15:10	60.63183	47.97995832	47.98181	1	0	0	0	0
2024-09-03 23:15:20	60.21839853	48.16840588	47.98181	1	0	0	0	0
2024-09-03 23:15:30	59.948441179999996	48.32880628	47.98181	1	0	0	0	0
2024-09-03 23:15:40	59.69704677	48.462071210000005	47.98181	1	0	0	0	0
2024-09-03 23:15:50	59.51990412	48.48679426	47.98181	1	0	0	0	0
2024-09-03 23:16:00	59.418432679999995	48.47648143	47.98181	1	0	0	0	0
2024-09-03 23:16:10	59.619646079999995	48.32602508	47.98181	1	0	0	0	0
2024-09-03 23:16:20	59.8856007	48.161404000000005	47.98181	1	0	0	0	0
2024-09-03 23:16:30	60.4105202	47.940124000000004	47.98181	1	0	0	0	0
2024-09-03 23:16:40	60.89563753	47.726522360000004	47.98181	1	0	0	0	0
2024-09-03 23:16:50	61.221546180000004	47.54363416	47.98181	1	0	0	0	0
2024-09-03 23:17:00	61.49382706	47.40464477	47.98181	1	0	0	0	0
2024-09-03 23:17:10	61.55159686	47.44125062	47.98181	1	0	0	0	0
2024-09-03 23:17:20	61.53988881	47.5091984	47.98181	1	0	0	0	0
2024-09-03 23:17:30	61.25026936	47.7025139	47.98181	1	0	0	0	0
2024-09-03 23:17:40	60.91855777	47.90028497	47.98181	1	0	0	0	0
2024-09-03 23:17:50	60.41847762	48.11587832	47.98181	1	0	0	0	0
2024-09-03 23:18:00	59.96019741	48.3170807	47.98181	1	0	0	0	0
2024-09-03 23:18:10	59.669116960000004	48.4607192	47.98181	1	0	0	0	0
2024-09-03 23:18:20	59.434944540000004	48.56543447999999	47.98181	1	0	0	0	0
2024-09-03 23:18:30	59.42840424	48.51445688	47.98181	1	0	0	0	0
2024-09-03 23:18:40	59.4898708	48.42893632	47.98181	1	0	0	0	0
2024-09-03 23:18:50	59.8233648	48.20524392	47.98181	1	0	0	0	0
2024-09-03 23:19:00	60.205731	47.978361	47.98181	1	0	0	0	0
2024-09-03 23:19:10	60.783586	47.738716	47.98181	1	0	0	0	0
2024-09-03 23:19:20	61.30137677	47.52457348	47.98181	1	0	0	0	0
2024-09-03 23:19:30	61.578910619999995	47.41244088	47.98181	1	0	0	0	0
2024-09-03 23:19:40	61.7542767	47.35312993	47.98181	1	0	0	0	0
2024-09-03 23:19:50	61.520971700000004	47.50510558	47.98181	1	0	0	0	0
2024-09-03 23:20:00	61.267909620000005	47.66868149	47.98181	1	0	0	0	0
2024-09-03 23:20:10	60.93581922	47.878658439999995	47.98181	1	0	0	0	0
2024-09-03 23:20:20	60.56467021	48.089020999999995	47.98181	1	0	0	0	0
2024-09-03 23:20:30	60.03728676	48.300926	47.98181	1	0	0	0	0
2024-09-03 23:20:40	59.571200000000005	48.489383	47.98181	1	0	0	0	0
2024-09-03 23:20:50	59.350300000000004	48.584047999999996	47.98181	1	0	0	0	0
2024-09-03 23:21:00	59.20584167	48.635791999999995	47.98181	1	0	0	0	0
2024-09-03 23:21:10	59.36715002	48.515851999999995	47.98181	1	0	0	0	0
2024-09-03 23:21:20	59.577289539999995	48.36651321	47.98181	1	0	0	0	0
2024-09-03 23:21:30	59.98275374	48.09957926	47.98181	1	0	0	0	0
2024-09-03 23:21:40	60.4342598	47.834059520000004	47.98181	1	0	0	0	0
2024-09-03 23:21:50	61.0699333	47.57419662	47.98181	1	0	0	0	0
2024-09-03 23:22:00	61.61296536	47.35924186	47.98181	1	0	0	0	0
2024-09-03 23:22:10	61.78543166	47.32391966	47.98181	1	0	0	0	0
2024-09-03 23:22:20	61.86500523	47.327811409999995	47.98181	1	0	0	0	0
2024-09-03 23:22:30	61.57300788	47.48855896	47.98181	1	0	0	0	0
2024-09-03 23:22:40	61.270797	47.65828859	47.98181	1	0	0	0	0
2024-09-03 23:22:50	60.927732	47.86394654	47.98181	1	0	0	0	0
2024-09-03 23:23:00	60.55683551	48.069805609999996	47.98181	1	0	0	0	0
2024-09-03 23:23:10	60.07461306	48.27646916	47.98181	1	0	0	0	0
2024-09-03 23:23:20	59.651958809999996	48.45411338	47.98181	1	0	0	0	0
2024-09-03 23:23:30	59.46757736	48.51568028	47.98181	1	0	0	0	0
2024-09-03 23:23:40	59.36728098	48.537437839999996	47.98181	1	0	0	0	0
2024-09-03 23:23:50	59.60332488	48.39995804	47.98181	1	0	0	0	0
2024-09-03 23:24:00	59.858518000000004	48.24451827	47.98181	1	0	0	0	0
2024-09-03 23:24:10	60.190308	48.01723862	47.98181	1	0	0	0	0
2024-09-03 23:24:20	60.56395247	47.795788970000004	47.98181	1	0	0	0	0
2024-09-03 23:24:30	61.10501482	47.59765932	47.98181	1	0	0	0	0
2024-09-03 23:24:40	61.55670968	47.43674852	47.98181	1	0	0	0	0
2024-09-03 23:24:50	61.65093458	47.42471312	47.98181	1	0	0	0	0
2024-09-03 23:25:00	61.65607505	47.4501331	47.98181	1	0	0	0	0
2024-09-03 23:25:10	61.3048778	47.6253746	47.98181	1	0	0	0	0
2024-09-03 23:25:20	60.9606748	47.80644402	47.98181	1	0	0	0	0
2024-09-03 23:25:30	60.6444488	48.01082512	47.98181	1	0	0	0	0
2024-09-03 23:25:40	60.30381389	48.20789531	47.98181	1	0	0	0	0
2024-09-03 23:25:50	59.86554334	48.37572186	47.98181	1	0	0	0	0
2024-09-03 23:26:00	59.49597472	48.51296924	47.98181	1	0	0	0	0
2024-09-03 23:26:10	59.401213819999995	48.52789994	47.98181	1	0	0	0	0
2024-09-03 23:26:20	59.396241589999995	48.50280205	47.98181	1	0	0	0	0
2024-09-03 23:26:30	59.75042404	48.3175898	47.98181	1	0	0	0	0
2024-09-03 23:26:40	60.09982049	48.12671735	47.98181	1	0	0	0	0
2024-09-03 23:26:50	60.43007294	47.9132041	47.98181	1	0	0	0	0
2024-09-03 23:27:00	60.79754141	47.70278893	47.98181	1	0	0	0	0
2024-09-03 23:27:10	61.31387396	47.504766079999996	47.98181	1	0	0	0	0
2024-09-03 23:27:20	61.728469329999996	47.35824279	47.98181	1	0	0	0	0
2024-09-03 23:27:30	61.73611598	47.41771774	47.98181	1	0	0	0	0
2024-09-03 23:27:40	61.64941828	47.50838493	47.98181	1	0	0	0	0
2024-09-03 23:27:50	61.18534318	47.72382108	47.98181	1	0	0	0	0
2024-09-03 23:28:00	60.74302579	47.93804867	47.98181	1	0	0	0	0
2024-09-03 23:28:10	60.38773924	48.14744202	47.98181	1	0	0	0	0
2024-09-03 23:28:20	60.02530431	48.343800030000004	47.98181	1	0	0	0	0
2024-09-03 23:28:30	59.63427586	48.48801668	47.98181	1	0	0	0	0
2024-09-03 23:28:40	59.32657013	48.587294	47.98181	1	0	0	0	0
2024-09-03 23:28:50	59.35215528	48.506814	47.98181	1	0	0	0	0
2024-09-03 23:29:00	59.47102238	48.397060520000004	47.98181	1	0	0	0	0
2024-09-03 23:29:10	59.96301728	48.17021312	47.98181	1	0	0	0	0
2024-09-03 23:29:20	60.43570888	47.93928268	47.98181	1	0	0	0	0
2024-09-03 23:29:30	60.83118728	47.69202008	47.98181	1	0	0	0	0
2024-09-03 23:29:40	61.22456372	47.47574374	47.98181	1	0	0	0	0
2024-09-03 23:29:50	61.60953232	47.38341244	47.98181	1	0	0	0	0
2024-09-03 23:30:00	61.87218516	47.34341314	47.98181	1	0	0	0	0
2024-09-03 23:30:10	61.645574960000005	47.512741840000004	47.98181	1	0	0	0	0
2024-09-03 23:30:20	61.3486927	47.698399730000006	47.98181	1	0	0	0	0
2024-09-03 23:30:30	60.7707222	47.94937438	47.98181	1	0	0	0	0
2024-09-03 23:30:40	60.24314122	48.18540114	47.98181	1	0	0	0	0
2024-09-03 23:30:50	59.91711832	48.361636340000004	47.98181	1	0	0	0	0
2024-09-03 23:31:00	59.61138075	48.51346969	47.98181	1	0	0	0	0
2024-09-03 23:31:10	59.3867845	48.567695640000004	47.98181	1	0	0	0	0
2024-09-03 23:31:20	59.25596233	48.573378760000004	47.98181	1	0	0	0	0
2024-09-03 23:31:30	59.50023648	48.38489056	47.98181	1	0	0	0	0
2024-09-03 23:31:40	59.810717749999995	48.183933329999995	47.98181	1	0	0	0	0
2024-09-03 23:31:50	60.3860275	47.933099979999994	47.98181	1	0	0	0	0
2024-09-03 23:32:00	60.918681310000004	47.69224737	47.98181	1	0	0	0	0
2024-09-03 23:32:10	61.28071136	47.49131772	47.98181	1	0	0	0	0
2024-09-03 23:32:20	61.57972642	47.34093091	47.98181	1	0	0	0	0
2024-09-03 23:32:30	61.62668152	47.39271546	47.98181	1	0	0	0	0
2024-09-03 23:32:40	61.60460052	47.47348579	47.98181	1	0	0	0	0
2024-09-03 23:32:50	61.30637512	47.67019924	47.98181	1	0	0	0	0
2024-09-03 23:33:00	60.96275368	47.87347358	47.98181	1	0	0	0	0
2024-09-03 23:33:10	60.43754808	48.10299148	47.98181	1	0	0	0	0
2024-09-03 23:33:20	59.95212557	48.320291489999995	47.98181	1	0	0	0	0
2024-09-03 23:33:30	59.62583542	48.488719939999996	47.98181	1	0	0	0	0
2024-09-03 23:33:40	59.36371697	48.61308443	47.98181	1	0	0	0	0
2024-09-03 23:33:50	59.35828532	48.56119308	47.98181	1	0	0	0	0
2024-09-03 23:34:00	59.41994142	48.47442854	47.98181	1	0	0	0	0
2024-09-03 23:34:10	59.749948520000004	48.24817124	47.98181	1	0	0	0	0
2024-09-03 23:34:20	60.13800578	48.01463053	47.98181	1	0	0	0	0
2024-09-03 23:34:30	60.75826368	47.75195618	47.98181	1	0	0	0	0
2024-09-03 23:34:40	61.32377054	47.51506843	47.98181	1	0	0	0	0
2024-09-03 23:34:50	61.67027324	47.38132708	47.98181	1	0	0	0	0
2024-09-03 23:35:00	61.90065648	47.30222821	47.98181	1	0	0	0	0
2024-09-03 23:35:10	61.666561879999996	47.44169926	47.98181	1	0	0	0	0
2024-09-03 23:35:20	61.40273018	47.600593489999994	47.98181	1	0	0	0	0
2024-09-03 23:35:30	61.01995008	47.83718044	47.98181	1	0	0	0	0
2024-09-03 23:35:40	60.59586597	48.073949199999994	47.98181	1	0	0	0	0
2024-09-03 23:35:50	60.00656582	48.311445199999994	47.98181	1	0	0	0	0
2024-09-03 23:36:00	59.49015913	48.523082009999996	47.98181	1	0	0	0	0
2024-09-03 23:36:10	59.26532628	48.63128206	47.98181	1	0	0	0	0
2024-09-03 23:36:20	59.129269	48.68596039	47.98181	1	0	0	0	0
2024-09-03 23:36:30	59.348314	48.52655184	47.98181	1	0	0	0	0
2024-09-03 23:36:40	59.613095630000004	48.34371608	47.98181	1	0	0	0	0
2024-09-03 23:36:50	60.06082378	48.06717148	47.98181	1	0	0	0	0
2024-09-03 23:37:00	60.53588291	47.79981573	47.98181	1	0	0	0	0
2024-09-03 23:37:10	61.12026596	47.56921538	47.98181	1	0	0	0	0
2024-09-03 23:37:20	61.61133016	47.38831024	47.98181	1	0	0	0	0
2024-09-03 23:37:30	61.72911896	47.40618594	47.98181	1	0	0	0	0
2024-09-03 23:37:40	61.738371	47.46104185	47.98181	1	0	0	0	0
2024-09-03 23:37:50	61.313476	47.6638186	47.98181	1	0	0	0	0
2024-09-03 23:38:00	60.900743999999996	47.869092	47.98181	1	0	0	0	0
2024-09-03 23:38:10	60.536663999999995	48.084352	47.98181	1	0	0	0	0
2024-09-03 23:38:20	60.15472955	48.28957862	47.98181	1	0	0	0	0
2024-09-03 23:38:30	59.7013773	48.45467172	47.98181	1	0	0	0	0
2024-09-03 23:38:40	59.34137495	48.574002820000004	47.98181	1	0	0	0	0
2024-09-03 23:38:50	59.3547722	48.51028592	47.98181	1	0	0	0	0
2024-09-03 23:39:00	59.458758	48.41517016	47.98181	1	0	0	0	0
2024-09-03 23:39:10	59.925098	48.19445896	47.98181	1	0	0	0	0
2024-09-03 23:39:20	60.29817	48.01789	47.98181	1	0	0	0	0
2024-09-03 23:39:30	60.29817	48.01789	47.98181	1	0	0	0	0
2024-09-03 23:39:40	61.16252	47.51412502	47.98181	1	0	0	0	0
2024-09-03 23:39:50	61.54037	47.410018120000004	47.98181	1	0	0	0	0
2024-09-03 23:40:00	61.811004	47.35354034	47.98181	1	0	0	0	0
2024-09-03 23:40:10	61.652774	47.48757904	47.98181	1	0	0	0	0
2024-09-03 23:40:20	61.42902678	47.638515420000004	47.98181	1	0	0	0	0
2024-09-03 23:40:30	60.94321068	47.85704252	47.98181	1	0	0	0	0
2024-09-03 23:40:40	60.48125702	48.07188778	47.98181	1	0	0	0	0
2024-09-03 23:40:50	60.11475312	48.27200568	47.98181	1	0	0	0	0
2024-09-03 23:41:00	59.75935159	48.451040569999996	47.98181	1	0	0	0	0
2024-09-03 23:41:10	59.448359540000006	48.54574342	47.98181	1	0	0	0	0
2024-09-03 23:41:20	59.234088310000004	48.5900169	47.98181	1	0	0	0	0
2024-09-03 23:41:30	59.40670036	48.4325729	47.98181	1	0	0	0	0
2024-09-03 23:41:40	59.65950541	48.257639659999995	47.98181	1	0	0	0	0
2024-09-03 23:41:50	60.23308246	48.01274946	47.98181	1	0	0	0	0
2024-09-03 23:42:00	60.76489027	47.7740158	47.98181	1	0	0	0	0
2024-09-03 23:42:10	61.12962112	47.559908300000004	47.98181	1	0	0	0	0
2024-09-03 23:42:20	61.44507222	47.39222986	47.98181	1	0	0	0	0
2024-09-03 23:42:30	61.563404320000004	47.41026766	47.98181	1	0	0	0	0
2024-09-03 23:42:40	61.59991643	47.46462862	47.98181	1	0	0	0	0
2024-09-03 23:42:50	61.30914858	47.66428222	47.98181	1	0	0	0	0
2024-09-03 23:43:00	60.977082089999996	47.86662659	47.98181	1	0	0	0	0
2024-09-03 23:43:10	60.47982104	48.07973404	47.98181	1	0	0	0	0
2024-09-03 23:43:20	60.02534449	48.280462	47.98181	1	0	0	0	0
2024-09-03 23:43:30	59.74200594	48.431672	47.98181	1	0	0	0	0
2024-09-03 23:43:40	59.50830919	48.54559759	47.98181	1	0	0	0	0
2024-09-03 23:43:50	59.47317964	48.51038554	47.98181	1	0	0	0	0
2024-09-03 23:44:00	59.5051824	48.43967478	47.98181	1	0	0	0	0
2024-09-03 23:44:10	59.8057144	48.22696918	47.98181	1	0	0	0	0
2024-09-03 23:44:20	60.15559766	48.01158299	47.98181	1	0	0	0	0
2024-09-03 23:44:30	60.702885959999996	47.78547444	47.98181	1	0	0	0	0
2024-09-03 23:44:40	61.20164594	47.57751984	47.98181	1	0	0	0	0
2024-09-03 23:44:50	61.50629264	47.44218104	47.98181	1	0	0	0	0
2024-09-03 23:45:00	61.719981000000004	47.35627	47.98181	1	0	0	0	0
2024-09-03 23:45:10	61.569836	47.468070000000004	47.98181	1	0	0	0	0
2024-09-03 23:45:20	61.391895	47.59776272	47.98181	1	0	0	0	0
2024-09-03 23:45:30	61.10277	47.79902632	47.98181	1	0	0	0	0
2024-09-03 23:45:40	60.747901410000004	48.00985948	47.98181	1	0	0	0	0
2024-09-03 23:45:50	60.13005846	48.25897088	47.98181	1	0	0	0	0
2024-09-03 23:46:00	59.59283569	48.478336330000005	47.98181	1	0	0	0	0
2024-09-03 23:46:10	59.37809364	48.57871798	47.98181	1	0	0	0	0
2024-09-03 23:46:20	59.237166	48.6353016	47.98181	1	0	0	0	0
2024-09-03 23:46:30	59.391496000000004	48.5166931	47.98181	1	0	0	0	0
2024-09-03 23:46:40	59.595643	48.36995067	47.98181	1	0	0	0	0
2024-09-03 23:46:50	59.999058	48.11067252	47.98181	1	0	0	0	0
2024-09-03 23:47:00	60.44020037	47.85559163	47.98181	1	0	0	0	0
2024-09-03 23:47:10	61.032252220000004	47.61729978	47.98181	1	0	0	0	0
2024-09-03 23:47:20	61.54804333	47.41738267	47.98181	1	0	0	0	0
2024-09-03 23:47:30	61.75879148	47.37096452	47.98181	1	0	0	0	0
2024-09-03 23:47:40	61.860333000000004	47.367678999999995	47.98181	1	0	0	0	0
2024-09-03 23:47:50	61.525048	47.536924	47.98181	1	0	0	0	0
2024-09-03 23:48:00	61.186794	47.7151752	47.98181	1	0	0	0	0
2024-09-03 23:48:10	60.836664	47.9294512	47.98181	1	0	0	0	0
2024-09-03 23:48:20	60.449432	48.14434849	47.98181	1	0	0	0	0
2024-09-03 23:48:30	59.913792	48.36173094	47.98181	1	0	0	0	0
2024-09-03 23:48:40	59.4466252	48.54862442	47.98181	1	0	0	0	0
2024-09-03 23:48:50	59.2533512	48.61356202	47.98181	1	0	0	0	0
2024-09-03 23:49:00	59.1585168	48.63008989	47.98181	1	0	0	0	0
2024-09-03 23:49:10	59.4574408	48.45297884	47.98181	1	0	0	0	0
2024-09-03 23:49:20	59.778915999999995	48.25784655	47.98181	1	0	0	0	0
2024-09-03 23:49:30	60.190596	47.9906293	47.98181	1	0	0	0	0
2024-09-03 23:49:40	60.6453752	47.731235530000006	47.98181	1	0	0	0	0
2024-09-03 23:49:50	61.2725512	47.50313568	47.98181	1	0	0	0	0
2024-09-03 23:50:00	61.7914578	47.319494989999995	47.98181	1	0	0	0	0
2024-09-03 23:50:10	61.8772868	47.31369094	47.98181	1	0	0	0	0
2024-09-03 23:50:20	61.873683	47.34603844	47.98181	1	0	0	0	0
2024-09-03 23:50:30	61.512348	47.53099214	47.98181	1	0	0	0	0
2024-09-03 23:50:40	61.1392405	47.73189089	47.98181	1	0	0	0	0
2024-09-03 23:50:50	60.719043	47.99656984	47.98181	1	0	0	0	0
2024-09-03 23:51:00	60.2736515	48.2515381	47.98181	1	0	0	0	0
2024-09-03 23:51:10	59.727484000000004	48.467663599999995	47.98181	1	0	0	0	0
2024-09-03 23:51:20	59.26604822	48.64043582	47.98181	1	0	0	0	0
2024-09-03 23:51:30	59.14353932	48.63979492	47.98181	1	0	0	0	0
2024-09-03 23:51:40	59.13453198	48.594955979999995	47.98181	1	0	0	0	0
2024-09-03 23:51:50	59.57953088	48.37332488	47.98181	1	0	0	0	0
2024-09-03 23:52:00	60.0198014	48.142413409999996	47.98181	1	0	0	0	0
2024-09-03 23:52:10	60.4411584	47.87438046	47.98181	1	0	0	0	0
2024-09-03 23:52:20	60.89061697	47.62103503	47.98181	1	0	0	0	0
2024-09-03 23:52:30	61.45248182	47.42643968	47.98181	1	0	0	0	0
2024-09-03 23:52:40	61.87548711	47.29661865	47.98181	1	0	0	0	0
2024-09-03 23:52:50	61.74305416	47.4258949	47.98181	1	0	0	0	0
2024-09-03 23:53:00	61.530606420000005	47.57837291	47.98181	1	0	0	0	0
2024-09-03 23:53:10	60.998099520000004	47.82365796	47.98181	1	0	0	0	0
2024-09-03 23:53:20	60.49775127	48.06500777	47.98181	1	0	0	0	0
2024-09-03 23:53:30	60.12603762	48.29061662	47.98181	1	0	0	0	0
2024-09-03 23:53:40	59.77338703	48.48176311	47.98181	1	0	0	0	0
2024-09-03 23:53:50	59.49698868	48.53506016	47.98181	1	0	0	0	0
2024-09-03 23:54:00	59.311956779999996	48.54820702	47.98181	1	0	0	0	0
2024-09-03 23:54:10	59.49239068	48.40075312	47.98181	1	0	0	0	0
2024-09-03 23:54:20	59.75393026	48.230596999999996	47.98181	1	0	0	0	0
2024-09-03 23:54:30	60.33989256	47.969632	47.98181	1	0	0	0	0
2024-09-03 23:54:40	60.88512381	47.71798742	47.98181	1	0	0	0	0
2024-09-03 23:54:50	61.26743086	47.50362452	47.98181	1	0	0	0	0
2024-09-03 23:55:00	61.57749365	47.34652278	47.98181	1	0	0	0	0
2024-09-03 23:55:10	61.5985794	47.41846568	47.98181	1	0	0	0	0
2024-09-03 23:55:20	61.5556472	47.51596721	47.98181	1	0	0	0	0
2024-09-03 23:55:30	61.2566432	47.71570326	47.98181	1	0	0	0	0
2024-09-03 23:55:40	60.916764	47.91535454	47.98181	1	0	0	0	0
2024-09-03 23:55:50	60.413384	48.11466674	47.98181	1	0	0	0	0
2024-09-03 23:56:00	59.964657	48.29767645	47.98181	1	0	0	0	0
2024-09-03 23:56:10	59.734542	48.4154762	47.98181	1	0	0	0	0
2024-09-03 23:56:20	59.553213	48.49845998	47.98181	1	0	0	0	0
2024-09-03 23:56:30	59.567028	48.44217988	47.98181	1	0	0	0	0
2024-09-03 23:56:40	59.63216546	48.36110222	47.98181	1	0	0	0	0
2024-09-03 23:56:50	59.902592760000005	48.18083432	47.98181	1	0	0	0	0
2024-09-03 23:57:00	60.21125714	47.999113	47.98181	1	0	0	0	0
2024-09-03 23:57:10	60.672869840000004	47.811578	47.98181	1	0	0	0	0
2024-09-03 23:57:20	61.101006000000005	47.634859569999996	47.98181	1	0	0	0	0
2024-09-03 23:57:30	61.395236000000004	47.50140742	47.98181	1	0	0	0	0
2024-09-03 23:57:40	61.59814577	47.41833688	47.98181	1	0	0	0	0
2024-09-03 23:57:50	61.435774620000004	47.53679278	47.98181	1	0	0	0	0
2024-09-03 23:58:00	61.24544336	47.66951175	47.98181	1	0	0	0	0
2024-09-03 23:58:10	60.94327166	47.859283	47.98181	1	0	0	0	0
2024-09-03 23:58:20	60.60903628	48.04925163	47.98181	1	0	0	0	0
2024-09-03 23:58:30	60.14654618	48.24000978	47.98181	1	0	0	0	0
2024-09-03 23:58:40	59.72781715	48.41382967	47.98181	1	0	0	0	0
2024-09-03 23:58:50	59.4841324	48.51989652	47.98181	1	0	0	0	0
2024-09-03 23:59:00	59.30416682	48.591023	47.98181	1	0	0	0	0
2024-09-03 23:59:10	59.37907792	48.522388	47.98181	1	0	0	0	0
2024-09-03 23:59:20	59.51427312	48.416696	47.98181	1	0	0	0	0
2024-09-03 23:59:30	59.89060472	48.162776	47.98181	1	0	0	0	0
2024-09-03 23:59:40	60.315171	47.91090729	47.98181	1	0	0	0	0
2024-09-03 23:59:50	60.932676	47.667243739999996	47.98181	1	0	0	0	0
2024-09-04 00:00:00	61.476512	47.45709684	47.98181	1	0	0	0	0
