PROCESSDATA	2111LIC31102B Data	yyyy-MM-dd HH:mm:ss
8	10	2024-11-09 21:55:00	751
tagname	2111LIC31102B.MV	2111LIC31102B.PV	2111LIC31102B.SV	2111LIC31102B.MODE	bOpOFL	bPvOFL	bSpOFL	bAutOFL
desc	C301中段_OP	C301中段_PV	C301中段_SP	Aut	bOpOFL	bPvOFL	bSpOFL	bAutOFL
fsMax=1.7623000249999983	fsMin=0	fsGridNum=10	fdMax=1.7623000249999983tfdMin=0	fdGridNum=10	v0GridNum=10	L=24
2024-11-09 21:55:00	59.830322276000004	48.590249328	47.98181	1	0	0	0	0
2024-11-09 21:55:10	60.081498426	48.445931528	47.98181	1	0	0	0	0
2024-11-09 21:55:20	60.376463956	48.2697928	47.98181	1	0	0	0	0
2024-11-09 21:55:30	60.810095856000004	47.9928878	47.98181	1	0	0	0	0
2024-11-09 21:55:40	61.284962027272734	47.72835878787879	47.98181	1	0	0	0	0
2024-11-09 21:55:50	61.89040339090909	47.503020404040406	47.98181	1	0	0	0	0
2024-11-09 21:56:00	62.34809663267327	47.34344445544554	47.98181	1	0	0	0	0
2024-11-09 21:56:10	62.38527598910891	47.371038514851485	47.98181	1	0	0	0	0
2024-11-09 21:56:20	62.31078977878788	47.43881421818182	47.98181	1	0	0	0	0
2024-11-09 21:56:30	61.88269594040404	47.63383179393939	47.98181	1	0	0	0	0
2024-11-09 21:56:40	61.46188567412935	47.841590284577116	47.98181	1	0	0	0	0
2024-11-09 21:56:50	61.06180557462687	48.08561137910448	47.98181	1	0	0	0	0
2024-11-09 21:57:00	60.64380636683418	48.312141107035174	47.98181	1	0	0	0	0
2024-11-09 21:57:10	60.172049834170856	48.48619673517588	47.98181	1	0	0	0	0
2024-11-09 21:57:20	59.8101931	48.611067311	47.98181	1	0	0	0	0
2024-11-09 21:57:30	59.7611281	48.595949661	47.98181	1	0	0	0	0
2024-11-09 21:57:40	59.848530108457716	48.528628470646765	47.98181	1	0	0	0	0
2024-11-09 21:57:50	60.32433821791045	48.31272797313433	47.98181	1	0	0	0	0
2024-11-09 21:58:00	60.78746009145729	48.08203971055276	47.98181	1	0	0	0	0
2024-11-09 21:58:10	61.212523257286435	47.80698815276382	47.98181	1	0	0	0	0
2024-11-09 21:58:20	61.65331105643565	47.558677227722775	47.98181	1	0	0	0	0
2024-11-09 21:58:30	62.138853581188116	47.386474257425746	47.98181	1	0	0	0	0
2024-11-09 21:58:40	62.459422575376884	47.28982954773869	47.98181	1	0	0	0	0
2024-11-09 21:58:50	62.25757538944723	47.43245266331658	47.98181	1	0	0	0	0
2024-11-09 21:59:00	61.98369946782178	47.596352599009904	47.98181	1	0	0	0	0
2024-11-09 21:59:10	61.49373733910891	47.82408299504951	47.98181	1	0	0	0	0
2024-11-09 21:59:20	61.036574873	48.046930193	47.98181	1	0	0	0	0
2024-11-09 21:59:30	60.689219973	48.253429293	47.98181	1	0	0	0	0
2024-11-09 21:59:40	60.351294191878175	48.43408619695431	47.98181	1	0	0	0	0
2024-11-09 21:59:50	60.044935460913706	48.52822792284264	47.98181	1	0	0	0	0
2024-11-09 22:00:00	59.850039699999996	48.568574563	47.98181	1	0	0	0	0
2024-11-09 22:00:10	59.9723847	48.455812113	47.98181	1	0	0	0	0
2024-11-09 22:00:20	60.21571162561576	48.30383645960591	47.98181	1	0	0	0	0
2024-11-09 22:00:30	60.80337172413793	48.040253996551726	47.98181	1	0	0	0	0
2024-11-09 22:00:40	61.34908703517588	47.78369064824121	47.98181	1	0	0	0	0
2024-11-09 22:00:50	61.75437849246231	47.55062607537688	47.98181	1	0	0	0	0
2024-11-09 22:01:00	62.09029065326633	47.37546680904523	47.98181	1	0	0	0	0
2024-11-09 22:01:10	62.20650170854272	47.38367434673367	47.98181	1	0	0	0	0
2024-11-09 22:01:20	62.2225371517413	47.43681549751244	47.98181	1	0	0	0	0
2024-11-09 22:01:30	61.93804575870647	47.62475748756219	47.98181	1	0	0	0	0
2024-11-09 22:01:40	61.60199346363637	47.81525480606061	47.98181	1	0	0	0	0
2024-11-09 22:01:50	61.10266497878788	48.0138439979798	47.98181	1	0	0	0	0
2024-11-09 22:02:00	60.658166824	48.2027133	47.98181	1	0	0	0	0
2024-11-09 22:02:10	60.369724224	48.3639183	47.98181	1	0	0	0	0
2024-11-09 22:02:20	60.15499961089109	48.476184465346535	47.98181	1	0	0	0	0
2024-11-09 22:02:30	60.150087729702975	48.44916317821782	47.98181	1	0	0	0	0
2024-11-09 22:02:40	60.20513523467337	48.386434396984924	47.98181	1	0	0	0	0
2024-11-09 22:02:50	60.45005412914573	48.210631884422114	47.98181	1	0	0	0	0
2024-11-09 22:03:00	60.7791591375	48.017137500000004	47.98181	1	0	0	0	0
2024-11-09 22:03:10	61.3608224875	47.7705675	47.98181	1	0	0	0	0
2024-11-09 22:03:20	61.86750718592965	47.55185404522613	47.98181	1	0	0	0	0
2024-11-09 22:03:30	62.14925592964824	47.416710226130654	47.98181	1	0	0	0	0
2024-11-09 22:03:40	62.31233537313433	47.34771315920398	47.98181	1	0	0	0	0
2024-11-09 22:03:50	62.13766373134328	47.46697992537313	47.98181	1	0	0	0	0
2024-11-09 22:04:00	61.924013015075374	47.609316934673366	47.98181	1	0	0	0	0
2024-11-09 22:04:10	61.593425075376885	47.820864673366835	47.98181	1	0	0	0	0
2024-11-09 22:04:20	61.21636004776119	48.02967742487562	47.98181	1	0	0	0	0
2024-11-09 22:04:30	60.70701407761194	48.23070598208955	47.98181	1	0	0	0	0
2024-11-09 22:04:40	60.275260655276384	48.408100842211056	47.98181	1	0	0	0	0
2024-11-09 22:04:50	60.076284876381905	48.51459461105528	47.98181	1	0	0	0	0
2024-11-09 22:05:00	59.96535406699507	48.566258817733996	47.98181	1	0	0	0	0
2024-11-09 22:05:10	60.1050127862069	48.461869655172414	47.98181	1	0	0	0	0
2024-11-09 22:05:20	60.29432465532995	48.328544467005074	47.98181	1	0	0	0	0
2024-11-09 22:05:30	60.64986663502538	48.098346497461925	47.98181	1	0	0	0	0
2024-11-09 22:05:40	61.06132244527363	47.86771363184079	47.98181	1	0	0	0	0
2024-11-09 22:05:50	61.631917619402984	47.635842985074625	47.98181	1	0	0	0	0
2024-11-09 22:06:00	62.09763286934673	47.45490639447236	47.98181	1	0	0	0	0
2024-11-09 22:06:10	62.248708346733665	47.426771972361806	47.98181	1	0	0	0	0
2024-11-09 22:06:20	62.269259254	47.447290875	47.98181	1	0	0	0	0
2024-11-09 22:06:30	61.918317154	47.606284625	47.98181	1	0	0	0	0
2024-11-09 22:06:40	61.57308460792079	47.77890235247525	47.98181	1	0	0	0	0
2024-11-09 22:06:50	61.24410233069307	47.99029601584158	47.98181	1	0	0	0	0
2024-11-09 22:07:00	60.882898704	48.193681032	47.98181	1	0	0	0	0
2024-11-09 22:07:10	60.419660803999996	48.371705332	47.98181	1	0	0	0	0
2024-11-09 22:07:20	60.03742213467336	48.51739932160804	47.98181	1	0	0	0	0
2024-11-09 22:07:30	59.911681029145726	48.560713994974876	47.98181	1	0	0	0	0
2024-11-09 22:07:40	59.893329320603016	48.55279924623116	47.98181	1	0	0	0	0
2024-11-09 22:07:50	60.197145803015076	48.39119623115578	47.98181	1	0	0	0	0
2024-11-09 22:08:00	60.5230099	48.206587224	47.98181	1	0	0	0	0
2024-11-09 22:08:10	60.9116249	47.956499624	47.98181	1	0	0	0	0
2024-11-09 22:08:20	61.34220183681592	47.71726233830846	47.98181	1	0	0	0	0
2024-11-09 22:08:30	61.89220890149254	47.50890671641791	47.98181	1	0	0	0	0
2024-11-09 22:08:40	62.3031978625	47.363566500000005	47.98181	1	0	0	0	0
2024-11-09 22:08:50	62.2971325125	47.407272500000005	47.98181	1	0	0	0	0
2024-11-09 22:09:00	62.1970959	47.4837705	47.98181	1	0	0	0	0
2024-11-09 22:09:10	61.8151455	47.6586445	47.98181	1	0	0	0	0
2024-11-09 22:09:20	61.454242699999995	47.8393518	47.98181	1	0	0	0	0
2024-11-09 22:09:30	61.1564827	48.037559	47.98181	1	0	0	0	0
2024-11-09 22:09:40	60.823038717587934	48.22678246532663	47.98181	1	0	0	0	0
2024-11-09 22:09:50	60.3825427879397	48.38905472663316	47.98181	1	0	0	0	0
2024-11-09 22:10:00	60.036481492	48.510145494	47.98181	1	0	0	0	0
2024-11-09 22:10:10	59.959195692	48.514027394	47.98181	1	0	0	0	0
2024-11-09 22:10:20	59.991856274	48.475585570999996	47.98181	1	0	0	0	0
2024-11-09 22:10:30	60.337441174	48.316683921	47.98181	1	0	0	0	0
2024-11-09 22:10:40	60.688350653	48.137008687	47.98181	1	0	0	0	0
2024-11-09 22:10:50	61.054414703	47.898208637	47.98181	1	0	0	0	0
2024-11-09 22:11:00	61.46326998756219	47.66889296019901	47.98181	1	0	0	0	0
2024-11-09 22:11:10	61.99391570895522	47.466571268656715	47.98181	1	0	0	0	0
2024-11-09 22:11:20	62.37570527638191	47.332881859296485	47.98181	1	0	0	0	0
2024-11-09 22:11:30	62.310926381909546	47.40508929648241	47.98181	1	0	0	0	0
2024-11-09 22:11:40	62.142547067	47.513946636	47.98181	1	0	0	0	0
2024-11-09 22:11:50	61.679305017	47.727115236	47.98181	1	0	0	0	0
2024-11-09 22:12:00	61.246963685074626	47.93977002089552	47.98181	1	0	0	0	0
2024-11-09 22:12:10	60.90257055074627	48.15096240895522	47.98181	1	0	0	0	0
2024-11-09 22:12:20	60.5445356625	48.3456125375	47.98181	1	0	0	0	0
2024-11-09 22:12:30	60.1455755125	48.4906358875	47.98181	1	0	0	0	0
2024-11-09 22:12:40	59.858707736683414	48.58455372663317	47.98181	1	0	0	0	0
2024-11-09 22:12:50	59.90811708341708	48.52515503316583	47.98181	1	0	0	0	0
2024-11-09 22:13:00	60.06629347363184	48.42258548358209	47.98181	1	0	0	0	0
2024-11-09 22:13:10	60.53403760298507	48.197145035820895	47.98181	1	0	0	0	0
2024-11-09 22:13:20	60.99028091356784	47.96385845628141	47.98181	1	0	0	0	0
2024-11-09 22:13:30	61.4120217678392	47.70703348140704	47.98181	1	0	0	0	0
2024-11-09 22:13:40	61.81950441393035	47.4877884278607	47.98181	1	0	0	0	0
2024-11-09 22:13:50	62.18640600597015	47.3755016119403	47.98181	1	0	0	0	0
2024-11-09 22:14:00	62.406975139698496	47.33334347236181	47.98181	1	0	0	0	0
2024-11-09 22:14:10	62.18854689849246	47.50157136180905	47.98181	1	0	0	0	0
2024-11-09 22:14:20	61.891444423	47.683819	47.98181	1	0	0	0	0
2024-11-09 22:14:30	61.370422973000004	47.905969	47.98181	1	0	0	0	0
2024-11-09 22:14:40	60.884965896000004	48.127498601	47.98181	1	0	0	0	0
2024-11-09 22:14:50	60.500730496	48.347262451	47.98181	1	0	0	0	0
2024-11-09 22:15:00	60.155711221	48.526578062	47.98181	1	0	0	0	0
2024-11-09 22:15:10	59.922307071	48.590771762	47.98181	1	0	0	0	0
2024-11-09 22:15:20	59.794365759	48.599326775	47.98181	1	0	0	0	0
2024-11-09 22:15:30	59.966587909000005	48.449525525	47.98181	1	0	0	0	0
2024-11-09 22:15:40	60.248867994	48.276065562	47.98181	1	0	0	0	0
2024-11-09 22:15:50	60.844389894	48.035269262	47.98181	1	0	0	0	0
2024-11-09 22:16:00	61.400120107	47.7892135	47.98181	1	0	0	0	0
2024-11-09 22:16:10	61.842597057	47.528188500000006	47.98181	1	0	0	0	0
2024-11-09 22:16:20	62.193951293532336	47.34062905472637	47.98181	1	0	0	0	0
2024-11-09 22:16:30	62.28595626865671	47.362163880597016	47.98181	1	0	0	0	0
2024-11-09 22:16:40	62.26377213567839	47.43914728643216	47.98181	1	0	0	0	0
2024-11-09 22:16:50	61.899020678391956	47.682476432160804	47.98181	1	0	0	0	0
2024-11-09 22:17:00	61.482018986	47.920487812000005	47.98181	1	0	0	0	0
2024-11-09 22:17:10	60.916305086	48.143364012	47.98181	1	0	0	0	0
2024-11-09 22:17:20	60.418866692	48.348264774	47.98181	1	0	0	0	0
2024-11-09 22:17:30	60.115750892	48.502004674	47.98181	1	0	0	0	0
2024-11-09 22:17:40	59.900147412935326	48.60394486467662	47.98181	1	0	0	0	0
2024-11-09 22:17:50	59.93361746268657	48.558455113432835	47.98181	1	0	0	0	0
2024-11-09 22:18:00	60.03793310301508	48.46899305125628	47.98181	1	0	0	0	0
2024-11-09 22:18:10	60.35478551507538	48.24761405628141	47.98181	1	0	0	0	0
2024-11-09 22:18:20	60.749761749	48.016839232	47.98181	1	0	0	0	0
2024-11-09 22:18:30	61.367090399	47.759322432	47.98181	1	0	0	0	0
2024-11-09 22:18:40	61.892706818	47.539045523	47.98181	1	0	0	0	0
2024-11-09 22:18:50	62.157296118	47.424759073	47.98181	1	0	0	0	0
2024-11-09 22:19:00	62.28116442885572	47.37983478457711	47.98181	1	0	0	0	0
2024-11-09 22:19:10	62.00451915522388	47.53232587910448	47.98181	1	0	0	0	0
2024-11-09 22:19:20	61.711099559296485	47.70095059447236	47.98181	1	0	0	0	0
2024-11-09 22:19:30	61.367356996482414	47.91797617236181	47.98181	1	0	0	0	0
2024-11-09 22:19:40	60.979260725	48.130706218	47.98181	1	0	0	0	0
2024-11-09 22:19:50	60.464926975	48.331210518	47.98181	1	0	0	0	0
2024-11-09 22:20:00	60.051233150248756	48.49308640547264	47.98181	1	0	0	0	0
2024-11-09 22:20:10	59.9239760358209	48.5450198880597	47.98181	1	0	0	0	0
2024-11-09 22:20:20	59.90851867738694	48.540915565326635	47.98181	1	0	0	0	0
2024-11-09 22:20:30	60.22846058693467	48.368697826633166	47.98181	1	0	0	0	0
2024-11-09 22:20:40	60.5545061920398	48.18384240049751	47.98181	1	0	0	0	0
2024-11-09 22:20:50	60.89792385373134	47.96301817164179	47.98181	1	0	0	0	0
2024-11-09 22:21:00	61.2962465625	47.741193475	47.98181	1	0	0	0	0
2024-11-09 22:21:10	61.8592844125	47.516367375	47.98181	1	0	0	0	0
2024-11-09 22:21:20	62.288159445728645	47.36140888040201	47.98181	1	0	0	0	0
2024-11-09 22:21:30	62.314546028643214	47.416053202010055	47.98181	1	0	0	0	0
2024-11-09 22:21:40	62.3340721	47.45649	47.98181	1	0	0	0	0
2024-11-09 22:21:50	61.85549033125	47.64699625	47.98181	1	0	0	0	0
2024-11-09 22:22:00	61.34116175979899	47.87611798994975	47.98181	1	0	0	0	0
2024-11-09 22:22:10	60.972959598994976	48.12022994974874	47.98181	1	0	0	0	0
2024-11-09 22:22:20	60.584591100000004	48.342534836	47.98181	1	0	0	0	0
2024-11-09 22:22:30	60.1388261	48.502773436	47.98181	1	0	0	0	0
2024-11-09 22:22:40	59.816726941	48.6051455	47.98181	1	0	0	0	0
2024-11-09 22:22:50	59.846599791	48.5428205	47.98181	1	0	0	0	0
2024-11-09 22:23:00	60.012532188	48.4293353	47.98181	1	0	0	0	0
2024-11-09 22:23:10	60.565710988	48.170240299999996	47.98181	1	0	0	0	0
2024-11-09 22:23:20	61.085997526	47.910819000000004	47.98181	1	0	0	0	0
2024-11-09 22:23:30	61.512667626	47.650469	47.98181	1	0	0	0	0
2024-11-09 22:23:40	61.916292743	47.433184984	47.98181	1	0	0	0	0
2024-11-09 22:23:50	62.254328293	47.338473384000004	47.98181	1	0	0	0	0
2024-11-09 22:24:00	62.444360702000004	47.314693944	47.98181	1	0	0	0	0
2024-11-09 22:24:10	62.213153402	47.492798344	47.98181	1	0	0	0	0
2024-11-09 22:24:20	61.897932107	47.684802136	47.98181	1	0	0	0	0
2024-11-09 22:24:30	61.343594057000004	47.916365736	47.98181	1	0	0	0	0
2024-11-09 22:24:40	60.84364430497513	48.14224780099502	47.98181	1	0	0	0	0
2024-11-09 22:24:50	60.49849201641791	48.35195934328358	47.98181	1	0	0	0	0
2024-11-09 22:25:00	60.18007731005025	48.52244237185929	47.98181	1	0	0	0	0
2024-11-09 22:25:10	59.94187535025125	48.57523985929648	47.98181	1	0	0	0	0
2024-11-09 22:25:20	59.827840709	48.566782	47.98181	1	0	0	0	0
2024-11-09 22:25:30	60.067205359	48.383982	47.98181	1	0	0	0	0
2024-11-09 22:25:40	60.408078905472635	48.18099434527363	47.98181	1	0	0	0	0
2024-11-09 22:25:50	61.0378623880597	47.92054951940299	47.98181	1	0	0	0	0
2024-11-09 22:26:00	61.606679899497486	47.67302211859297	47.98181	1	0	0	0	0
2024-11-09 22:26:10	61.99259949748743	47.464246992964824	47.98181	1	0	0	0	0
2024-11-09 22:26:20	62.263782196019896	47.32730518507463	47.98181	1	0	0	0	0
2024-11-09 22:26:30	62.20840602686567	47.39481205074627	47.98181	1	0	0	0	0
2024-11-09 22:26:40	62.09437843517588	47.49312534070352	47.98181	1	0	0	0	0
2024-11-09 22:26:50	61.804396575879395	47.68385790351759	47.98181	1	0	0	0	0
2024-11-09 22:27:00	61.45279864950495	47.886341980198026	47.98181	1	0	0	0	0
2024-11-09 22:27:10	60.92583191683168	48.122272673267325	47.98181	1	0	0	0	0
2024-11-09 22:27:20	60.444052690909096	48.34333943030303	47.98181	1	0	0	0	0
2024-11-09 22:27:30	60.105367236363634	48.51733705656566	47.98181	1	0	0	0	0
2024-11-09 22:27:40	59.863574176	48.632519244	47.98181	1	0	0	0	0
2024-11-09 22:27:50	59.897551776	48.580303644	47.98181	1	0	0	0	0
2024-11-09 22:28:00	60.019420582	48.479999107	47.98181	1	0	0	0	0
2024-11-09 22:28:10	60.391441282	48.242826057	47.98181	1	0	0	0	0
2024-11-09 22:28:20	60.82323504975125	47.99994915422886	47.98181	1	0	0	0	0
2024-11-09 22:28:30	61.4251521641791	47.740838208955225	47.98181	1	0	0	0	0
2024-11-09 22:28:40	61.943930452261306	47.519751859296484	47.98181	1	0	0	0	0
2024-11-09 22:28:50	62.21329226130653	47.412739296482414	47.98181	1	0	0	0	0
2024-11-09 22:29:00	62.33625890547263	47.37207947761194	47.98181	1	0	0	0	0
2024-11-09 22:29:10	62.0425623880597	47.520269776119406	47.98181	1	0	0	0	0
2024-11-09 22:29:20	61.735006250000005	47.6894116375	47.98181	1	0	0	0	0
2024-11-09 22:29:30	61.38587125	47.9214081875	47.98181	1	0	0	0	0
2024-11-09 22:29:40	60.984284725	48.1482668125	47.98181	1	0	0	0	0
2024-11-09 22:29:50	60.425343625	48.3597116625	47.98181	1	0	0	0	0
2024-11-09 22:30:00	59.97304259899497	48.529321493467336	47.98181	1	0	0	0	0
2024-11-09 22:30:10	59.84066179497487	48.573426267336686	47.98181	1	0	0	0	0
2024-11-09 22:30:20	59.8353815920398	48.55976104676617	47.98181	1	0	0	0	0
2024-11-09 22:30:30	60.19184925373134	48.38167353432836	47.98181	1	0	0	0	0
2024-11-09 22:30:40	60.56258667085427	48.18280134221106	47.98181	1	0	0	0	0
2024-11-09 22:30:50	60.97613335427136	47.921575111055276	47.98181	1	0	0	0	0
2024-11-09 22:31:00	61.422983624000004	47.675766199	47.98181	1	0	0	0	0
2024-11-09 22:31:10	61.964621024	47.473837349	47.98181	1	0	0	0	0
2024-11-09 22:31:20	62.350102125	47.344759628	47.98181	1	0	0	0	0
2024-11-09 22:31:30	62.291138375	47.423027428	47.98181	1	0	0	0	0
2024-11-09 22:31:40	62.115916301	47.539049672	47.98181	1	0	0	0	0
2024-11-09 22:31:50	61.609805151	47.762526872	47.98181	1	0	0	0	0
2024-11-09 22:32:00	61.130044208	47.9894758	47.98181	1	0	0	0	0
2024-11-09 22:32:10	60.725280008	48.226305800000006	47.98181	1	0	0	0	0
2024-11-09 22:32:20	60.345567315	48.428640911	47.98181	1	0	0	0	0
2024-11-09 22:32:30	60.03715506499999	48.532798261	47.98181	1	0	0	0	0
2024-11-09 22:32:40	59.84535394328358	48.57664065920398	47.98181	1	0	0	0	0
2024-11-09 22:32:50	59.98544603283582	48.448817425373136	47.98181	1	0	0	0	0
2024-11-09 22:33:00	60.224689409045226	48.294795163316586	47.98181	1	0	0	0	0
2024-11-09 22:33:10	60.761386645226125	48.062175816582915	47.98181	1	0	0	0	0
2024-11-09 22:33:20	61.258994263	47.836657224999996	47.98181	1	0	0	0	0
2024-11-09 22:33:30	61.645346812999996	47.631348474999996	47.98181	1	0	0	0	0
2024-11-09 22:33:40	61.94398841144279	47.48329283582089	47.98181	1	0	0	0	0
2024-11-09 22:33:50	61.992991147761195	47.49818835820896	47.98181	1	0	0	0	0
2024-11-09 22:34:00	61.96233701909548	47.55358956030151	47.98181	1	0	0	0	0
2024-11-09 22:34:10	61.692712295477385	47.73050780150754	47.98181	1	0	0	0	0
2024-11-09 22:34:20	61.38212731343283	47.90896959353234	47.98181	1	0	0	0	0
2024-11-09 22:34:30	60.95496313432836	48.09182456865672	47.98181	1	0	0	0	0
2024-11-09 22:34:40	60.95496313432836	48.09182456865672	47.98181	1	0	0	0	0
2024-11-09 22:34:50	60.569904547738695	48.261837370351756	47.98181	1	0	0	0	0
2024-11-09 22:35:00	60.31116273869347	48.39332365175879	47.98181	1	0	0	0	0
2024-11-09 22:35:10	60.119657595	48.482179545	47.98181	1	0	0	0	0
2024-11-09 22:35:20	60.119518345	48.449702795	47.98181	1	0	0	0	0
2024-11-09 22:35:30	60.203514211	48.3722959	47.98181	1	0	0	0	0
2024-11-09 22:35:40	60.526971561	48.167010899999994	47.98181	1	0	0	0	0
2024-11-09 22:35:50	60.899220264	47.961809099999996	47.98181	1	0	0	0	0
2024-11-09 22:36:00	61.410336664	47.7568441	47.98181	1	0	0	0	0
2024-11-09 22:36:10	61.859481986	47.5713401	47.98181	1	0	0	0	0
2024-11-09 22:36:20	62.132248086	47.441225100000004	47.98181	1	0	0	0	0
2024-11-09 22:36:30	62.270496439	47.380798823	47.98181	1	0	0	0	0
2024-11-09 22:36:40	62.025886588999995	47.518717373	47.98181	1	0	0	0	0
2024-11-09 22:36:50	61.76657372587064	47.67074860845771	47.98181	1	0	0	0	0
2024-11-09 22:37:00	61.46541382537313	47.86294671791045	47.98181	1	0	0	0	0
2024-11-09 22:37:10	61.11917869899498	48.05645518693468	47.98181	1	0	0	0	0
2024-11-09 22:37:20	60.63771789497488	48.253894734673366	47.98181	1	0	0	0	0
2024-11-09 22:37:30	60.226333293	48.426660855	47.98181	1	0	0	0	0
2024-11-09 22:37:40	60.014396343	48.529202605	47.98181	1	0	0	0	0
2024-11-09 22:37:50	59.908961165	48.574391085	47.98181	1	0	0	0	0
2024-11-09 22:38:00	60.106646415	48.456343335	47.98181	1	0	0	0	0
2024-11-09 22:38:10	60.341937545	48.30711086	47.98181	1	0	0	0	0
2024-11-09 22:38:20	60.684260795	48.069121859999996	47.98181	1	0	0	0	0
2024-11-09 22:38:30	61.082569983084575	47.83557111044776	47.98181	1	0	0	0	0
2024-11-09 22:38:40	61.640223764179105	47.61465230447761	47.98181	1	0	0	0	0
2024-11-09 22:38:50	62.093501801005026	47.438833639698494	47.98181	1	0	0	0	0
2024-11-09 22:39:00	62.23365260502513	47.398315398492464	47.98181	1	0	0	0	0
2024-11-09 22:39:10	62.256633654000005	47.410219486	47.98181	1	0	0	0	0
2024-11-09 22:39:20	61.946131554000004	47.571325586	47.98181	1	0	0	0	0
2024-11-09 22:39:30	61.6223800119403	47.74924116965174	47.98181	1	0	0	0	0
2024-11-09 22:39:40	61.260918519402985	47.974999129850744	47.98181	1	0	0	0	0
2024-11-09 22:39:50	60.86630585	48.19086165	47.98181	1	0	0	0	0
2024-11-09 22:40:00	60.372239650000004	48.37703785	47.98181	1	0	0	0	0
2024-11-09 22:40:10	59.97836618090452	48.52240070351758	47.98181	1	0	0	0	0
2024-11-09 22:40:20	59.885070904522614	48.54532351758794	47.98181	1	0	0	0	0
2024-11-09 22:40:30	59.90032586169154	48.51923422885572	47.98181	1	0	0	0	0
2024-11-09 22:40:40	60.22453148358208	48.35364895522388	47.98181	1	0	0	0	0
2024-11-09 22:40:50	60.571551237499996	48.1672225	47.98181	1	0	0	0	0
2024-11-09 22:41:00	60.9870133875	47.9182725	47.98181	1	0	0	0	0
2024-11-09 22:41:10	61.4258817375	47.683907500000004	47.98181	1	0	0	0	0
2024-11-09 22:41:20	61.934968687499996	47.493297500000004	47.98181	1	0	0	0	0
2024-11-09 22:41:30	62.30098692763819	47.36869103015076	47.98181	1	0	0	0	0
2024-11-09 22:41:40	62.23779903819096	47.442095150753765	47.98181	1	0	0	0	0
2024-11-09 22:41:50	62.0724189	47.550514076999995	47.98181	1	0	0	0	0
2024-11-09 22:42:00	61.6161839	47.758590526999996	47.98181	1	0	0	0	0
2024-11-09 22:42:10	61.191235870646764	47.96795394278607	47.98181	1	0	0	0	0
2024-11-09 22:42:20	60.855335373134324	48.18098026119403	47.98181	1	0	0	0	0
2024-11-09 22:42:30	60.50913267587939	48.37159845477387	47.98181	1	0	0	0	0
2024-11-09 22:42:40	60.13202337939698	48.49499227386935	47.98181	1	0	0	0	0
2024-11-09 22:42:50	59.869030175	48.563855807	47.98181	1	0	0	0	0
2024-11-09 22:43:00	59.930828925	48.477517757	47.98181	1	0	0	0	0
2024-11-09 22:43:10	60.11014825870647	48.35526311044776	47.98181	1	0	0	0	0
2024-11-09 22:43:20	60.62394925373135	48.13078430447761	47.98181	1	0	0	0	0
2024-11-09 22:43:30	61.10961030150754	47.90183957185929	47.98181	1	0	0	0	0
2024-11-09 22:43:40	61.51085150753769	47.65949705929648	47.98181	1	0	0	0	0
2024-11-09 22:43:50	61.8765998	47.462886131999994	47.98181	1	0	0	0	0
2024-11-09 22:44:00	62.1413298	47.396434332	47.98181	1	0	0	0	0
2024-11-09 22:44:10	62.284099714999996	47.386769144999995	47.98181	1	0	0	0	0
2024-11-09 22:44:20	62.079752465	47.538727394999995	47.98181	1	0	0	0	0
2024-11-09 22:44:30	61.79565710597015	47.70983260348259	47.98181	1	0	0	0	0
2024-11-09 22:44:40	61.28458635970149	47.93543300149254	47.98181	1	0	0	0	0
2024-11-09 22:44:50	60.824594443216085	48.14678363919598	47.98181	1	0	0	0	0
2024-11-09 22:45:00	60.5178390160804	48.315384995979905	47.98181	1	0	0	0	0
2024-11-09 22:45:10	60.2498398019802	48.44903891089109	47.98181	1	0	0	0	0
2024-11-09 22:45:20	60.092146732673264	48.483227029702974	47.98181	1	0	0	0	0
2024-11-09 22:45:30	60.01970783919597	48.47279753768844	47.98181	1	0	0	0	0
2024-11-09 22:45:40	60.21724050251256	48.32107894472362	47.98181	1	0	0	0	0
2024-11-09 22:45:50	60.50080834170854	48.149876683417084	47.98181	1	0	0	0	0
2024-11-09 22:46:00	61.04248170854271	47.920223417085424	47.98181	1	0	0	0	0
2024-11-09 22:46:10	61.541889341	47.69603412	47.98181	1	0	0	0	0
2024-11-09 22:46:20	61.921002191	47.48739612	47.98181	1	0	0	0	0
2024-11-09 22:46:30	62.197796305970144	47.34979353233831	47.98181	1	0	0	0	0
2024-11-09 22:46:40	62.18337555970149	47.41436865671642	47.98181	1	0	0	0	0
2024-11-09 22:46:50	62.08843606783919	47.51744781407035	47.98181	1	0	0	0	0
2024-11-09 22:47:00	61.751940339195976	47.73603907035176	47.98181	1	0	0	0	0
2024-11-09 22:47:10	61.371660344999995	47.951880617	47.98181	1	0	0	0	0
2024-11-09 22:47:20	60.866763594999995	48.159896067	47.98181	1	0	0	0	0
2024-11-09 22:47:30	60.440685970149254	48.34073546915423	47.98181	1	0	0	0	0
2024-11-09 22:47:40	60.238939701492534	48.44422765820895	47.98181	1	0	0	0	0
2024-11-09 22:47:50	60.096782499999996	48.509623075	47.98181	1	0	0	0	0
2024-11-09 22:48:00	60.1333925	48.460728175	47.98181	1	0	0	0	0
2024-11-09 22:48:10	60.23455375	48.374066125	47.98181	1	0	0	0	0
2024-11-09 22:48:20	60.52936875	48.174102624999996	47.98181	1	0	0	0	0
2024-11-09 22:48:30	60.88923586683418	47.96423756281407	47.98181	1	0	0	0	0
2024-11-09 22:48:40	61.44425933417086	47.72466781407035	47.98181	1	0	0	0	0
2024-11-09 22:48:50	61.918137629	47.523785804999996	47.98181	1	0	0	0	0
2024-11-09 22:49:00	62.161064279	47.433015055	47.98181	1	0	0	0	0
2024-11-09 22:49:10	62.27796534653465	47.399242073267324	47.98181	1	0	0	0	0
2024-11-09 22:49:20	62.036178217821785	47.527693508910886	47.98181	1	0	0	0	0
2024-11-09 22:49:30	61.769933939393944	47.68059919393939	47.98181	1	0	0	0	0
2024-11-09 22:49:40	61.42624202020202	47.91094333535354	47.98181	1	0	0	0	0
2024-11-09 22:49:50	61.02985742189055	48.1340307960199	47.98181	1	0	0	0	0
2024-11-09 22:50:00	60.483501352238804	48.33646462686567	47.98181	1	0	0	0	0
2024-11-09 22:50:10	60.03478401105527	48.50332391959799	47.98181	1	0	0	0	0
2024-11-09 22:50:20	59.87898285527638	48.56345959798995	47.98181	1	0	0	0	0
2024-11-09 22:50:30	59.846635641999995	48.564031205999996	47.98181	1	0	0	0	0
2024-11-09 22:50:40	60.165657341999996	48.395074306	47.98181	1	0	0	0	0
2024-11-09 22:50:50	60.487885973	48.212287993000004	47.98181	1	0	0	0	0
2024-11-09 22:51:00	60.819242023	47.990141043	47.98181	1	0	0	0	0
2024-11-09 22:51:10	61.219896627	47.764341691	47.98181	1	0	0	0	0
2024-11-09 22:51:20	61.817785577	47.528147041	47.98181	1	0	0	0	0
2024-11-09 22:51:30	62.27396441244019	47.36151095215311	47.98181	1	0	0	0	0
2024-11-09 22:51:40	62.32681446028708	47.392849229665075	47.98181	1	0	0	0	0
2024-11-09 22:51:50	62.37068	47.41886	47.98181	1	0	0	0	0
2024-11-09 22:52:00	61.92183080625	47.620915625	47.98181	1	0	0	0	0
2024-11-09 22:52:10	61.436725224999996	47.855408749999995	47.98181	1	0	0	0	0
2024-11-09 22:52:20	61.080476525	48.080243749999994	47.98181	1	0	0	0	0
2024-11-09 22:52:30	60.6930197	48.293246249999996	47.98181	1	0	0	0	0
2024-11-09 22:52:40	60.2119385	48.47075125	47.98181	1	0	0	0	0
2024-11-09 22:52:50	59.839513579899496	48.59735403266331	47.98181	1	0	0	0	0
2024-11-09 22:53:00	59.793057499497486	48.571250163316584	47.98181	1	0	0	0	0
2024-11-09 22:53:10	59.878748689	48.496429371000005	47.98181	1	0	0	0	0
2024-11-09 22:53:20	60.340551338999994	48.282952721	47.98181	1	0	0	0	0
2024-11-09 22:53:30	60.790141177611936	48.05723577114428	47.98181	1	0	0	0	0
2024-11-09 22:53:40	61.2049714761194	47.79668104477612	47.98181	1	0	0	0	0
2024-11-09 22:53:50	61.64379262964824	47.556566419597985	47.98181	1	0	0	0	0
2024-11-09 22:54:00	62.1545863482412	47.37777209798995	47.98181	1	0	0	0	0
2024-11-09 22:54:10	62.507627450248755	47.273542708955226	47.98181	1	0	0	0	0
2024-11-09 22:54:20	62.4116803358209	47.38153658955224	47.98181	1	0	0	0	0
2024-11-09 22:54:30	62.21668625	47.51550575	47.98181	1	0	0	0	0
2024-11-09 22:54:40	61.72455125	47.72740075	47.98181	1	0	0	0	0
2024-11-09 22:54:50	61.263093749999996	47.9449300625	47.98181	1	0	0	0	0
2024-11-09 22:55:00	60.893668749999996	48.179362312500004	47.98181	1	0	0	0	0
2024-11-09 22:55:10	60.506314249999996	48.393728762500004	47.98181	1	0	0	0	0
2024-11-09 22:55:20	60.06517125	48.547897812500004	47.98181	1	0	0	0	0
2024-11-09 22:55:30	59.73922613567839	48.646959951758795	47.98181	1	0	0	0	0
2024-11-09 22:55:40	59.75887467839196	48.58070135879397	47.98181	1	0	0	0	0
2024-11-09 22:55:50	59.908051362	48.474530632	47.98181	1	0	0	0	0
2024-11-09 22:56:00	60.425885062	48.254763832	47.98181	1	0	0	0	0
2024-11-09 22:56:10	60.933947711442784	48.01527814925373	47.98181	1	0	0	0	0
2024-11-09 22:56:20	61.41420044776119	47.719669492537314	47.98181	1	0	0	0	0
2024-11-09 22:56:30	61.86222793969849	47.47144252261307	47.98181	1	0	0	0	0
2024-11-09 22:56:40	62.21357969849246	47.36536061306533	47.98181	1	0	0	0	0
2024-11-09 22:56:50	62.42168151641791	47.3302156079602	47.98181	1	0	0	0	0
2024-11-09 22:57:00	62.22207196417911	47.496967946268654	47.98181	1	0	0	0	0
2024-11-09 22:57:10	61.92810119447236	47.680834122110554	47.98181	1	0	0	0	0
2024-11-09 22:57:20	61.351046772361805	47.91604181055276	47.98181	1	0	0	0	0
2024-11-09 22:57:30	60.830609826	48.149909085	47.98181	1	0	0	0	0
2024-11-09 22:57:40	60.471314926	48.379961335	47.98181	1	0	0	0	0
2024-11-09 22:57:50	60.140928345771144	48.56230228855721	47.98181	1	0	0	0	0
2024-11-09 22:58:00	59.89281929104478	48.6088495522388	47.98181	1	0	0	0	0
2024-11-09 22:58:10	59.76841434673367	48.59721167085427	47.98181	1	0	0	0	0
2024-11-09 22:58:20	60.015121733668344	48.411018354271356	47.98181	1	0	0	0	0
2024-11-09 22:58:30	60.358523124	48.206259105	47.98181	1	0	0	0	0
2024-11-09 22:58:40	60.977130524	47.948658355	47.98181	1	0	0	0	0
2024-11-09 22:58:50	61.541414954	47.698356806	47.98181	1	0	0	0	0
2024-11-09 22:59:00	61.951087854	47.468829906	47.98181	1	0	0	0	0
2024-11-09 22:59:10	62.26893948118812	47.307200427722776	47.98181	1	0	0	0	0
2024-11-09 22:59:20	62.325453639603964	47.33881745742574	47.98181	1	0	0	0	0
2024-11-09 22:59:30	62.2908952969697	47.41194687272728	47.98181	1	0	0	0	0
2024-11-09 22:59:40	61.9679407010101	47.61653217575758	47.98181	1	0	0	0	0
2024-11-09 22:59:50	61.584826641	47.827266465	47.98181	1	0	0	0	0
2024-11-09 23:00:00	61.030489491	48.055501715000005	47.98181	1	0	0	0	0
2024-11-09 23:00:10	60.531498268	48.274103146	47.98181	1	0	0	0	0
2024-11-09 23:00:20	60.190030068	48.465285246	47.98181	1	0	0	0	0
2024-11-09 23:00:30	59.921303368	48.603956862000004	47.98181	1	0	0	0	0
2024-11-09 23:00:40	59.859610167999996	48.593175562	47.98181	1	0	0	0	0
2024-11-09 23:00:50	59.89939347164179	48.52610064179105	47.98181	1	0	0	0	0
2024-11-09 23:01:00	60.22799451641791	48.29880541791045	47.98181	1	0	0	0	0
2024-11-09 23:01:10	60.63494589045226	48.063694540201006	47.98181	1	0	0	0	0
2024-11-09 23:01:20	61.276948252261306	47.805136701005026	47.98181	1	0	0	0	0
2024-11-09 23:01:30	61.835342411	47.569470481	47.98181	1	0	0	0	0
2024-11-09 23:01:40	62.155774760999996	47.398957331	47.98181	1	0	0	0	0
2024-11-09 23:01:50	62.354297478999996	47.300237812	47.98181	1	0	0	0	0
2024-11-09 23:02:00	62.205846629	47.405854012	47.98181	1	0	0	0	0
2024-11-09 23:02:10	62.00713815522388	47.5450951761194	47.98181	1	0	0	0	0
2024-11-09 23:02:20	61.665388752238805	47.78003816119403	47.98181	1	0	0	0	0
2024-11-09 23:02:30	61.2682796125	48.011828475	47.98181	1	0	0	0	0
2024-11-09 23:02:40	60.7050912625	48.234160775	47.98181	1	0	0	0	0
2024-11-09 23:02:50	60.21487932160804	48.433548592964826	47.98181	1	0	0	0	0
2024-11-09 23:03:00	59.9435966080402	48.56410296482412	47.98181	1	0	0	0	0
2024-11-09 23:03:10	59.773548239	48.638814284	47.98181	1	0	0	0	0
2024-11-09 23:03:20	59.891628389	48.554587684	47.98181	1	0	0	0	0
2024-11-09 23:03:30	60.077522830999996	48.4242453	47.98181	1	0	0	0	0
2024-11-09 23:03:40	60.456427181	48.1626503	47.98181	1	0	0	0	0
2024-11-09 23:03:50	60.89846572139304	47.909663906467664	47.98181	1	0	0	0	0
2024-11-09 23:04:00	61.52019388059702	47.68117893134328	47.98181	1	0	0	0	0
2024-11-09 23:04:10	62.0506825	47.4838952875	47.98181	1	0	0	0	0
2024-11-09 23:04:20	62.307452500000004	47.3802156375	47.98181	1	0	0	0	0
2024-11-09 23:04:30	62.414551356783925	47.345479555778894	47.98181	1	0	0	0	0
2024-11-09 23:04:40	62.0726367839196	47.51757417889447	47.98181	1	0	0	0	0
2024-11-09 23:04:50	61.7271029	47.706722105	47.98181	1	0	0	0	0
2024-11-09 23:05:00	61.3712679	47.944406355	47.98181	1	0	0	0	0
2024-11-09 23:05:10	60.9674892039801	48.17239195273632	47.98181	1	0	0	0	0
2024-11-09 23:05:20	60.42725537313433	48.37277369402985	47.98181	1	0	0	0	0
2024-11-09 23:05:30	59.98836203517588	48.53289336683417	47.98181	1	0	0	0	0
2024-11-09 23:05:40	59.853490175879394	48.572226834170856	47.98181	1	0	0	0	0
2024-11-09 23:05:50	59.848815895522385	48.55614059402985	47.98181	1	0	0	0	0
2024-11-09 23:06:00	60.21470395522388	48.38232134029851	47.98181	1	0	0	0	0
2024-11-09 23:06:10	60.57917653266332	48.19007973919598	47.98181	1	0	0	0	0
2024-11-09 23:06:20	60.939402663316585	47.9425710959799	47.98181	1	0	0	0	0
2024-11-09 23:06:30	61.350791872	47.704708789	47.98181	1	0	0	0	0
2024-11-09 23:06:40	61.907799072	47.494301439	47.98181	1	0	0	0	0
2024-11-09 23:06:50	62.29239056119403	47.36326971840796	47.98181	1	0	0	0	0
2024-11-09 23:07:00	62.1862604119403	47.45815325074627	47.98181	1	0	0	0	0
2024-11-09 23:07:10	61.99127107889448	47.583419430150755	47.98181	1	0	0	0	0
2024-11-09 23:07:20	61.529704194472366	47.79983355075377	47.98181	1	0	0	0	0
2024-11-09 23:07:30	61.09426080845771	48.01706746268657	47.98181	1	0	0	0	0
2024-11-09 23:07:40	60.73316891791045	48.23663462686567	47.98181	1	0	0	0	0
2024-11-09 23:07:50	60.368273015075374	48.432526771356784	47.98181	1	0	0	0	0
2024-11-09 23:08:00	59.99196507537688	48.557393856783925	47.98181	1	0	0	0	0
2024-11-09 23:08:10	59.74078914	48.622957312000004	47.98181	1	0	0	0	0
2024-11-09 23:08:20	59.84575814	48.519733512	47.98181	1	0	0	0	0
2024-11-09 23:08:30	60.084168855721394	48.37002041044776	47.98181	1	0	0	0	0
2024-11-09 23:08:40	60.702375223880594	48.08799160447761	47.98181	1	0	0	0	0
2024-11-09 23:08:50	61.28455601758794	47.80639777638191	47.98181	1	0	0	0	0
2024-11-09 23:09:00	61.758660087939695	47.52610888190954	47.98181	1	0	0	0	0
2024-11-09 23:09:10	62.155952101990046	47.31550717661691	47.98181	1	0	0	0	0
2024-11-09 23:09:20	62.33462518656716	47.30324593283582	47.98181	1	0	0	0	0
2024-11-09 23:09:30	62.4003089875	47.3464217625	47.98181	1	0	0	0	0
2024-11-09 23:09:40	62.1270249375	47.5559088125	47.98181	1	0	0	0	0
2024-11-09 23:09:50	61.75511473919598	47.77822710251256	47.98181	1	0	0	0	0
2024-11-09 23:10:00	61.0873260959799	48.03903911256281	47.98181	1	0	0	0	0
2024-11-09 23:10:10	60.494737134	48.286536663	47.98181	1	0	0	0	0
2024-11-09 23:10:20	60.116178034	48.496139213	47.98181	1	0	0	0	0
2024-11-09 23:10:30	59.8208641875	48.6468869625	47.98181	1	0	0	0	0
2024-11-09 23:10:40	59.76247913942308	48.6301248951923	47.98181	1	0	0	0	0
2024-11-09 23:10:50	59.77380901875	48.5754721875	47.98181	1	0	0	0	0
2024-11-09 23:11:00	60.10272912291667	48.3482065625	47.98181	1	0	0	0	0
2024-11-09 23:11:10	60.52224313432836	48.104009712437815	47.98181	1	0	0	0	0
2024-11-09 23:11:20	61.19960134328358	47.811623991044776	47.98181	1	0	0	0	0
2024-11-09 23:11:30	61.80793909547739	47.54558213718593	47.98181	1	0	0	0	0
2024-11-09 23:11:40	62.209215477386934	47.35857188592965	47.98181	1	0	0	0	0
2024-11-09 23:11:50	62.45094771940299	47.256377386567166	47.98181	1	0	0	0	0
2024-11-09 23:12:00	62.238592794029856	47.39558156567164	47.98181	1	0	0	0	0
2024-11-09 23:12:10	61.97728682613066	47.56612513969849	47.98181	1	0	0	0	0
2024-11-09 23:12:20	61.56912773065327	47.830686898492466	47.98181	1	0	0	0	0
2024-11-09 23:12:30	61.112837967000004	48.086915590000004	47.98181	1	0	0	0	0
2024-11-09 23:12:40	60.519560917	48.31942709	47.98181	1	0	0	0	0
2024-11-09 23:12:50	60.014501319900496	48.5233437880597	47.98181	1	0	0	0	0
2024-11-09 23:13:00	59.760522165671645	48.64587528059701	47.98181	1	0	0	0	0
2024-11-09 23:13:10	59.6276535625	48.7011896625	47.98181	1	0	0	0	0
2024-11-09 23:13:20	59.858116612500005	48.5548527125	47.98181	1	0	0	0	0
2024-11-09 23:13:30	60.1452746625	48.371411249999994	47.98181	1	0	0	0	0
2024-11-09 23:13:40	60.6025177125	48.07665625	47.98181	1	0	0	0	0
2024-11-09 23:13:50	61.11036231155779	47.7916522361809	47.98181	1	0	0	0	0
2024-11-09 23:14:00	61.77001155778895	47.535901180904524	47.98181	1	0	0	0	0
2024-11-09 23:14:10	62.293532437810946	47.3412105721393	47.98181	1	0	0	0	0
2024-11-09 23:14:20	62.42961104477612	47.3203073880597	47.98181	1	0	0	0	0
2024-11-09 23:14:30	62.43304715	47.350685350000006	47.98181	1	0	0	0	0
2024-11-09 23:14:40	62.03855575	47.534906750000005	47.98181	1	0	0	0	0
2024-11-09 23:14:50	61.63823780301507	47.739721217085425	47.98181	1	0	0	0	0
2024-11-09 23:15:00	61.22044021507538	48.00631488542714	47.98181	1	0	0	0	0
2024-11-09 23:15:10	60.782905024875625	48.24958065870646	47.98181	1	0	0	0	0
2024-11-09 23:15:20	60.28919358208955	48.42645165373134	47.98181	1	0	0	0	0
2024-11-09 23:15:30	59.901708040201	48.558493405025125	47.98181	1	0	0	0	0
2024-11-09 23:15:40	59.832900201005025	48.55604742512563	47.98181	1	0	0	0	0
2024-11-09 23:15:50	59.88619703	48.507726923	47.98181	1	0	0	0	0
2024-11-09 23:16:00	60.287022529999994	48.328840473	47.98181	1	0	0	0	0
2024-11-09 23:16:10	60.68892090447761	48.12505929004975	47.98181	1	0	0	0	0
2024-11-09 23:16:20	61.093872844776115	47.85042386716418	47.98181	1	0	0	0	0
2024-11-09 23:16:30	61.5158882	47.605559325	47.98181	1	0	0	0	0
2024-11-09 23:16:40	61.9890938	47.450007425	47.98181	1	0	0	0	0
2024-11-09 23:16:50	62.311157095477384	47.363088550251256	47.98181	1	0	0	0	0
2024-11-09 23:17:00	62.17979347738694	47.48206875125628	47.98181	1	0	0	0	0
2024-11-09 23:17:10	61.95894296	47.623447809	47.98181	1	0	0	0	0
2024-11-09 23:17:20	61.48339896	47.828577458999995	47.98181	1	0	0	0	0
2024-11-09 23:17:30	61.04067123383085	48.03464378208955	47.98181	1	0	0	0	0
2024-11-09 23:17:40	60.69134367164179	48.24337602089552	47.98181	1	0	0	0	0
2024-11-09 23:17:50	60.347268753768844	48.4275836798995	47.98181	1	0	0	0	0
2024-11-09 23:18:00	60.01895176884422	48.538217599497486	47.98181	1	0	0	0	0
2024-11-09 23:18:10	59.816504527363186	48.5804439437811	47.98181	1	0	0	0	0
2024-11-09 23:18:20	59.97230194029851	48.427971804477615	47.98181	1	0	0	0	0
2024-11-09 23:18:30	60.244555937499996	48.2502692375	47.98181	1	0	0	0	0
2024-11-09 23:18:40	60.8661796875	47.9968753875	47.98181	1	0	0	0	0
2024-11-09 23:18:50	61.43628726130653	47.74631743718593	47.98181	1	0	0	0	0
2024-11-09 23:19:00	61.851846306532664	47.50426718592965	47.98181	1	0	0	0	0
2024-11-09 23:19:10	62.187297	47.3268712	47.98181	1	0	0	0	0
2024-11-09 23:19:20	62.294747	47.3334912	47.98181	1	0	0	0	0
2024-11-09 23:19:30	62.290469449	47.394341168	47.98181	1	0	0	0	0
2024-11-09 23:19:40	61.968198099	47.609537968	47.98181	1	0	0	0	0
2024-11-09 23:19:50	61.586619799999994	47.826338487	47.98181	1	0	0	0	0
2024-11-09 23:20:00	61.0362448	48.047703437	47.98181	1	0	0	0	0
2024-11-09 23:20:10	60.55209720049751	48.25691177661692	47.98181	1	0	0	0	0
2024-11-09 23:20:20	60.25644297164179	48.431520532835826	47.98181	1	0	0	0	0
2024-11-09 23:20:30	60.01020829246231	48.562963645226134	47.98181	1	0	0	0	0
2024-11-09 23:20:40	59.91223226231156	48.56490982613065	47.98181	1	0	0	0	0
2024-11-09 23:20:50	59.911535786	48.515745667	47.98181	1	0	0	0	0
2024-11-09 23:21:00	60.187711886	48.321113617	47.98181	1	0	0	0	0
2024-11-09 23:21:10	60.55065992537313	48.11036732587065	47.98181	1	0	0	0	0
2024-11-09 23:21:20	61.16057425373134	47.85375742537313	47.98181	1	0	0	0	0
2024-11-09 23:21:30	61.7006007625	47.620048425	47.98181	1	0	0	0	0
2024-11-09 23:21:40	62.0309638125	47.455042125	47.98181	1	0	0	0	0
2024-11-09 23:21:50	62.2787361	47.3312874	47.98181	1	0	0	0	0
2024-11-09 23:22:00	62.156540871428575	47.41999794968944	47.98181	1	0	0	0	0
2024-11-09 23:22:10	61.962478989000005	47.555611817	47.98181	1	0	0	0	0
2024-11-09 23:22:20	61.615841639	47.786992267	47.98181	1	0	0	0	0
2024-11-09 23:22:30	61.2375655	48.003873206	47.98181	1	0	0	0	0
2024-11-09 23:22:40	60.7692405	48.179486306	47.98181	1	0	0	0	0
2024-11-09 23:22:50	60.36094972636816	48.3416589800995	47.98181	1	0	0	0	0
2024-11-09 23:23:00	60.123525597014925	48.46557813432836	47.98181	1	0	0	0	0
2024-11-09 23:23:10	59.973046482412066	48.53756806532663	47.98181	1	0	0	0	0
2024-11-09 23:23:20	60.0834024120603	48.45377032663316	47.98181	1	0	0	0	0
2024-11-09 23:23:30	60.250243646	48.334347164	47.98181	1	0	0	0	0
2024-11-09 23:23:40	60.577850745999996	48.113528564	47.98181	1	0	0	0	0
2024-11-09 23:23:50	60.9723579	47.888609556000006	47.98181	1	0	0	0	0
2024-11-09 23:24:00	61.5572729	47.652020156000006	47.98181	1	0	0	0	0
2024-11-09 23:24:10	62.042133803	47.460321069	47.98181	1	0	0	0	0
2024-11-09 23:24:20	62.242225353	47.396386719000006	47.98181	1	0	0	0	0
2024-11-09 23:24:30	62.297395646	47.393870908000004	47.98181	1	0	0	0	0
2024-11-09 23:24:40	61.940097746	47.566161708	47.98181	1	0	0	0	0
2024-11-09 23:24:50	61.584616375	47.754273053	47.98181	1	0	0	0	0
2024-11-09 23:25:00	61.234305125	47.987412103	47.98181	1	0	0	0	0
2024-11-09 23:25:10	60.849031376	48.208054200999996	47.98181	1	0	0	0	0
2024-11-09 23:25:20	60.364248976	48.393128051	47.98181	1	0	0	0	0
2024-11-09 23:25:30	59.97324106368159	48.53675309701493	47.98181	1	0	0	0	0
2024-11-09 23:25:40	59.849129770149254	48.56240847014926	47.98181	1	0	0	0	0
2024-11-09 23:25:50	59.8468351375	48.540181825000005	47.98181	1	0	0	0	0
2024-11-09 23:26:00	60.2099904875	48.374309125	47.98181	1	0	0	0	0
2024-11-09 23:26:10	60.586779487437184	48.183718092462314	47.98181	1	0	0	0	0
2024-11-09 23:26:20	61.00446943718593	47.91897206231155	47.98181	1	0	0	0	0
2024-11-09 23:26:30	61.45281028	47.668372041999994	47.98181	1	0	0	0	0
2024-11-09 23:26:40	61.98838828	47.458033742	47.98181	1	0	0	0	0
2024-11-09 23:26:50	62.392124413999994	47.313910850999996	47.98181	1	0	0	0	0
2024-11-09 23:27:00	62.420618313999995	47.358247201	47.98181	1	0	0	0	0
2024-11-09 23:27:10	62.320215706	47.444557418	47.98181	1	0	0	0	0
2024-11-09 23:27:20	61.852953806	47.650331718000004	47.98181	1	0	0	0	0
2024-11-09 23:27:30	61.400265036	47.866791901000006	47.98181	1	0	0	0	0
2024-11-09 23:27:40	60.989053636	48.113665751000006	47.98181	1	0	0	0	0
2024-11-09 23:27:50	60.56278835422886	48.341706269651745	47.98181	1	0	0	0	0
2024-11-09 23:28:00	60.09367740895522	48.516144229850745	47.98181	1	0	0	0	0
2024-11-09 23:28:10	59.73291847135679	48.64069472261306	47.98181	1	0	0	0	0
2024-11-09 23:28:20	59.697215556783924	48.61558281306533	47.98181	1	0	0	0	0
2024-11-09 23:28:30	59.80203131840796	48.534675024875625	47.98181	1	0	0	0	0
2024-11-09 23:28:40	60.30678485074627	48.29496358208955	47.98181	1	0	0	0	0
2024-11-09 23:28:50	60.7963141125	48.045454125	47.98181	1	0	0	0	0
2024-11-09 23:29:00	61.2401705625	47.766550625	47.98181	1	0	0	0	0
2024-11-09 23:29:10	61.69226452060301	47.51784200753769	47.98181	1	0	0	0	0
2024-11-09 23:29:20	62.16907100301508	47.359718037688445	47.98181	1	0	0	0	0
2024-11-09 23:29:30	62.484221567	47.276190192	47.98181	1	0	0	0	0
2024-11-09 23:29:40	62.339274517	47.404974392	47.98181	1	0	0	0	0
2024-11-09 23:29:50	62.098984219	47.555646588	47.98181	1	0	0	0	0
2024-11-09 23:30:00	61.587332369	47.768615388	47.98181	1	0	0	0	0
2024-11-09 23:30:10	61.116162129	47.986254685000006	47.98181	1	0	0	0	0
2024-11-09 23:30:20	60.760208779	48.217186935	47.98181	1	0	0	0	0
2024-11-09 23:30:30	60.409164763681595	48.41372407960199	47.98181	1	0	0	0	0
2024-11-09 23:30:40	60.072093470149255	48.51236746268657	47.98181	1	0	0	0	0
2024-11-09 23:30:50	59.8480709625	48.562430825	47.98181	1	0	0	0	0
2024-11-09 23:31:00	59.9631948125	48.466754125	47.98181	1	0	0	0	0
2024-11-09 23:31:10	60.18360416984925	48.333263685427134	47.98181	1	0	0	0	0
2024-11-09 23:31:20	60.71987004924623	48.086332027135676	47.98181	1	0	0	0	0
2024-11-09 23:31:30	61.223889303482586	47.842697858706465	47.98181	1	0	0	0	0
2024-11-09 23:31:40	61.636129701492536	47.60844885373134	47.98181	1	0	0	0	0
2024-11-09 23:31:50	61.999447386934676	47.42136108241206	47.98181	1	0	0	0	0
2024-11-09 23:32:00	62.21599693467337	47.375757012060305	47.98181	1	0	0	0	0
2024-11-09 23:32:10	62.31071974527364	47.38759239800995	47.98181	1	0	0	0	0
2024-11-09 23:32:20	62.058704919402985	47.56290931343284	47.98181	1	0	0	0	0
2024-11-09 23:32:30	61.73933025728643	47.750263620603015	47.98181	1	0	0	0	0
2024-11-09 23:32:40	61.21787608643216	47.97373010301508	47.98181	1	0	0	0	0
2024-11-09 23:32:50	60.749115575	48.182407647	47.98181	1	0	0	0	0
2024-11-09 23:33:00	60.430329325	48.348993596999996	47.98181	1	0	0	0	0
2024-11-09 23:33:10	60.14977679452736	48.4846647761194	47.98181	1	0	0	0	0
2024-11-09 23:33:20	59.9780433119403	48.532347761194025	47.98181	1	0	0	0	0
2024-11-09 23:33:30	59.89271541105527	48.53226703517588	47.98181	1	0	0	0	0
2024-11-09 23:33:40	60.06660425527638	48.3888951758794	47.98181	1	0	0	0	0
2024-11-09 23:33:50	60.330255539999996	48.2265581	47.98181	1	0	0	0	0
2024-11-09 23:34:00	60.849384539999996	48.0102431	47.98181	1	0	0	0	0
2024-11-09 23:34:10	61.33081047562189	47.79104217114428	47.98181	1	0	0	0	0
2024-11-09 23:34:20	61.704927689552235	47.56362744477612	47.98181	1	0	0	0	0
2024-11-09 23:34:30	62.007703649999996	47.400591850000005	47.98181	1	0	0	0	0
2024-11-09 23:34:40	62.09645585	47.43069365	47.98181	1	0	0	0	0
2024-11-09 23:34:50	62.099013325	47.496465725	47.98181	1	0	0	0	0
2024-11-09 23:35:00	61.842986625	47.669248625	47.98181	1	0	0	0	0
2024-11-09 23:35:10	61.51341369798995	47.85792301105528	47.98181	1	0	0	0	0
2024-11-09 23:35:20	60.963202089949746	48.09427185527638	47.98181	1	0	0	0	0
2024-11-09 23:35:30	60.47051254975125	48.3119484079602	47.98181	1	0	0	0	0
2024-11-09 23:35:40	60.141539664179106	48.476480746268656	47.98181	1	0	0	0	0
2024-11-09 23:35:50	59.890063749999996	48.595960425	47.98181	1	0	0	0	0
2024-11-09 23:36:00	59.871078749999995	48.580282125	47.98181	1	0	0	0	0
2024-11-09 23:36:10	59.9425875	48.509950475	47.98181	1	0	0	0	0
2024-11-09 23:36:20	60.2855775	48.275658775	47.98181	1	0	0	0	0
2024-11-09 23:36:30	60.6978179522613	48.034995891959795	47.98181	1	0	0	0	0
2024-11-09 23:36:40	61.317809761306535	47.77521945979899	47.98181	1	0	0	0	0
2024-11-09 23:36:50	61.858738519	47.545626956	47.98181	1	0	0	0	0
2024-11-09 23:37:00	62.174641669	47.401942555999995	47.98181	1	0	0	0	0
2024-11-09 23:37:10	62.3484780597015	47.331169340796016	47.98181	1	0	0	0	0
2024-11-09 23:37:20	62.117970597014924	47.467912574626865	47.98181	1	0	0	0	0
2024-11-09 23:37:30	61.86376665829146	47.62357552763819	47.98181	1	0	0	0	0
2024-11-09 23:37:40	61.53847329145729	47.83599763819095	47.98181	1	0	0	0	0
2024-11-09 23:37:50	61.14927470149254	48.05273388059701	47.98181	1	0	0	0	0
2024-11-09 23:38:00	60.57819201492538	48.281748805970146	47.98181	1	0	0	0	0
2024-11-09 23:38:10	60.10304075870647	48.476834626865674	47.98181	1	0	0	0	0
2024-11-09 23:38:20	59.91568379353234	48.57013313432836	47.98181	1	0	0	0	0
2024-11-09 23:38:30	59.82492687185929	48.60820762613065	47.98181	1	0	0	0	0
2024-11-09 23:38:40	60.0400700879397	48.47140606834171	47.98181	1	0	0	0	0
2024-11-09 23:38:50	60.2925065625	48.311286425	47.98181	1	0	0	0	0
2024-11-09 23:39:00	60.656822812499996	48.081212525	47.98181	1	0	0	0	0
2024-11-09 23:39:10	61.07499969849246	47.848386107537685	47.98181	1	0	0	0	0
2024-11-09 23:39:20	61.65475849246231	47.60730213768844	47.98181	1	0	0	0	0
2024-11-09 23:39:30	62.119845393	47.418929936	47.98181	1	0	0	0	0
2024-11-09 23:39:40	62.258558443	47.380583536	47.98181	1	0	0	0	0
2024-11-09 23:39:50	62.257016261	47.403274593	47.98181	1	0	0	0	0
2024-11-09 23:40:00	61.856286111	47.599687643	47.98181	1	0	0	0	0
2024-11-09 23:40:10	61.472917027860696	47.80533306915423	47.98181	1	0	0	0	0
2024-11-09 23:40:20	61.1389602119403	48.03725525820895	47.98181	1	0	0	0	0
2024-11-09 23:40:30	60.7634817080402	48.25684678693467	47.98181	1	0	0	0	0
2024-11-09 23:40:40	60.263438140201	48.43944633467337	47.98181	1	0	0	0	0
2024-11-09 23:40:50	59.872502771	48.57663791	47.98181	1	0	0	0	0
2024-11-09 23:41:00	59.792106121	48.58459141	47.98181	1	0	0	0	0
2024-11-09 23:41:10	59.846592362	48.53542239	47.98181	1	0	0	0	0
2024-11-09 23:41:20	60.284976062000005	48.32367389	47.98181	1	0	0	0	0
2024-11-09 23:41:30	60.716501300000004	48.09920151	47.98181	1	0	0	0	0
2024-11-09 23:41:40	61.128506300000005	47.83851501	47.98181	1	0	0	0	0
2024-11-09 23:41:50	61.567243928	47.597456052999995	47.98181	1	0	0	0	0
2024-11-09 23:42:00	62.082066728	47.412260102999994	47.98181	1	0	0	0	0
2024-11-09 23:42:10	62.44027973069307	47.302878083168316	47.98181	1	0	0	0	0
2024-11-09 23:42:20	62.35275715643564	47.40927417227722	47.98181	1	0	0	0	0
2024-11-09 23:42:30	62.16208	47.542548678787874	47.98181	1	0	0	0	0
2024-11-09 23:42:40	61.64474666666667	47.76093817373737	47.98181	1	0	0	0	0
2024-11-09 23:42:50	61.15675	47.98537778118812	47.98181	1	0	0	0	0
2024-11-09 23:43:00	60.752250000000004	48.22703693960396	47.98181	1	0	0	0	0
2024-11-09 23:43:10	60.34956174545455	48.442795463636365	47.98181	1	0	0	0	0
2024-11-09 23:43:20	59.95261068484849	48.57653531212121	47.98181	1	0	0	0	0
2024-11-09 23:43:30	59.682743506	48.649568736	47.98181	1	0	0	0	0
2024-11-09 23:43:40	59.774576606	48.549822336	47.98181	1	0	0	0	0
2024-11-09 23:43:50	59.992269842999995	48.4126896	47.98181	1	0	0	0	0
2024-11-09 23:44:00	60.568180393	48.169149600000004	47.98181	1	0	0	0	0
2024-11-09 23:44:10	61.107297355	47.9173988	47.98181	1	0	0	0	0
2024-11-09 23:44:20	61.541694105	47.6422788	47.98181	1	0	0	0	0
2024-11-09 23:44:30	61.92544580845771	47.42736599104478	47.98181	1	0	0	0	0
2024-11-09 23:44:40	62.16505391791045	47.383812110447764	47.98181	1	0	0	0	0
2024-11-09 23:44:50	62.2859989875	47.3928628	47.98181	1	0	0	0	0
2024-11-09 23:45:00	62.0509549375	47.5597272	47.98181	1	0	0	0	0
2024-11-09 23:45:10	61.7430100125	47.7414169375	47.98181	1	0	0	0	0
2024-11-09 23:45:20	61.2163624625	47.9675826875	47.98181	1	0	0	0	0
2024-11-09 23:45:30	60.723209212060304	48.187590241206024	47.98181	1	0	0	0	0
2024-11-09 23:45:40	60.33053886030151	48.38912320603015	47.98181	1	0	0	0	0
2024-11-09 23:45:50	60.01913849452736	48.53927113432836	47.98181	1	0	0	0	0
2024-11-09 23:46:00	59.9390450119403	48.54316934328358	47.98181	1	0	0	0	0
2024-11-09 23:46:10	59.96325205	48.489418875	47.98181	1	0	0	0	0
2024-11-09 23:46:20	60.30036065	48.262722375	47.98181	1	0	0	0	0
2024-11-09 23:46:30	60.70853414773869	48.027796733668346	47.98181	1	0	0	0	0
2024-11-09 23:46:40	61.329902338693465	47.76818366834171	47.98181	1	0	0	0	0
2024-11-09 23:46:50	61.875101686	47.535735459	47.98181	1	0	0	0	0
2024-11-09 23:47:00	62.203512786	47.380602609	47.98181	1	0	0	0	0
2024-11-09 23:47:10	62.38421954029851	47.306673260199005	47.98181	1	0	0	0	0
2024-11-09 23:47:20	62.144537002985075	47.46386156865671	47.98181	1	0	0	0	0
2024-11-09 23:47:30	61.870101962499994	47.639075774999995	47.98181	1	0	0	0	0
2024-11-09 23:47:40	61.4914094125	47.868367675	47.98181	1	0	0	0	0
2024-11-09 23:47:50	61.072523165829146	48.09196056984925	47.98181	1	0	0	0	0
2024-11-09 23:48:00	60.53305582914573	48.29845644924623	47.98181	1	0	0	0	0
2024-11-09 23:48:10	60.09411498905473	48.47115748756219	47.98181	1	0	0	0	0
2024-11-09 23:48:20	59.9412880238806	48.547673208955224	47.98181	1	0	0	0	0
2024-11-09 23:48:30	59.888473075	48.56682	47.98181	1	0	0	0	0
2024-11-09 23:48:40	60.135694175	48.41386	47.98181	1	0	0	0	0
2024-11-09 23:48:50	60.42748395728643	48.23570281407035	47.98181	1	0	0	0	0
2024-11-09 23:49:00	60.85297978643216	47.981954070351755	47.98181	1	0	0	0	0
2024-11-09 23:49:10	61.316194029	47.734925362999995	47.98181	1	0	0	0	0
2024-11-09 23:49:20	61.886760679	47.507022913	47.98181	1	0	0	0	0
2024-11-09 23:49:30	62.3076722	47.350383577	47.98181	1	0	0	0	0
2024-11-09 23:49:40	62.3026422	47.396570027	47.98181	1	0	0	0	0
2024-11-09 23:49:50	62.188104763000005	47.479301622	47.98181	1	0	0	0	0
2024-11-09 23:50:00	61.761892313000004	47.666046322	47.98181	1	0	0	0	0
2024-11-09 23:50:10	61.359497488	47.861464491999996	47.98181	1	0	0	0	0
2024-11-09 23:50:20	61.024891288	48.081568692	47.98181	1	0	0	0	0
2024-11-09 23:50:30	60.66430734477612	48.28686022089553	47.98181	1	0	0	0	0
2024-11-09 23:50:40	60.229786747761196	48.44999260895522	47.98181	1	0	0	0	0
2024-11-09 23:50:50	59.90149852361809	48.562083432663314	47.98181	1	0	0	0	0
2024-11-09 23:51:00	59.891907418090454	48.52104956331658	47.98181	1	0	0	0	0
2024-11-09 23:51:10	59.998100476	48.440129515	47.98181	1	0	0	0	0
2024-11-09 23:51:20	60.433833076	48.245687265	47.98181	1	0	0	0	0
2024-11-09 23:51:30	60.835258905472635	48.04814427860696	47.98181	1	0	0	0	0
2024-11-09 23:51:40	61.1390423880597	47.84177611940298	47.98181	1	0	0	0	0
2024-11-09 23:51:50	61.36688	47.687	47.98181	1	0	0	0	0
2024-11-09 23:52:00	61.83948264285714	47.5250371795031	47.98181	1	0	0	0	0
2024-11-09 23:52:10	62.218986874	47.408099983999996	47.98181	1	0	0	0	0
2024-11-09 23:52:20	62.132526774	47.488193384	47.98181	1	0	0	0	0
2024-11-09 23:52:30	61.954727574626865	47.59902042238806	47.98181	1	0	0	0	0
2024-11-09 23:52:40	61.51696324626866	47.797320123880596	47.98181	1	0	0	0	0
2024-11-09 23:52:50	61.1071767375	47.994930249999996	47.98181	1	0	0	0	0
2024-11-09 23:53:00	60.7813236875	48.19047165	47.98181	1	0	0	0	0
2024-11-09 23:53:10	60.46009697788945	48.365253906030155	47.98181	1	0	0	0	0
2024-11-09 23:53:20	60.152749289447236	48.477758730150754	47.98181	1	0	0	0	0
2024-11-09 23:53:30	59.95021584	48.534645401	47.98181	1	0	0	0	0
2024-11-09 23:53:40	60.04599984	48.433234251	47.98181	1	0	0	0	0
2024-11-09 23:53:50	60.2473116	48.299984788	47.98181	1	0	0	0	0
2024-11-09 23:54:00	60.7489716	48.076118588	47.98181	1	0	0	0	0
2024-11-09 23:54:10	61.214817419	47.850649787	47.98181	1	0	0	0	0
2024-11-09 23:54:20	61.578730569	47.620619737	47.98181	1	0	0	0	0
2024-11-09 23:54:30	61.898929581	47.444455005	47.98181	1	0	0	0	0
2024-11-09 23:54:40	62.094711431	47.421599255	47.98181	1	0	0	0	0
2024-11-09 23:54:50	62.1791829	47.44857192	47.98181	1	0	0	0	0
2024-11-09 23:55:00	61.9468479	47.617363919999995	47.98181	1	0	0	0	0
2024-11-09 23:55:10	61.6301403	47.8049326	47.98181	1	0	0	0	0
2024-11-09 23:55:20	61.073295300000005	48.045942600000004	47.98181	1	0	0	0	0
2024-11-09 23:55:30	60.573978745000005	48.270519638	47.98181	1	0	0	0	0
2024-11-09 23:55:40	60.238396995	48.448325937999996	47.98181	1	0	0	0	0
2024-11-09 23:55:50	59.97426693383084	48.57593926865671	47.98181	1	0	0	0	0
2024-11-09 23:56:00	59.91349937164179	48.560695686567165	47.98181	1	0	0	0	0
2024-11-09 23:56:10	59.947187456281405	48.49706664321609	47.98181	1	0	0	0	0
2024-11-09 23:56:20	60.26424248140704	48.28828121608041	47.98181	1	0	0	0	0
2024-11-09 23:56:30	60.662602984	48.0643444	47.98181	1	0	0	0	0
2024-11-09 23:56:40	61.292371384	47.7972844	47.98181	1	0	0	0	0
2024-11-09 23:56:50	61.83607587960199	47.56210684179104	47.98181	1	0	0	0	0
2024-11-09 23:57:00	62.13482926268657	47.41767161791045	47.98181	1	0	0	0	0
2024-11-09 23:57:10	62.310018131658296	47.34096837839196	47.98181	1	0	0	0	0
2024-11-09 23:57:20	62.114513458291455	47.4674610919598	47.98181	1	0	0	0	0
2024-11-09 23:57:30	61.8748698	47.618076082	47.98181	1	0	0	0	0
2024-11-09 23:57:40	61.5095998	47.837346782	47.98181	1	0	0	0	0
2024-11-09 23:57:50	61.1138097	48.051805077	47.98181	1	0	0	0	0
2024-11-09 23:58:00	60.631154699999996	48.252566527	47.98181	1	0	0	0	0
2024-11-09 23:58:10	60.228210097	48.422303984	47.98181	1	0	0	0	0
2024-11-09 23:58:20	60.052133547000004	48.503742384	47.98181	1	0	0	0	0
2024-11-09 23:58:30	59.958722203	48.537883716	47.98181	1	0	0	0	0
2024-11-09 23:58:40	60.100588753000004	48.437410316	47.98181	1	0	0	0	0
2024-11-09 23:58:50	60.295074275000005	48.3054227875	47.98181	1	0	0	0	0
2024-11-09 23:59:00	60.63932148653846	48.08374120096154	47.98181	1	0	0	0	0
2024-11-09 23:59:10	61.02624380625	47.85991026875	47.98181	1	0	0	0	0
2024-11-09 23:59:20	61.60757495208333	47.62628787291667	47.98181	1	0	0	0	0
2024-11-09 23:59:30	62.07167212338308	47.44843634577114	47.98181	1	0	0	0	0
2024-11-09 23:59:40	62.20210336716418	47.429317291044775	47.98181	1	0	0	0	0
2024-11-09 23:59:50	62.216405425000005	47.4538173375	47.98181	1	0	0	0	0
2024-11-10 00:00:00	61.882319925	47.6091746875	47.98181	1	0	0	0	0
