PROCESSDATA	2411FIC20502 Data	yyyy-MM-dd HH:mm:ss
8	10	2024-09-03 21:55:00	751
tagname	2411FIC20502.MV	2411FIC20502.PV	2411FIC20502.SV	2411FIC20502.MODE	bOpOFL	bPvOFL	bSpOFL	bAutOFL
desc	顶循换热器E214管程入口_OP	顶循换热器E214管程入口_PV	顶循换热器E214管程入口_SP	Aut	bOpOFL	bPvOFL	bSpOFL	bAutOFL
fsMax=4.7390392153846115	fsMin=0	fsGridNum=10	fdMax=4.7390392153846115tfdMin=0	fdGridNum=10	v0GridNum=10	L=24
2024-09-03 21:55:00	65.28306719999999	307.07177028	307.953644	1	0	0	0	0
2024-09-03 21:55:10	65.347393836	306.41229244	307.953644	1	0	0	0	0
2024-09-03 21:55:20	65.2747332	307.7813536	307.953644	1	0	0	0	0
2024-09-03 21:55:30	65.3011236	307.6374532	307.953644	1	0	0	0	0
2024-09-03 21:55:40	65.20508755102041	309.3041977755102	307.953644	1	0	0	0	0
2024-09-03 21:55:50	65.245627108	308.4885604	307.953644	1	0	0	0	0
2024-09-03 21:56:00	65.2395932	308.53157992	307.953644	1	0	0	0	0
2024-09-03 21:56:10	65.410416988	306.20978856	307.953644	1	0	0	0	0
2024-09-03 21:56:20	65.352412684	307.66957952	307.953644	1	0	0	0	0
2024-09-03 21:56:30	65.400754304	307.09381840000003	307.953644	1	0	0	0	0
2024-09-03 21:56:40	65.26803711836735	309.1405449795918	307.953644	1	0	0	0	0
2024-09-03 21:56:50	65.28219778399999	308.5019676	307.953644	1	0	0	0	0
2024-09-03 21:57:00	65.25802386000001	308.52594252	307.953644	1	0	0	0	0
2024-09-03 21:57:10	65.173510752	309.56171908000005	307.953644	1	0	0	0	0
2024-09-03 21:57:20	65.175959824	309.159136	307.953644	1	0	0	0	0
2024-09-03 21:57:30	65.321998408	306.86601476000004	307.953644	1	0	0	0	0
2024-09-03 21:57:40	65.19442346938776	308.4431918367347	307.953644	1	0	0	0	0
2024-09-03 21:57:50	65.1788484	308.48173964	307.953644	1	0	0	0	0
2024-09-03 21:58:00	65.14904200000001	308.6539708	307.953644	1	0	0	0	0
2024-09-03 21:58:10	65.19958614	307.7138125	307.953644	1	0	0	0	0
2024-09-03 21:58:20	65.24085512799999	307.21072288	307.953644	1	0	0	0	0
2024-09-03 21:58:30	65.26497839999999	307.35635844	307.953644	1	0	0	0	0
2024-09-03 21:58:40	65.22357079999999	308.10263249999997	307.953644	1	0	0	0	0
2024-09-03 21:58:50	65.22029359400001	308.2676218	307.953644	1	0	0	0	0
2024-09-03 21:59:00	65.173288	308.98402	307.953644	1	0	0	0	0
2024-09-03 21:59:10	65.1829052	308.53778772	307.953644	1	0	0	0	0
2024-09-03 21:59:20	65.21927599	307.8722105	307.953644	1	0	0	0	0
2024-09-03 21:59:30	65.173345822	308.64814058	307.953644	1	0	0	0	0
2024-09-03 21:59:40	65.2194748	307.60614	307.953644	1	0	0	0	0
2024-09-03 21:59:50	65.163357702	308.3025527	307.953644	1	0	0	0	0
2024-09-03 22:00:00	65.163635498	308.21265344	307.953644	1	0	0	0	0
2024-09-03 22:00:10	65.14247792	308.35195461999996	307.953644	1	0	0	0	0
2024-09-03 22:00:20	65.0750868	309.04360534	307.953644	1	0	0	0	0
2024-09-03 22:00:30	65.042991476	308.94643236	307.953644	1	0	0	0	0
2024-09-03 22:00:40	65.04024	308.70282	307.953644	1	0	0	0	0
2024-09-03 22:00:50	65.109861092	307.66916036	307.953644	1	0	0	0	0
2024-09-03 22:01:00	65.0469972	308.33796938	307.953644	1	0	0	0	0
2024-09-03 22:01:10	65.00801560000001	308.803876	307.953644	1	0	0	0	0
2024-09-03 22:01:20	65.08355441	307.7476022	307.953644	1	0	0	0	0
2024-09-03 22:01:30	65.09614200200001	307.8147214	307.953644	1	0	0	0	0
2024-09-03 22:01:40	65.05732	308.50827	307.953644	1	0	0	0	0
2024-09-03 22:01:50	65.092698798	307.8764929	307.953644	1	0	0	0	0
2024-09-03 22:02:00	65.0672938	308.09367198	307.953644	1	0	0	0	0
2024-09-03 22:02:10	65.02409560000001	308.41653434	307.953644	1	0	0	0	0
2024-09-03 22:02:20	64.99469330800001	308.68168235999997	307.953644	1	0	0	0	0
2024-09-03 22:02:30	65.1122256	306.75973068	307.953644	1	0	0	0	0
2024-09-03 22:02:40	65.1750072	306.46772458000004	307.953644	1	0	0	0	0
2024-09-03 22:02:50	65.0555928	308.07983042	307.953644	1	0	0	0	0
2024-09-03 22:03:00	65.0804362	307.48943882000003	307.953644	1	0	0	0	0
2024-09-03 22:03:10	65.028201182	308.29033033999997	307.953644	1	0	0	0	0
2024-09-03 22:03:20	65.068820308	307.69924050000003	307.953644	1	0	0	0	0
2024-09-03 22:03:30	65.016047488	308.53438214	307.953644	1	0	0	0	0
2024-09-03 22:03:40	65.02328	308.106842	307.953644	1	0	0	0	0
2024-09-03 22:03:50	65.0932082	307.08680400000003	307.953644	1	0	0	0	0
2024-09-03 22:04:00	65.0828071	307.59296434000004	307.953644	1	0	0	0	0
2024-09-03 22:04:10	65.004075686	308.75682798	307.953644	1	0	0	0	0
2024-09-03 22:04:20	65.0747052	307.62790376	307.953644	1	0	0	0	0
2024-09-03 22:04:30	65.038823898	308.178224	307.953644	1	0	0	0	0
2024-09-03 22:04:40	65.20293	306.0965	307.953644	1	0	0	0	0
2024-09-03 22:04:50	65.12133728200001	307.61713291999996	307.953644	1	0	0	0	0
2024-09-03 22:05:00	65.051465512	308.57458258	307.953644	1	0	0	0	0
2024-09-03 22:05:10	65.06514299999999	308.2660469	307.953644	1	0	0	0	0
2024-09-03 22:05:20	65.11813268	307.68194948	307.953644	1	0	0	0	0
2024-09-03 22:05:30	65.0817304	308.03584086	307.953644	1	0	0	0	0
2024-09-03 22:05:40	65.1667938	306.89447	307.953644	1	0	0	0	0
2024-09-03 22:05:50	65.2244844	306.34273460000003	307.953644	1	0	0	0	0
2024-09-03 22:06:00	65.10248940000001	308.26778732	307.953644	1	0	0	0	0
2024-09-03 22:06:10	65.0714542	308.51135538	307.953644	1	0	0	0	0
2024-09-03 22:06:20	65.0827506	308.26125016	307.953644	1	0	0	0	0
2024-09-03 22:06:30	65.1781566	307.03766174	307.953644	1	0	0	0	0
2024-09-03 22:06:40	65.11661	308.055176	307.953644	1	0	0	0	0
2024-09-03 22:06:50	65.1277224	307.81177132	307.953644	1	0	0	0	0
2024-09-03 22:07:00	65.0126554	309.23620564000004	307.953644	1	0	0	0	0
2024-09-03 22:07:10	65.068112	308.04693025999995	307.953644	1	0	0	0	0
2024-09-03 22:07:20	65.09702920000001	307.32061974	307.953644	1	0	0	0	0
2024-09-03 22:07:30	65.061877	307.95840533999996	307.953644	1	0	0	0	0
2024-09-03 22:07:40	65.1685534	306.87581478	307.953644	1	0	0	0	0
2024-09-03 22:07:50	65.02031109400001	309.04946418	307.953644	1	0	0	0	0
2024-09-03 22:08:00	65.1110466	307.74550367999996	307.953644	1	0	0	0	0
2024-09-03 22:08:10	65.167821006	306.95156422	307.953644	1	0	0	0	0
2024-09-03 22:08:20	65.302671214	305.46731604	307.953644	1	0	0	0	0
2024-09-03 22:08:30	65.2006334	307.642556	307.953644	1	0	0	0	0
2024-09-03 22:08:40	65.08845	309.3963	307.953644	1	0	0	0	0
2024-09-03 22:08:50	65.341001502	305.86075638	307.953644	1	0	0	0	0
2024-09-03 22:09:00	65.18887092	308.41732242	307.953644	1	0	0	0	0
2024-09-03 22:09:10	65.2580046	307.32830889999997	307.953644	1	0	0	0	0
2024-09-03 22:09:20	65.26516000000001	307.24555858	307.953644	1	0	0	0	0
2024-09-03 22:09:30	65.24859	307.8383	307.953644	1	0	0	0	0
2024-09-03 22:09:40	65.222931	308.3117797857143	307.953644	1	0	0	0	0
2024-09-03 22:09:50	65.26837417317074	307.65688890243905	307.953644	1	0	0	0	0
2024-09-03 22:10:00	65.28771900000001	307.25596246000003	307.953644	1	0	0	0	0
2024-09-03 22:10:10	65.20455448999999	308.77202462	307.953644	1	0	0	0	0
2024-09-03 22:10:20	65.303302078	307.50964147999997	307.953644	1	0	0	0	0
2024-09-03 22:10:30	65.27113299999999	307.86833244	307.953644	1	0	0	0	0
2024-09-03 22:10:40	65.4168602	305.8744143	307.953644	1	0	0	0	0
2024-09-03 22:10:50	65.18231999999999	309.4357759	307.953644	1	0	0	0	0
2024-09-03 22:11:00	65.172709478	309.40538224	307.953644	1	0	0	0	0
2024-09-03 22:11:10	65.3119884	307.35820294	307.953644	1	0	0	0	0
2024-09-03 22:11:20	65.337947018	306.871674	307.953644	1	0	0	0	0
2024-09-03 22:11:30	65.318190414	307.77393552	307.953644	1	0	0	0	0
2024-09-03 22:11:40	65.27016	308.6301	307.953644	1	0	0	0	0
2024-09-03 22:11:50	65.28761279999999	307.88134134	307.953644	1	0	0	0	0
2024-09-03 22:12:00	65.25479920000001	308.51287322	307.953644	1	0	0	0	0
2024-09-03 22:12:10	65.2512813	308.33200864	307.953644	1	0	0	0	0
2024-09-03 22:12:20	65.174133888	309.31939043999995	307.953644	1	0	0	0	0
2024-09-03 22:12:30	65.2390748	308.227174	307.953644	1	0	0	0	0
2024-09-03 22:12:40	65.32678	306.862579	307.953644	1	0	0	0	0
2024-09-03 22:12:50	65.2299256	308.25109976000005	307.953644	1	0	0	0	0
2024-09-03 22:13:00	65.3022916	307.1331094	307.953644	1	0	0	0	0
2024-09-03 22:13:10	65.203077504	308.1885255	307.953644	1	0	0	0	0
2024-09-03 22:13:20	65.26608172	307.52874276	307.953644	1	0	0	0	0
2024-09-03 22:13:30	65.20173349000001	308.38274134	307.953644	1	0	0	0	0
2024-09-03 22:13:40	65.1180649	308.921051	307.953644	1	0	0	0	0
2024-09-03 22:13:50	65.1310432	308.19839348	307.953644	1	0	0	0	0
2024-09-03 22:14:00	65.060050694	308.66012058	307.953644	1	0	0	0	0
2024-09-03 22:14:10	65.058844916	308.57717923999996	307.953644	1	0	0	0	0
2024-09-03 22:14:20	65.06123360000001	308.71752354	307.953644	1	0	0	0	0
2024-09-03 22:14:30	65.04013060000001	308.66301092000003	307.953644	1	0	0	0	0
2024-09-03 22:14:40	65.09733	307.326447	307.953644	1	0	0	0	0
2024-09-03 22:14:50	65.0260246	308.601788	307.953644	1	0	0	0	0
2024-09-03 22:15:00	64.973432406	308.97805438	307.953644	1	0	0	0	0
2024-09-03 22:15:10	65.03724	308.07512410000004	307.953644	1	0	0	0	0
2024-09-03 22:15:20	65.0625186	307.78070968	307.953644	1	0	0	0	0
2024-09-03 22:15:30	65.176817704	306.32473924000004	307.953644	1	0	0	0	0
2024-09-03 22:15:40	65.04094	308.7343	307.953644	1	0	0	0	0
2024-09-03 22:15:50	65.1547002	306.63159	307.953644	1	0	0	0	0
2024-09-03 22:16:00	64.982419116	309.47264923999995	307.953644	1	0	0	0	0
2024-09-03 22:16:10	65.176214702	306.77917438	307.953644	1	0	0	0	0
2024-09-03 22:16:20	65.1891866	306.845488	307.953644	1	0	0	0	0
2024-09-03 22:16:30	65.1145658	307.97474236	307.953644	1	0	0	0	0
2024-09-03 22:16:40	65.10943	308.0465	307.953644	1	0	0	0	0
2024-09-03 22:16:50	65.194708218	306.79745944	307.953644	1	0	0	0	0
2024-09-03 22:17:00	65.04850251799999	309.31734683999997	307.953644	1	0	0	0	0
2024-09-03 22:17:10	65.0280756	309.07637146	307.953644	1	0	0	0	0
2024-09-03 22:17:20	65.129740892	307.42567756	307.953644	1	0	0	0	0
2024-09-03 22:17:30	65.1675446	306.98382368	307.953644	1	0	0	0	0
2024-09-03 22:17:40	65.20834	306.944275	307.953644	1	0	0	0	0
2024-09-03 22:17:50	65.0840544	308.68084544	307.953644	1	0	0	0	0
2024-09-03 22:18:00	65.267458496	306.25035262	307.953644	1	0	0	0	0
2024-09-03 22:18:10	65.35712	305.1755408	307.953644	1	0	0	0	0
2024-09-03 22:18:20	65.14844819999999	308.59284672	307.953644	1	0	0	0	0
2024-09-03 22:18:30	65.231887	307.47283814	307.953644	1	0	0	0	0
2024-09-03 22:18:40	65.23039999999999	307.6073271	307.953644	1	0	0	0	0
2024-09-03 22:18:50	65.28361480000001	306.94820416	307.953644	1	0	0	0	0
2024-09-03 22:19:00	65.28361480000001	306.94820416	307.953644	1	0	0	0	0
2024-09-03 22:19:10	65.188316	308.75929234	307.953644	1	0	0	0	0
2024-09-03 22:19:20	65.32900579999999	306.81976199999997	307.953644	1	0	0	0	0
2024-09-03 22:19:30	65.32900579999999	306.81976199999997	307.953644	1	0	0	0	0
2024-09-03 22:19:40	65.33581	306.9961	307.953644	1	0	0	0	0
2024-09-03 22:19:50	65.36195839	306.45315036	307.953644	1	0	0	0	0
2024-09-03 22:20:00	65.1685016	309.0941433	307.953644	1	0	0	0	0
2024-09-03 22:20:10	65.3143482	306.48000542	307.953644	1	0	0	0	0
2024-09-03 22:20:20	65.29803380999999	306.58630822	307.953644	1	0	0	0	0
2024-09-03 22:20:30	65.25780759999999	307.48699938000004	307.953644	1	0	0	0	0
2024-09-03 22:20:40	65.16434	308.6251	307.953644	1	0	0	0	0
2024-09-03 22:20:50	65.0857144	309.53353716	307.953644	1	0	0	0	0
2024-09-03 22:21:00	65.141577012	308.17848338	307.953644	1	0	0	0	0
2024-09-03 22:21:10	65.0102074	309.96866072	307.953644	1	0	0	0	0
2024-09-03 22:21:20	65.0826782	308.5504816	307.953644	1	0	0	0	0
2024-09-03 22:21:30	65.18317682200001	306.7925001	307.953644	1	0	0	0	0
2024-09-03 22:21:40	65.032290006	309.41913511999996	307.953644	1	0	0	0	0
2024-09-03 22:21:50	65.019182	309.08081618	307.953644	1	0	0	0	0
2024-09-03 22:22:00	65.125309574	307.29301614	307.953644	1	0	0	0	0
2024-09-03 22:22:10	65.0883018	308.02602645999997	307.953644	1	0	0	0	0
2024-09-03 22:22:20	65.151804886	306.99201904	307.953644	1	0	0	0	0
2024-09-03 22:22:30	65.1986754	306.99744400000003	307.953644	1	0	0	0	0
2024-09-03 22:22:40	65.17919	307.950226	307.953644	1	0	0	0	0
2024-09-03 22:22:50	65.174611782	307.88082628	307.953644	1	0	0	0	0
2024-09-03 22:23:00	65.22421808	307.25939894	307.953644	1	0	0	0	0
2024-09-03 22:23:10	65.174069104	308.26905126	307.953644	1	0	0	0	0
2024-09-03 22:23:20	65.355150404	305.322414	307.953644	1	0	0	0	0
2024-09-03 22:23:30	65.201047216	307.88567434	307.953644	1	0	0	0	0
2024-09-03 22:23:40	65.42926	304.973877	307.953644	1	0	0	0	0
2024-09-03 22:23:50	65.230086296	308.39060642	307.953644	1	0	0	0	0
2024-09-03 22:24:00	65.2387756	307.86901462000003	307.953644	1	0	0	0	0
2024-09-03 22:24:10	65.2034218	308.52811434	307.953644	1	0	0	0	0
2024-09-03 22:24:20	65.10524890800001	309.67386192	307.953644	1	0	0	0	0
2024-09-03 22:24:30	65.07425119999999	309.73128622	307.953644	1	0	0	0	0
2024-09-03 22:24:40	65.22451942307693	307.3326593846154	307.953644	1	0	0	0	0
2024-09-03 22:24:50	65.233660222	307.14528418	307.953644	1	0	0	0	0
2024-09-03 22:25:00	65.167442516	308.18272066000003	307.953644	1	0	0	0	0
2024-09-03 22:25:10	65.2571746	306.81364682	307.953644	1	0	0	0	0
2024-09-03 22:25:20	65.28166	306.80210944	307.953644	1	0	0	0	0
2024-09-03 22:25:30	65.13378861800001	309.14001096	307.953644	1	0	0	0	0
2024-09-03 22:25:40	65.19843	308.117981	307.953644	1	0	0	0	0
2024-09-03 22:25:50	65.3358882	306.07132264	307.953644	1	0	0	0	0
2024-09-03 22:26:00	65.35964759000001	306.15621838	307.953644	1	0	0	0	0
2024-09-03 22:26:10	65.2362846	308.06134964	307.953644	1	0	0	0	0
2024-09-03 22:26:20	65.213117922	308.14957176	307.953644	1	0	0	0	0
2024-09-03 22:26:30	65.3307046	306.78148577999997	307.953644	1	0	0	0	0
2024-09-03 22:26:40	65.26308	307.899261	307.953644	1	0	0	0	0
2024-09-03 22:26:50	65.2233228	308.41899662	307.953644	1	0	0	0	0
2024-09-03 22:27:00	65.22781140000001	308.20200276	307.953644	1	0	0	0	0
2024-09-03 22:27:10	65.128406304	309.50190448	307.953644	1	0	0	0	0
2024-09-03 22:27:20	65.2990384	306.71157874	307.953644	1	0	0	0	0
2024-09-03 22:27:30	65.223222502	307.89790678	307.953644	1	0	0	0	0
2024-09-03 22:27:40	65.23389	307.335358	307.953644	1	0	0	0	0
2024-09-03 22:27:50	65.112046402	308.6339833	307.953644	1	0	0	0	0
2024-09-03 22:28:00	65.13600092	308.02567848	307.953644	1	0	0	0	0
2024-09-03 22:28:10	65.1203044	308.29921492	307.953644	1	0	0	0	0
2024-09-03 22:28:20	65.20814611600001	307.309952	307.953644	1	0	0	0	0
2024-09-03 22:28:30	65.2576256	306.69585487999996	307.953644	1	0	0	0	0
2024-09-03 22:28:40	65.11727	308.930481	307.953644	1	0	0	0	0
2024-09-03 22:28:50	65.08809140000001	308.83190712000004	307.953644	1	0	0	0	0
2024-09-03 22:29:00	65.0829066	308.47396446	307.953644	1	0	0	0	0
2024-09-03 22:29:10	65.184257014	306.69656463999996	307.953644	1	0	0	0	0
2024-09-03 22:29:20	65.088984	308.51019676	307.953644	1	0	0	0	0
2024-09-03 22:29:30	65.1555046	307.28284232	307.953644	1	0	0	0	0
2024-09-03 22:29:40	65.0304018	308.94146618	307.953644	1	0	0	0	0
2024-09-03 22:29:50	65.2813778	304.94646164	307.953644	1	0	0	0	0
2024-09-03 22:30:00	65.17107539999999	307.16544039999997	307.953644	1	0	0	0	0
2024-09-03 22:30:10	65.086674488	308.46122794	307.953644	1	0	0	0	0
2024-09-03 22:30:20	65.06828519999999	308.40396	307.953644	1	0	0	0	0
2024-09-03 22:30:30	65.1004504	307.61029304000004	307.953644	1	0	0	0	0
2024-09-03 22:30:40	65.04279	308.437927	307.953644	1	0	0	0	0
2024-09-03 22:30:50	65.05605039999999	308.39374368	307.953644	1	0	0	0	0
2024-09-03 22:31:00	65.10606371200001	307.67411854	307.953644	1	0	0	0	0
2024-09-03 22:31:10	65.139669716	307.49410756	307.953644	1	0	0	0	0
2024-09-03 22:31:20	65.0103972	309.2197873	307.953644	1	0	0	0	0
2024-09-03 22:31:30	65.0404782	308.32728948	307.953644	1	0	0	0	0
2024-09-03 22:31:40	64.98325	309.007263	307.953644	1	0	0	0	0
2024-09-03 22:31:50	64.9291904	309.42314538	307.953644	1	0	0	0	0
2024-09-03 22:32:00	64.92758520000001	309.0110945	307.953644	1	0	0	0	0
2024-09-03 22:32:10	64.940618316	308.66001486	307.953644	1	0	0	0	0
2024-09-03 22:32:20	64.9017674	309.05524908	307.953644	1	0	0	0	0
2024-09-03 22:32:30	64.9264964	308.36546886	307.953644	1	0	0	0	0
2024-09-03 22:32:40	65.020874	307.084045	307.953644	1	0	0	0	0
2024-09-03 22:32:50	65.0269366	307.32266554	307.953644	1	0	0	0	0
2024-09-03 22:33:00	65.00509407599999	307.598634	307.953644	1	0	0	0	0
2024-09-03 22:33:10	65.0796514	306.64926832000003	307.953644	1	0	0	0	0
2024-09-03 22:33:20	64.954265	308.0623	307.953644	1	0	0	0	0
2024-09-03 22:33:30	64.960576906	307.83549104	307.953644	1	0	0	0	0
2024-09-03 22:33:40	64.9801254	307.455078	307.953644	1	0	0	0	0
2024-09-03 22:33:50	64.943185488	308.12034558	307.953644	1	0	0	0	0
2024-09-03 22:34:00	64.9944764	307.80190892	307.953644	1	0	0	0	0
2024-09-03 22:34:10	64.96841371000001	308.20183492	307.953644	1	0	0	0	0
2024-09-03 22:34:20	64.9826458	307.961882	307.953644	1	0	0	0	0
2024-09-03 22:34:30	64.975502514	307.87907974	307.953644	1	0	0	0	0
2024-09-03 22:34:40	65.0031052	307.721741	307.953644	1	0	0	0	0
2024-09-03 22:34:50	64.98435380000001	307.88695364	307.953644	1	0	0	0	0
2024-09-03 22:35:00	64.996535476	307.44976692	307.953644	1	0	0	0	0
2024-09-03 22:35:10	64.89169129599999	308.9425688	307.953644	1	0	0	0	0
2024-09-03 22:35:20	64.8079824	309.71611	307.953644	1	0	0	0	0
2024-09-03 22:35:30	64.95662159999999	307.2866865	307.953644	1	0	0	0	0
2024-09-03 22:35:40	64.95141634615385	307.35906575	307.953644	1	0	0	0	0
2024-09-03 22:35:50	64.952122708	307.5412812	307.953644	1	0	0	0	0
2024-09-03 22:36:00	64.8717614	308.7913057	307.953644	1	0	0	0	0
2024-09-03 22:36:10	64.93000719999999	307.85509788	307.953644	1	0	0	0	0
2024-09-03 22:36:20	65.008496	306.80686338	307.953644	1	0	0	0	0
2024-09-03 22:36:30	64.9168416	308.2583719	307.953644	1	0	0	0	0
2024-09-03 22:36:40	65.02288	306.6537	307.953644	1	0	0	0	0
2024-09-03 22:36:50	64.88430692200001	308.912782	307.953644	1	0	0	0	0
2024-09-03 22:37:00	64.909818288	308.22508038	307.953644	1	0	0	0	0
2024-09-03 22:37:10	64.85936439999999	308.65319702	307.953644	1	0	0	0	0
2024-09-03 22:37:20	64.89071981400001	307.82130108	307.953644	1	0	0	0	0
2024-09-03 22:37:30	64.87954339999999	308.1598156	307.953644	1	0	0	0	0
2024-09-03 22:37:40	64.9310455	307.26062	307.953644	1	0	0	0	0
2024-09-03 22:37:50	64.81302690999999	309.27260672	307.953644	1	0	0	0	0
2024-09-03 22:38:00	64.911128708	307.93571498	307.953644	1	0	0	0	0
2024-09-03 22:38:10	64.88059080400001	308.42619232	307.953644	1	0	0	0	0
2024-09-03 22:38:20	64.87568458999999	308.34789016	307.953644	1	0	0	0	0
2024-09-03 22:38:30	64.9440058	307.263244	307.953644	1	0	0	0	0
2024-09-03 22:38:40	65.01213	306.5998	307.953644	1	0	0	0	0
2024-09-03 22:38:50	64.938658182	307.6823154	307.953644	1	0	0	0	0
2024-09-03 22:39:00	64.987563402	307.07314754	307.953644	1	0	0	0	0
2024-09-03 22:39:10	65.043829112	306.62387058	307.953644	1	0	0	0	0
2024-09-03 22:39:20	64.974914114	307.9913747	307.953644	1	0	0	0	0
2024-09-03 22:39:30	65.0375443	307.304169	307.953644	1	0	0	0	0
2024-09-03 22:39:40	64.89547893857143	309.1843050142857	307.953644	1	0	0	0	0
2024-09-03 22:39:50	64.91838523809524	308.70653714285714	307.953644	1	0	0	0	0
2024-09-03 22:40:00	64.9671488	307.65155738	307.953644	1	0	0	0	0
2024-09-03 22:40:10	64.85005380000001	309.24804464	307.953644	1	0	0	0	0
2024-09-03 22:40:20	65.0821962	305.62154108000004	307.953644	1	0	0	0	0
2024-09-03 22:40:30	64.89625020000001	308.22528684	307.953644	1	0	0	0	0
2024-09-03 22:40:40	64.81692	309.302673	307.953644	1	0	0	0	0
2024-09-03 22:40:50	64.886215888	308.3795139	307.953644	1	0	0	0	0
2024-09-03 22:41:00	64.96883460000001	307.18209984	307.953644	1	0	0	0	0
2024-09-03 22:41:10	65.06223612000001	306.21726326000004	307.953644	1	0	0	0	0
2024-09-03 22:41:20	64.93455869	308.28380396	307.953644	1	0	0	0	0
2024-09-03 22:41:30	64.930065312	308.01269628	307.953644	1	0	0	0	0
2024-09-03 22:41:40	64.98851	307.2876	307.953644	1	0	0	0	0
2024-09-03 22:41:50	65.02350629600001	306.68469364000003	307.953644	1	0	0	0	0
2024-09-03 22:42:00	64.9960262	307.56861126	307.953644	1	0	0	0	0
2024-09-03 22:42:10	64.95676759999999	307.81682108	307.953644	1	0	0	0	0
2024-09-03 22:42:20	65.075834096	306.69827055999997	307.953644	1	0	0	0	0
2024-09-03 22:42:30	64.94427	308.90193974	307.953644	1	0	0	0	0
2024-09-03 22:42:40	65.01305	307.770935	307.953644	1	0	0	0	0
2024-09-03 22:42:50	64.996099492	308.02148534	307.953644	1	0	0	0	0
2024-09-03 22:43:00	65.0206094	308.00504218	307.953644	1	0	0	0	0
2024-09-03 22:43:10	64.97677990800001	308.19965196	307.953644	1	0	0	0	0
2024-09-03 22:43:20	65.10525731199999	306.429148	307.953644	1	0	0	0	0
2024-09-03 22:43:30	64.955920898	308.64726656	307.953644	1	0	0	0	0
2024-09-03 22:43:40	64.89873	309.4887	307.953644	1	0	0	0	0
2024-09-03 22:43:50	64.913865	308.77481582	307.953644	1	0	0	0	0
2024-09-03 22:44:00	65.0350578	306.98221126	307.953644	1	0	0	0	0
2024-09-03 22:44:10	64.98334559999999	307.67069748	307.953644	1	0	0	0	0
2024-09-03 22:44:20	64.91102141799999	308.87149758	307.953644	1	0	0	0	0
2024-09-03 22:44:30	64.8816898	309.14830608	307.953644	1	0	0	0	0
2024-09-03 22:44:40	64.874115	308.762848	307.953644	1	0	0	0	0
2024-09-03 22:44:50	64.91905080000001	308.07713002	307.953644	1	0	0	0	0
2024-09-03 22:45:00	64.8806021	308.45031388	307.953644	1	0	0	0	0
2024-09-03 22:45:10	64.8802726	308.1726133	307.953644	1	0	0	0	0
2024-09-03 22:45:20	64.911394296	308.14815600000003	307.953644	1	0	0	0	0
2024-09-03 22:45:30	64.91321432000001	307.9785392	307.953644	1	0	0	0	0
2024-09-03 22:45:40	65.0785354	305.9385701	307.953644	1	0	0	0	0
2024-09-03 22:45:50	65.0138664	306.98895022	307.953644	1	0	0	0	0
2024-09-03 22:46:00	65.021275378	307.08440690000003	307.953644	1	0	0	0	0
2024-09-03 22:46:10	64.986739094	307.88128720000003	307.953644	1	0	0	0	0
2024-09-03 22:46:20	64.98972048	307.71323135999995	307.953644	1	0	0	0	0
2024-09-03 22:46:30	64.95573900000001	308.0657616	307.953644	1	0	0	0	0
2024-09-03 22:46:40	64.9132462	308.6231	307.953644	1	0	0	0	0
2024-09-03 22:46:50	64.93583140000001	308.17468	307.953644	1	0	0	0	0
2024-09-03 22:47:00	65.0295248	306.817378	307.953644	1	0	0	0	0
2024-09-03 22:47:10	65.03155819999999	307.16358302	307.953644	1	0	0	0	0
2024-09-03 22:47:20	65.0545894	307.597316	307.953644	1	0	0	0	0
2024-09-03 22:47:30	65.08101640000001	307.49488024	307.953644	1	0	0	0	0
2024-09-03 22:47:40	65.08928	307.587463	307.953644	1	0	0	0	0
2024-09-03 22:47:50	65.054354084	308.14685016000004	307.953644	1	0	0	0	0
2024-09-03 22:48:00	65.03762328799999	308.25111916	307.953644	1	0	0	0	0
2024-09-03 22:48:10	65.10287010399999	307.19312637999997	307.953644	1	0	0	0	0
2024-09-03 22:48:20	65.0549734	307.98933102	307.953644	1	0	0	0	0
2024-09-03 22:48:30	64.936917516	309.51206612	307.953644	1	0	0	0	0
2024-09-03 22:48:40	65.06440660000001	307.47029385999997	307.953644	1	0	0	0	0
2024-09-03 22:48:50	64.977263	308.70154635999995	307.953644	1	0	0	0	0
2024-09-03 22:49:00	65.0463002	307.33523328	307.953644	1	0	0	0	0
2024-09-03 22:49:10	65.054271	307.51770494	307.953644	1	0	0	0	0
2024-09-03 22:49:20	65.1483195	306.14243	307.953644	1	0	0	0	0
2024-09-03 22:49:30	65.096026978	307.27090436	307.953644	1	0	0	0	0
2024-09-03 22:49:40	65.1788	306.356384	307.953644	1	0	0	0	0
2024-09-03 22:49:50	65.16467100999999	306.82693514	307.953644	1	0	0	0	0
2024-09-03 22:50:00	65.05840118399999	308.3527268	307.953644	1	0	0	0	0
2024-09-03 22:50:10	65.0364392	308.82425596	307.953644	1	0	0	0	0
2024-09-03 22:50:20	65.128399318	307.31249585999996	307.953644	1	0	0	0	0
2024-09-03 22:50:30	65.0754728	308.17597082	307.953644	1	0	0	0	0
2024-09-03 22:50:40	65.14723	307.223053	307.953644	1	0	0	0	0
2024-09-03 22:50:50	65.29122452200001	305.641316	307.953644	1	0	0	0	0
2024-09-03 22:51:00	65.09501550799999	309.14700247999997	307.953644	1	0	0	0	0
2024-09-03 22:51:10	65.1024682	308.82947506000005	307.953644	1	0	0	0	0
2024-09-03 22:51:20	65.05297888	309.18372648	307.953644	1	0	0	0	0
2024-09-03 22:51:30	65.095723522	308.30944128000004	307.953644	1	0	0	0	0
2024-09-03 22:51:40	65.04135	308.7622	307.953644	1	0	0	0	0
2024-09-03 22:51:50	65.079262	307.77230806	307.953644	1	0	0	0	0
2024-09-03 22:52:00	65.0394006	308.24562000000003	307.953644	1	0	0	0	0
2024-09-03 22:52:10	65.158196	306.4140994	307.953644	1	0	0	0	0
2024-09-03 22:52:20	65.021003124	308.43294212	307.953644	1	0	0	0	0
2024-09-03 22:52:30	64.933279994	309.20044454	307.953644	1	0	0	0	0
2024-09-03 22:52:40	65.02977	307.725464	307.953644	1	0	0	0	0
2024-09-03 22:52:50	65.035855684	308.04918128	307.953644	1	0	0	0	0
2024-09-03 22:53:00	64.990631282	308.55677278	307.953644	1	0	0	0	0
2024-09-03 22:53:10	65.0945074	307.53040760000005	307.953644	1	0	0	0	0
2024-09-03 22:53:20	65.0341016	308.30839472	307.953644	1	0	0	0	0
2024-09-03 22:53:30	65.0886416	307.34871	307.953644	1	0	0	0	0
2024-09-03 22:53:40	65.04353	308.200256	307.953644	1	0	0	0	0
2024-09-03 22:53:50	65.081688	307.85553000000004	307.953644	1	0	0	0	0
2024-09-03 22:54:00	65.185402884	306.68604276	307.953644	1	0	0	0	0
2024-09-03 22:54:10	65.2128296	306.79678946	307.953644	1	0	0	0	0
2024-09-03 22:54:20	65.241429092	306.88676266	307.953644	1	0	0	0	0
2024-09-03 22:54:30	65.25786000000001	306.81259295999996	307.953644	1	0	0	0	0
2024-09-03 22:54:40	65.188736	308.098541	307.953644	1	0	0	0	0
2024-09-03 22:54:50	65.24818191	307.4649662	307.953644	1	0	0	0	0
2024-09-03 22:55:00	65.090124684	309.7371986	307.953644	1	0	0	0	0
2024-09-03 22:55:10	65.228848302	307.45007874	307.953644	1	0	0	0	0
2024-09-03 22:55:20	65.0688598	309.54336215999996	307.953644	1	0	0	0	0
2024-09-03 22:55:30	65.2443632	306.65491	307.953644	1	0	0	0	0
2024-09-03 22:55:40	65.0675624	309.18957658000005	307.953644	1	0	0	0	0
2024-09-03 22:55:50	65.13367411600001	307.98587306	307.953644	1	0	0	0	0
2024-09-03 22:56:00	65.00647607799999	309.75206966	307.953644	1	0	0	0	0
2024-09-03 22:56:10	65.08032123000001	308.12665748	307.953644	1	0	0	0	0
2024-09-03 22:56:20	65.097886394	307.90173856	307.953644	1	0	0	0	0
2024-09-03 22:56:30	65.072536676	308.29640001999996	307.953644	1	0	0	0	0
2024-09-03 22:56:40	65.07253184150943	308.225853509434	307.953644	1	0	0	0	0
2024-09-03 22:56:50	65.09126020000001	307.63603624	307.953644	1	0	0	0	0
2024-09-03 22:57:00	65.20963619999999	306.10816322	307.953644	1	0	0	0	0
2024-09-03 22:57:10	65.174701	307.19188628	307.953644	1	0	0	0	0
2024-09-03 22:57:20	65.1608848	307.64798496000003	307.953644	1	0	0	0	0
2024-09-03 22:57:30	65.18840200000001	307.40437198	307.953644	1	0	0	0	0
2024-09-03 22:57:40	65.08743	309.014618	307.953644	1	0	0	0	0
2024-09-03 22:57:50	65.224464144	306.86783602	307.953644	1	0	0	0	0
2024-09-03 22:58:00	65.19525948399999	307.45122238	307.953644	1	0	0	0	0
2024-09-03 22:58:10	65.142480986	308.04887124000004	307.953644	1	0	0	0	0
2024-09-03 22:58:20	65.01611590799999	309.5001921	307.953644	1	0	0	0	0
2024-09-03 22:58:30	65.0695802	308.35196092	307.953644	1	0	0	0	0
2024-09-03 22:58:40	65.0037432	308.9488341	307.953644	1	0	0	0	0
2024-09-03 22:58:50	64.9243832	309.535374	307.953644	1	0	0	0	0
2024-09-03 22:59:00	65.0476534	307.68753574	307.953644	1	0	0	0	0
2024-09-03 22:59:10	64.8899034	309.788532	307.953644	1	0	0	0	0
2024-09-03 22:59:20	64.92400332800001	309.15347976000004	307.953644	1	0	0	0	0
2024-09-03 22:59:30	64.9059068	309.05259538	307.953644	1	0	0	0	0
2024-09-03 22:59:40	64.9479502	308.1886856	307.953644	1	0	0	0	0
2024-09-03 22:59:50	64.97605879999999	307.9153968	307.953644	1	0	0	0	0
2024-09-03 23:00:00	64.98434272	307.82755399999996	307.953644	1	0	0	0	0
2024-09-03 23:00:10	64.906777394	309.10370324	307.953644	1	0	0	0	0
2024-09-03 23:00:20	64.930019706	308.74264428000004	307.953644	1	0	0	0	0
2024-09-03 23:00:30	65.052409	307.13834766	307.953644	1	0	0	0	0
2024-09-03 23:00:40	65.12582379999999	306.44415812	307.953644	1	0	0	0	0
2024-09-03 23:00:50	65.16613140000001	306.26587046	307.953644	1	0	0	0	0
2024-09-03 23:01:00	65.082795	307.8628791	307.953644	1	0	0	0	0
2024-09-03 23:01:10	65.0701354	307.97631842	307.953644	1	0	0	0	0
2024-09-03 23:01:20	64.99411500000001	309.09610928	307.953644	1	0	0	0	0
2024-09-03 23:01:30	65.101408	307.41690456	307.953644	1	0	0	0	0
2024-09-03 23:01:40	65.10818390600001	307.945197	307.953644	1	0	0	0	0
2024-09-03 23:01:50	65.1251336	307.702342	307.953644	1	0	0	0	0
2024-09-03 23:02:00	65.153418286	307.55868033999997	307.953644	1	0	0	0	0
2024-09-03 23:02:10	65.174615692	307.36022544	307.953644	1	0	0	0	0
2024-09-03 23:02:20	65.20785579999999	307.35477829999996	307.953644	1	0	0	0	0
2024-09-03 23:02:30	65.125735308	308.31547137999996	307.953644	1	0	0	0	0
2024-09-03 23:02:40	65.14676	308.2051	307.953644	1	0	0	0	0
2024-09-03 23:02:50	65.21466600000001	307.24099198	307.953644	1	0	0	0	0
2024-09-03 23:03:00	65.21681679999999	307.50437	307.953644	1	0	0	0	0
2024-09-03 23:03:10	65.08589451	309.29597528	307.953644	1	0	0	0	0
2024-09-03 23:03:20	65.173151122	307.85637843999996	307.953644	1	0	0	0	0
2024-09-03 23:03:30	65.0705572	309.0374233	307.953644	1	0	0	0	0
2024-09-03 23:03:40	65.15065	307.78125	307.953644	1	0	0	0	0
2024-09-03 23:03:50	65.2043746	306.86973916	307.953644	1	0	0	0	0
2024-09-03 23:04:00	65.075487316	309.12207054000004	307.953644	1	0	0	0	0
2024-09-03 23:04:10	65.2760056	306.61298292	307.953644	1	0	0	0	0
2024-09-03 23:04:20	65.3067942	306.64465464	307.953644	1	0	0	0	0
2024-09-03 23:04:30	65.1750606	308.70613324000004	307.953644	1	0	0	0	0
2024-09-03 23:04:40	65.22206	307.969116	307.953644	1	0	0	0	0
2024-09-03 23:04:50	65.15567080000001	308.64850594	307.953644	1	0	0	0	0
2024-09-03 23:05:00	65.21202948	307.7066628	307.953644	1	0	0	0	0
2024-09-03 23:05:10	65.25187969	306.96028	307.953644	1	0	0	0	0
2024-09-03 23:05:20	65.244345	307.45449392	307.953644	1	0	0	0	0
2024-09-03 23:05:30	65.157995494	308.90427324	307.953644	1	0	0	0	0
2024-09-03 23:05:40	65.1828152	308.23864364	307.953644	1	0	0	0	0
2024-09-03 23:05:50	65.267153894	307.13824136	307.953644	1	0	0	0	0
2024-09-03 23:06:00	65.1774422	308.8180116	307.953644	1	0	0	0	0
2024-09-03 23:06:10	65.1393028	309.0102382	307.953644	1	0	0	0	0
2024-09-03 23:06:20	65.2098722	307.615072	307.953644	1	0	0	0	0
2024-09-03 23:06:30	65.0644252	309.58425439999996	307.953644	1	0	0	0	0
2024-09-03 23:06:40	65.1023794	308.4371734	307.953644	1	0	0	0	0
2024-09-03 23:06:50	65.07495908599999	308.40138712	307.953644	1	0	0	0	0
2024-09-03 23:07:00	64.97192179999999	309.62536522	307.953644	1	0	0	0	0
2024-09-03 23:07:10	65.00677780000001	308.60386504	307.953644	1	0	0	0	0
2024-09-03 23:07:20	65.05779168000001	307.56068424	307.953644	1	0	0	0	0
2024-09-03 23:07:30	64.9760902	308.52840022000004	307.953644	1	0	0	0	0
2024-09-03 23:07:40	64.9521942	309.057373	307.953644	1	0	0	0	0
2024-09-03 23:07:50	65.00076971200001	308.30283574	307.953644	1	0	0	0	0
2024-09-03 23:08:00	64.9756006	308.54080268	307.953644	1	0	0	0	0
2024-09-03 23:08:10	64.96544658600001	308.3370554	307.953644	1	0	0	0	0
2024-09-03 23:08:20	64.915381888	309.14418888	307.953644	1	0	0	0	0
2024-09-03 23:08:30	64.990371106	308.04778546	307.953644	1	0	0	0	0
2024-09-03 23:08:40	64.9450502	308.52469828	307.953644	1	0	0	0	0
2024-09-03 23:08:50	65.0109182	307.68480741999997	307.953644	1	0	0	0	0
2024-09-03 23:09:00	65.0701516	306.67271611999996	307.953644	1	0	0	0	0
2024-09-03 23:09:10	65.066926006	306.93249238	307.953644	1	0	0	0	0
2024-09-03 23:09:20	64.95592719999999	308.736902	307.953644	1	0	0	0	0
2024-09-03 23:09:30	65.033226	307.832031	307.953644	1	0	0	0	0
2024-09-03 23:09:40	65.04033585714285	307.8629195428572	307.953644	1	0	0	0	0
2024-09-03 23:09:50	65.1085327804878	307.07966536585366	307.953644	1	0	0	0	0
2024-09-03 23:10:00	65.0786608	307.66714598	307.953644	1	0	0	0	0
2024-09-03 23:10:10	65.0263422	308.23090442	307.953644	1	0	0	0	0
2024-09-03 23:10:20	64.92180379999999	309.18991698	307.953644	1	0	0	0	0
2024-09-03 23:10:30	64.949324	308.69889286	307.953644	1	0	0	0	0
2024-09-03 23:10:40	65.10111	306.105	307.953644	1	0	0	0	0
2024-09-03 23:10:50	65.05056359999999	307.11317378	307.953644	1	0	0	0	0
2024-09-03 23:11:00	64.8747858	309.62686578	307.953644	1	0	0	0	0
2024-09-03 23:11:10	65.0341964	306.89158404	307.953644	1	0	0	0	0
2024-09-03 23:11:20	65.066396598	306.69130014	307.953644	1	0	0	0	0
2024-09-03 23:11:30	65.096081	306.43370558	307.953644	1	0	0	0	0
2024-09-03 23:11:40	65.0120158	308.082194	307.953644	1	0	0	0	0
2024-09-03 23:11:50	64.96716631000001	308.618322	307.953644	1	0	0	0	0
2024-09-03 23:12:00	65.0596524	307.10457134	307.953644	1	0	0	0	0
2024-09-03 23:12:10	64.9873544	308.19040256	307.953644	1	0	0	0	0
2024-09-03 23:12:20	65.1361242	306.47098206	307.953644	1	0	0	0	0
2024-09-03 23:12:30	65.075579296	307.39772861999995	307.953644	1	0	0	0	0
2024-09-03 23:12:40	64.94853	309.445862	307.953644	1	0	0	0	0
2024-09-03 23:12:50	64.981669502	308.65775967999997	307.953644	1	0	0	0	0
2024-09-03 23:13:00	64.9889134	308.83828364	307.953644	1	0	0	0	0
2024-09-03 23:13:10	65.111068822	307.10853246	307.953644	1	0	0	0	0
2024-09-03 23:13:20	65.0970882	307.80319022000003	307.953644	1	0	0	0	0
2024-09-03 23:13:30	65.075630706	307.85878304	307.953644	1	0	0	0	0
2024-09-03 23:13:40	65.0574646	308.050446	307.953644	1	0	0	0	0
2024-09-03 23:13:50	65.1715888	306.36759559999996	307.953644	1	0	0	0	0
2024-09-03 23:14:00	65.065880518	308.124136	307.953644	1	0	0	0	0
2024-09-03 23:14:10	65.321704296	304.79204164	307.953644	1	0	0	0	0
2024-09-03 23:14:20	65.10827328799999	308.300682	307.953644	1	0	0	0	0
2024-09-03 23:14:30	65.0677372	308.6789769	307.953644	1	0	0	0	0
2024-09-03 23:14:40	65.17453	307.4035	307.953644	1	0	0	0	0
2024-09-03 23:14:50	65.049503496	308.96590548	307.953644	1	0	0	0	0
2024-09-03 23:15:00	65.1992684	306.811272	307.953644	1	0	0	0	0
2024-09-03 23:15:10	65.042946488	309.13036086	307.953644	1	0	0	0	0
2024-09-03 23:15:20	65.15834360000001	307.43163948	307.953644	1	0	0	0	0
2024-09-03 23:15:30	65.046536	308.80996586	307.953644	1	0	0	0	0
2024-09-03 23:15:40	65.21573	306.4405	307.953644	1	0	0	0	0
2024-09-03 23:15:50	65.1675322	307.41085252000005	307.953644	1	0	0	0	0
2024-09-03 23:16:00	65.131180904	308.25689614000004	307.953644	1	0	0	0	0
2024-09-03 23:16:10	65.149008112	307.98960768	307.953644	1	0	0	0	0
2024-09-03 23:16:20	65.05342	308.99059246	307.953644	1	0	0	0	0
2024-09-03 23:16:30	65.1222396	307.88895514	307.953644	1	0	0	0	0
2024-09-03 23:16:40	65.07958	308.520081	307.953644	1	0	0	0	0
2024-09-03 23:16:50	65.010045	309.00885453999996	307.953644	1	0	0	0	0
2024-09-03 23:17:00	64.892320892	310.22979578	307.953644	1	0	0	0	0
2024-09-03 23:17:10	65.03619479999999	307.6515548	307.953644	1	0	0	0	0
2024-09-03 23:17:20	65.03674880199999	307.58690265999996	307.953644	1	0	0	0	0
2024-09-03 23:17:30	65.0054876	308.09947302	307.953644	1	0	0	0	0
2024-09-03 23:17:40	65.04345	307.331848	307.953644	1	0	0	0	0
2024-09-03 23:17:50	64.99293129200001	308.04207369999995	307.953644	1	0	0	0	0
2024-09-03 23:18:00	64.99755880000001	307.79106817999997	307.953644	1	0	0	0	0
2024-09-03 23:18:10	65.02114379999999	307.57506676	307.953644	1	0	0	0	0
2024-09-03 23:18:20	65.03752262	307.65065872	307.953644	1	0	0	0	0
2024-09-03 23:18:30	65.140887	306.62224514	307.953644	1	0	0	0	0
2024-09-03 23:18:40	65.11214	307.305634	307.953644	1	0	0	0	0
2024-09-03 23:18:50	65.031347226	308.580822	307.953644	1	0	0	0	0
2024-09-03 23:19:00	65.051412684	308.16685502	307.953644	1	0	0	0	0
2024-09-03 23:19:10	65.0792572	307.5549435	307.953644	1	0	0	0	0
2024-09-03 23:19:20	64.989488308	308.7627493	307.953644	1	0	0	0	0
2024-09-03 23:19:30	65.0956416	307.40179832	307.953644	1	0	0	0	0
2024-09-03 23:19:40	65.0857239	307.5398	307.953644	1	0	0	0	0
2024-09-03 23:19:50	65.15564160999999	306.49852194	307.953644	1	0	0	0	0
2024-09-03 23:20:00	65.068547692	307.91875200000004	307.953644	1	0	0	0	0
2024-09-03 23:20:10	65.06112749	307.90134506	307.953644	1	0	0	0	0
2024-09-03 23:20:20	64.96259811200001	309.10039826	307.953644	1	0	0	0	0
2024-09-03 23:20:30	65.00209650000001	308.02493412	307.953644	1	0	0	0	0
2024-09-03 23:20:40	64.89863	309.305054	307.953644	1	0	0	0	0
2024-09-03 23:20:50	64.985639304	308.04062822000003	307.953644	1	0	0	0	0
2024-09-03 23:21:00	64.965102082	308.07543918	307.953644	1	0	0	0	0
2024-09-03 23:21:10	65.177869708	304.97957601999997	307.953644	1	0	0	0	0
2024-09-03 23:21:20	64.9280584	308.72166516	307.953644	1	0	0	0	0
2024-09-03 23:21:30	64.8829178	309.02165177999996	307.953644	1	0	0	0	0
2024-09-03 23:21:40	64.97075	307.535278	307.953644	1	0	0	0	0
2024-09-03 23:21:50	64.910617036	308.35888948	307.953644	1	0	0	0	0
2024-09-03 23:22:00	64.9702176	307.44613494000004	307.953644	1	0	0	0	0
2024-09-03 23:22:10	64.962595	307.683765	307.953644	1	0	0	0	0
2024-09-03 23:22:20	64.92384559999999	308.04244914000003	307.953644	1	0	0	0	0
2024-09-03 23:22:30	64.9152224	307.97617854	307.953644	1	0	0	0	0
2024-09-03 23:22:40	64.912674	307.9836	307.953644	1	0	0	0	0
2024-09-03 23:22:50	64.83581919999999	308.80576084	307.953644	1	0	0	0	0
2024-09-03 23:23:00	65.00390172	306.46714934	307.953644	1	0	0	0	0
2024-09-03 23:23:10	65.06125139800001	306.46210609999997	307.953644	1	0	0	0	0
2024-09-03 23:23:20	64.98615840000001	307.7684013	307.953644	1	0	0	0	0
2024-09-03 23:23:30	64.88544259999999	309.12742728	307.953644	1	0	0	0	0
2024-09-03 23:23:40	64.8944244	308.639954	307.953644	1	0	0	0	0
2024-09-03 23:23:50	64.974131604	307.36584516	307.953644	1	0	0	0	0
2024-09-03 23:24:00	65.002231916	306.96101704	307.953644	1	0	0	0	0
2024-09-03 23:24:10	64.9798572	307.49574294	307.953644	1	0	0	0	0
2024-09-03 23:24:20	64.9596418	307.90695006	307.953644	1	0	0	0	0
2024-09-03 23:24:30	64.9826124	308.098206	307.953644	1	0	0	0	0
2024-09-03 23:24:40	65.12062	306.6671	307.953644	1	0	0	0	0
2024-09-03 23:24:50	65.04971119999999	308.26581272	307.953644	1	0	0	0	0
2024-09-03 23:25:00	65.0894738	307.78346548	307.953644	1	0	0	0	0
2024-09-03 23:25:10	65.1182862	307.75912308	307.953644	1	0	0	0	0
2024-09-03 23:25:20	65.1576116	307.381862	307.953644	1	0	0	0	0
2024-09-03 23:25:30	65.1007034	308.27248792	307.953644	1	0	0	0	0
2024-09-03 23:25:40	65.20652	306.667236	307.953644	1	0	0	0	0
2024-09-03 23:25:50	65.1477716	307.44812404	307.953644	1	0	0	0	0
2024-09-03 23:26:00	65.0819237	308.4031903	307.953644	1	0	0	0	0
2024-09-03 23:26:10	65.123442	307.71183255999995	307.953644	1	0	0	0	0
2024-09-03 23:26:20	65.10346151600001	308.20671832	307.953644	1	0	0	0	0
2024-09-03 23:26:30	65.10161780000001	308.24578634	307.953644	1	0	0	0	0
2024-09-03 23:26:40	65.108210908	308.17947200000003	307.953644	1	0	0	0	0
2024-09-03 23:26:50	65.0799266	308.35558632	307.953644	1	0	0	0	0
2024-09-03 23:27:00	65.087812814	308.02440504000003	307.953644	1	0	0	0	0
2024-09-03 23:27:10	65.000631886	309.31667554	307.953644	1	0	0	0	0
2024-09-03 23:27:20	64.9548542	309.39139489999997	307.953644	1	0	0	0	0
2024-09-03 23:27:30	65.0126188	308.50087313999995	307.953644	1	0	0	0	0
2024-09-03 23:27:40	64.94998	309.0357	307.953644	1	0	0	0	0
2024-09-03 23:27:50	64.89602762199999	309.56983532	307.953644	1	0	0	0	0
2024-09-03 23:28:00	64.847785222	309.63744048	307.953644	1	0	0	0	0
2024-09-03 23:28:10	64.893832686	308.57203585999997	307.953644	1	0	0	0	0
2024-09-03 23:28:20	64.92607720000001	307.84278950000004	307.953644	1	0	0	0	0
2024-09-03 23:28:30	64.84377359999999	308.8246611	307.953644	1	0	0	0	0
2024-09-03 23:28:40	64.84536	308.719971	307.953644	1	0	0	0	0
2024-09-03 23:28:50	64.842424904	308.54449474	307.953644	1	0	0	0	0
2024-09-03 23:29:00	64.8854722	307.99867244	307.953644	1	0	0	0	0
2024-09-03 23:29:10	64.785120716	309.1707126	307.953644	1	0	0	0	0
2024-09-03 23:29:20	64.86751509	307.59084494	307.953644	1	0	0	0	0
2024-09-03 23:29:30	64.8154316	308.33868484	307.953644	1	0	0	0	0
2024-09-03 23:29:40	64.782371408	308.55416048	307.953644	1	0	0	0	0
2024-09-03 23:29:50	64.7979014	307.87570578	307.953644	1	0	0	0	0
2024-09-03 23:30:00	64.7931546	308.05743062	307.953644	1	0	0	0	0
2024-09-03 23:30:10	64.727087364	309.22168672	307.953644	1	0	0	0	0
2024-09-03 23:30:20	64.815206	307.57500483999996	307.953644	1	0	0	0	0
2024-09-03 23:30:30	64.90699959999999	306.60987994	307.953644	1	0	0	0	0
2024-09-03 23:30:40	64.86059	307.618134	307.953644	1	0	0	0	0
2024-09-03 23:30:50	64.7994712	308.8623691	307.953644	1	0	0	0	0
2024-09-03 23:31:00	64.90000100600001	307.25105454	307.953644	1	0	0	0	0
2024-09-03 23:31:10	64.81329491199999	308.65009912	307.953644	1	0	0	0	0
2024-09-03 23:31:20	64.970463888	306.56220664	307.953644	1	0	0	0	0
2024-09-03 23:31:30	65.05067772	305.80835040000005	307.953644	1	0	0	0	0
2024-09-03 23:31:40	65.069483098	306.09404151999996	307.953644	1	0	0	0	0
2024-09-03 23:31:50	65.127405124	306.27905722	307.953644	1	0	0	0	0
2024-09-03 23:32:00	65.13144848	307.08792718	307.953644	1	0	0	0	0
2024-09-03 23:32:10	65.082872	307.5867549	307.953644	1	0	0	0	0
2024-09-03 23:32:20	65.1046034	307.350978	307.953644	1	0	0	0	0
2024-09-03 23:32:30	65.0032584	309.04358422	307.953644	1	0	0	0	0
2024-09-03 23:32:40	65.0670853	308.186157	307.953644	1	0	0	0	0
2024-09-03 23:32:50	64.91336150400001	310.03728725999997	307.953644	1	0	0	0	0
2024-09-03 23:33:00	65.099616288	307.02455586	307.953644	1	0	0	0	0
2024-09-03 23:33:10	64.98224019999999	308.57157932	307.953644	1	0	0	0	0
2024-09-03 23:33:20	65.016716	308.26567300000005	307.953644	1	0	0	0	0
2024-09-03 23:33:30	65.02834270400001	308.12236440000004	307.953644	1	0	0	0	0
2024-09-03 23:33:40	64.9940643	308.47583	307.953644	1	0	0	0	0
2024-09-03 23:33:50	64.9836046	308.31981038	307.953644	1	0	0	0	0
2024-09-03 23:34:00	65.10043180000001	306.80140958	307.953644	1	0	0	0	0
2024-09-03 23:34:10	65.1013188	306.9165284	307.953644	1	0	0	0	0
2024-09-03 23:34:20	65.0383666	307.96452109999996	307.953644	1	0	0	0	0
2024-09-03 23:34:30	65.1754812	305.92744512	307.953644	1	0	0	0	0
2024-09-03 23:34:40	65.0792542	307.647369	307.953644	1	0	0	0	0
2024-09-03 23:34:50	64.9947202	308.6195285	307.953644	1	0	0	0	0
2024-09-03 23:35:00	64.95300579799999	308.7764855	307.953644	1	0	0	0	0
2024-09-03 23:35:10	64.840283394	309.9482	307.953644	1	0	0	0	0
2024-09-03 23:35:20	64.8955118	308.72327518	307.953644	1	0	0	0	0
2024-09-03 23:35:30	64.913743888	308.197794	307.953644	1	0	0	0	0
2024-09-03 23:35:40	65.0165939	306.65094	307.953644	1	0	0	0	0
2024-09-03 23:35:50	64.9598404	307.75578474	307.953644	1	0	0	0	0
2024-09-03 23:36:00	64.9342358	307.88485558	307.953644	1	0	0	0	0
2024-09-03 23:36:10	64.82567180000001	309.31223256000004	307.953644	1	0	0	0	0
2024-09-03 23:36:20	64.9686504	306.9889032	307.953644	1	0	0	0	0
2024-09-03 23:36:30	64.858657196	308.38732856	307.953644	1	0	0	0	0
2024-09-03 23:36:40	64.89559	307.721741	307.953644	1	0	0	0	0
2024-09-03 23:36:50	64.942957896	307.19833154	307.953644	1	0	0	0	0
2024-09-03 23:37:00	64.8765152	308.18596	307.953644	1	0	0	0	0
2024-09-03 23:37:10	64.943023	307.11731752000003	307.953644	1	0	0	0	0
2024-09-03 23:37:20	64.965809378	306.98028876	307.953644	1	0	0	0	0
2024-09-03 23:37:30	64.9064816	307.63352696000004	307.953644	1	0	0	0	0
2024-09-03 23:37:40	64.878017	308.26392582	307.953644	1	0	0	0	0
2024-09-03 23:37:50	64.8757608	308.30354082	307.953644	1	0	0	0	0
2024-09-03 23:38:00	64.9455306	307.06264432	307.953644	1	0	0	0	0
2024-09-03 23:38:10	64.86692000000001	308.23496916	307.953644	1	0	0	0	0
2024-09-03 23:38:20	64.9647226	306.67566911999995	307.953644	1	0	0	0	0
2024-09-03 23:38:30	64.9708856	306.84511802	307.953644	1	0	0	0	0
2024-09-03 23:38:40	64.96122468	307.3157861	307.953644	1	0	0	0	0
2024-09-03 23:38:50	64.883204914	308.70770692	307.953644	1	0	0	0	0
2024-09-03 23:39:00	64.873268488	308.45768092	307.953644	1	0	0	0	0
2024-09-03 23:39:10	64.973135	306.74881382	307.953644	1	0	0	0	0
2024-09-03 23:39:20	64.815659078	309.1498074	307.953644	1	0	0	0	0
2024-09-03 23:39:30	64.92458	307.721	307.953644	1	0	0	0	0
2024-09-03 23:39:40	64.860231	308.48104737142853	307.953644	1	0	0	0	0
2024-09-03 23:39:50	64.97945048780488	306.8773048780488	307.953644	1	0	0	0	0
2024-09-03 23:40:00	64.8985514	308.06106406000004	307.953644	1	0	0	0	0
2024-09-03 23:40:10	64.868889418	308.39830164	307.953644	1	0	0	0	0
2024-09-03 23:40:20	64.88136130000001	308.12920946	307.953644	1	0	0	0	0
2024-09-03 23:40:30	64.9213454	307.495052	307.953644	1	0	0	0	0
2024-09-03 23:40:40	64.84451059999999	308.5487692	307.953644	1	0	0	0	0
2024-09-03 23:40:50	64.87263849	308.1087724	307.953644	1	0	0	0	0
2024-09-03 23:41:00	64.8892596	307.94276174	307.953644	1	0	0	0	0
2024-09-03 23:41:10	64.916033014	307.936398	307.953644	1	0	0	0	0
2024-09-03 23:41:20	64.89538667800001	308.23644019999995	307.953644	1	0	0	0	0
2024-09-03 23:41:30	64.921941	307.79848400000003	307.953644	1	0	0	0	0
2024-09-03 23:41:40	64.951042788	307.8245773	307.953644	1	0	0	0	0
2024-09-03 23:41:50	64.922079116	308.10211125999996	307.953644	1	0	0	0	0
2024-09-03 23:42:00	64.93081980000001	307.76789516	307.953644	1	0	0	0	0
2024-09-03 23:42:10	64.8638388	308.99514934	307.953644	1	0	0	0	0
2024-09-03 23:42:20	64.83793879999999	309.31854408	307.953644	1	0	0	0	0
2024-09-03 23:42:30	64.85105340000001	309.09288349999997	307.953644	1	0	0	0	0
2024-09-03 23:42:40	65.00491960000001	306.65715662	307.953644	1	0	0	0	0
2024-09-03 23:42:50	64.950428	307.77050612	307.953644	1	0	0	0	0
2024-09-03 23:43:00	64.899586524	308.542372	307.953644	1	0	0	0	0
2024-09-03 23:43:10	65.0119592	306.83358068	307.953644	1	0	0	0	0
2024-09-03 23:43:20	64.9792214	307.72194307999996	307.953644	1	0	0	0	0
2024-09-03 23:43:30	64.9928756	308.30589194000004	307.953644	1	0	0	0	0
2024-09-03 23:43:40	65.12807831	306.4114679	307.953644	1	0	0	0	0
2024-09-03 23:43:50	64.989337708	308.69161094	307.953644	1	0	0	0	0
2024-09-03 23:44:00	65.16443459999999	306.40359698000003	307.953644	1	0	0	0	0
2024-09-03 23:44:10	65.08455188800001	307.96402334	307.953644	1	0	0	0	0
2024-09-03 23:44:20	65.1499816	307.01390822	307.953644	1	0	0	0	0
2024-09-03 23:44:30	65.1635584	307.12166364	307.953644	1	0	0	0	0
2024-09-03 23:44:40	65.0630102	308.58800032	307.953644	1	0	0	0	0
2024-09-03 23:44:50	65.11748199	307.77241574000004	307.953644	1	0	0	0	0
2024-09-03 23:45:00	64.9956088	309.53450404	307.953644	1	0	0	0	0
2024-09-03 23:45:10	65.0703142	307.910864	307.953644	1	0	0	0	0
2024-09-03 23:45:20	65.083514712	307.97662743999996	307.953644	1	0	0	0	0
2024-09-03 23:45:30	65.1095518	307.7542854	307.953644	1	0	0	0	0
2024-09-03 23:45:40	65.13113	307.490021	307.953644	1	0	0	0	0
2024-09-03 23:45:50	65.0361786	309.04627278000004	307.953644	1	0	0	0	0
2024-09-03 23:46:00	65.118915088	307.57413604	307.953644	1	0	0	0	0
2024-09-03 23:46:10	65.102472074	308.09613528	307.953644	1	0	0	0	0
2024-09-03 23:46:20	65.0511314	309.21979526	307.953644	1	0	0	0	0
2024-09-03 23:46:30	65.024387382	309.0886569	307.953644	1	0	0	0	0
2024-09-03 23:46:40	65.0797642	307.73289076	307.953644	1	0	0	0	0
2024-09-03 23:46:50	65.10831599999999	306.93790926	307.953644	1	0	0	0	0
2024-09-03 23:47:00	65.06136380000001	307.89321928	307.953644	1	0	0	0	0
2024-09-03 23:47:10	65.171687	306.38033556	307.953644	1	0	0	0	0
2024-09-03 23:47:20	65.10297960999999	307.7620116	307.953644	1	0	0	0	0
2024-09-03 23:47:30	65.0963016	307.71407966	307.953644	1	0	0	0	0
2024-09-03 23:47:40	65.077489	308.27709436000004	307.953644	1	0	0	0	0
2024-09-03 23:47:50	65.0563716	308.48036936	307.953644	1	0	0	0	0
2024-09-03 23:48:00	65.18273780000001	306.63435	307.953644	1	0	0	0	0
2024-09-03 23:48:10	65.09047600000001	308.27853233999997	307.953644	1	0	0	0	0
2024-09-03 23:48:20	65.1072462	307.889974	307.953644	1	0	0	0	0
2024-09-03 23:48:30	65.1113578	307.68860022	307.953644	1	0	0	0	0
2024-09-03 23:48:40	65.212945222	306.48739774	307.953644	1	0	0	0	0
2024-09-03 23:48:50	65.06423260000001	308.94998068	307.953644	1	0	0	0	0
2024-09-03 23:49:00	65.098168904	308.48068489999997	307.953644	1	0	0	0	0
2024-09-03 23:49:10	65.1228948	308.04796338	307.953644	1	0	0	0	0
2024-09-03 23:49:20	65.1088168	308.25567645999996	307.953644	1	0	0	0	0
2024-09-03 23:49:30	65.13560120000001	307.90556660000004	307.953644	1	0	0	0	0
2024-09-03 23:49:40	65.068091288	308.6466107	307.953644	1	0	0	0	0
2024-09-03 23:49:50	65.0733034	308.46444712	307.953644	1	0	0	0	0
2024-09-03 23:50:00	65.1895624	306.69559	307.953644	1	0	0	0	0
2024-09-03 23:50:10	65.094010006	308.39087132	307.953644	1	0	0	0	0
2024-09-03 23:50:20	65.057877194	308.60206196	307.953644	1	0	0	0	0
2024-09-03 23:50:30	65.09678272	307.77358948	307.953644	1	0	0	0	0
2024-09-03 23:50:40	65.1320176	307.22644951999996	307.953644	1	0	0	0	0
2024-09-03 23:50:50	65.189396	306.62863916	307.953644	1	0	0	0	0
2024-09-03 23:51:00	65.14442808400001	307.59875398	307.953644	1	0	0	0	0
2024-09-03 23:51:10	65.0958874	308.64460063999996	307.953644	1	0	0	0	0
2024-09-03 23:51:20	65.01425259999999	310.01986836	307.953644	1	0	0	0	0
2024-09-03 23:51:30	65.12236721800001	308.399794	307.953644	1	0	0	0	0
2024-09-03 23:51:40	65.211548514	307.16188756	307.953644	1	0	0	0	0
2024-09-03 23:51:50	65.14486889999999	308.11583912000003	307.953644	1	0	0	0	0
2024-09-03 23:52:00	65.222409	306.91755778000004	307.953644	1	0	0	0	0
2024-09-03 23:52:10	65.2098804	307.33279346	307.953644	1	0	0	0	0
2024-09-03 23:52:20	65.192620078	308.07164659999995	307.953644	1	0	0	0	0
2024-09-03 23:52:30	65.2563172	307.30567852	307.953644	1	0	0	0	0
2024-09-03 23:52:40	65.28375659999999	307.40892798	307.953644	1	0	0	0	0
2024-09-03 23:52:50	65.2481782	308.27027008	307.953644	1	0	0	0	0
2024-09-03 23:53:00	65.2827264	307.7679258	307.953644	1	0	0	0	0
2024-09-03 23:53:10	65.222531706	308.635424	307.953644	1	0	0	0	0
2024-09-03 23:53:20	65.205814918	308.66382926	307.953644	1	0	0	0	0
2024-09-03 23:53:30	65.19168612	308.61791824	307.953644	1	0	0	0	0
2024-09-03 23:53:40	65.2051788	308.16651006	307.953644	1	0	0	0	0
2024-09-03 23:53:50	65.27949	307.323526	307.953644	1	0	0	0	0
2024-09-03 23:54:00	65.37900358	306.41962135999995	307.953644	1	0	0	0	0
2024-09-03 23:54:10	65.261155202	308.09805	307.953644	1	0	0	0	0
2024-09-03 23:54:20	65.2041968	308.976636	307.953644	1	0	0	0	0
2024-09-03 23:54:30	65.309596704	307.1441394	307.953644	1	0	0	0	0
2024-09-03 23:54:40	65.2432916	308.12401630000005	307.953644	1	0	0	0	0
2024-09-03 23:54:50	65.11333839999999	309.45108447999996	307.953644	1	0	0	0	0
2024-09-03 23:55:00	65.055502	309.742948	307.953644	1	0	0	0	0
2024-09-03 23:55:10	65.086852314	309.102798	307.953644	1	0	0	0	0
2024-09-03 23:55:20	65.00753852	309.99194312	307.953644	1	0	0	0	0
2024-09-03 23:55:30	65.213203	306.65004548	307.953644	1	0	0	0	0
2024-09-03 23:55:40	65.2279474	306.884946	307.953644	1	0	0	0	0
2024-09-03 23:55:50	65.197273	307.71322252	307.953644	1	0	0	0	0
2024-09-03 23:56:00	65.053513018	309.81149600000003	307.953644	1	0	0	0	0
2024-09-03 23:56:10	65.059405284	309.063764	307.953644	1	0	0	0	0
2024-09-03 23:56:20	65.071796	308.92067734	307.953644	1	0	0	0	0
2024-09-03 23:56:30	65.066536414	308.77804463999996	307.953644	1	0	0	0	0
2024-09-03 23:56:40	65.144465918	307.75542928	307.953644	1	0	0	0	0
2024-09-03 23:56:50	65.0498652	309.05270792000005	307.953644	1	0	0	0	0
2024-09-03 23:57:00	65.1605416	307.61391642	307.953644	1	0	0	0	0
2024-09-03 23:57:10	65.098244778	308.31788236	307.953644	1	0	0	0	0
2024-09-03 23:57:20	65.09489839999999	308.06509797999996	307.953644	1	0	0	0	0
2024-09-03 23:57:30	65.126539882	307.41583706	307.953644	1	0	0	0	0
2024-09-03 23:57:40	65.0959064	307.97846605999996	307.953644	1	0	0	0	0
2024-09-03 23:57:50	65.09694221800001	307.817381	307.953644	1	0	0	0	0
2024-09-03 23:58:00	65.099918508	307.99248684	307.953644	1	0	0	0	0
2024-09-03 23:58:10	65.151136324	307.64931304	307.953644	1	0	0	0	0
2024-09-03 23:58:20	65.13199291999999	307.89047569999997	307.953644	1	0	0	0	0
2024-09-03 23:58:30	65.284423896	305.82052288	307.953644	1	0	0	0	0
2024-09-03 23:58:40	65.132521498	308.24337798	307.953644	1	0	0	0	0
2024-09-03 23:58:50	65.1421662	308.55538622	307.953644	1	0	0	0	0
2024-09-03 23:59:00	65.317563904	305.91602703999996	307.953644	1	0	0	0	0
2024-09-03 23:59:10	65.21469948000001	308.03944138	307.953644	1	0	0	0	0
2024-09-03 23:59:20	65.34752379999999	306.4573	307.953644	1	0	0	0	0
2024-09-03 23:59:30	65.31674052199999	307.0750691	307.953644	1	0	0	0	0
2024-09-03 23:59:40	65.269192788	307.7392619	307.953644	1	0	0	0	0
2024-09-03 23:59:50	65.2329278	308.31062648	307.953644	1	0	0	0	0
2024-09-04 00:00:00	65.30404809000001	307.50437214	307.953644	1	0	0	0	0
