PROCESSDATA	2111LIC33102 Data	yyyy-MM-dd HH:mm:ss
8	10	2024-10-21 21:55:00	751
tagname	2111LIC33102.MV	2111LIC33102.PV	2111LIC33102.SV	2111LIC33102.MODE	bOpOFL	bPvOFL	bSpOFL	bAutOFL
desc	D301水包_OP	D301水包_PV	D301水包_SP	Aut	bOpOFL	bPvOFL	bSpOFL	bAutOFL
fsMax=1.7783526955000006	fsMin=0	fsGridNum=10	fdMax=1.7783526955000006tfdMin=0	fdGridNum=10	v0GridNum=10	L=24
2024-10-21 21:55:00	51.856482616	51.191850362500006	51.0030556	1	0	0	0	0
2024-10-21 21:55:10	51.826928216	51.214649112500005	51.0030556	1	0	0	0	0
2024-10-21 21:55:20	51.8078682285	51.234041157	51.0030556	1	0	0	0	0
2024-10-21 21:55:30	51.8737175785	51.225869857	51.0030556	1	0	0	0	0
2024-10-21 21:55:40	51.945743049	51.224929836	51.0030556	1	0	0	0	0
2024-10-21 21:55:50	52.067738949	51.282497436	51.0030556	1	0	0	0	0
2024-10-21 21:56:00	52.1666207085	51.327415157	51.0030556	1	0	0	0	0
2024-10-21 21:56:10	52.0784880585	51.269983857	51.0030556	1	0	0	0	0
2024-10-21 21:56:20	52.0037692485	51.221665650000006	51.0030556	1	0	0	0	0
2024-10-21 21:56:30	52.0375805985	51.24708065	51.0030556	1	0	0	0	0
2024-10-21 21:56:40	52.0630338515	51.267722926	51.0030556	1	0	0	0	0
2024-10-21 21:56:50	52.020862501500005	51.249749526	51.0030556	1	0	0	0	0
2024-10-21 21:57:00	51.992734857	51.235907374	51.0030556	1	0	0	0	0
2024-10-21 21:57:10	52.078233557000004	51.255490774	51.0030556	1	0	0	0	0
2024-10-21 21:57:20	52.157097497	51.27115505	51.0030556	1	0	0	0	0
2024-10-21 21:57:30	52.182280197	51.25511005	51.0030556	1	0	0	0	0
2024-10-21 21:57:40	52.187558386	51.2301179965	51.0030556	1	0	0	0	0
2024-10-21 21:57:50	52.031790986	51.1327361465	51.0030556	1	0	0	0	0
2024-10-21 21:58:00	51.88080071	51.042467039499996	51.0030556	1	0	0	0	0
2024-10-21 21:58:10	51.768461710000004	51.009746489499996	51.0030556	1	0	0	0	0
2024-10-21 21:58:20	51.6812477	50.987481521999996	51.0030556	1	0	0	0	0
2024-10-21 21:58:30	51.7973177	51.049811722	51.0030556	1	0	0	0	0
2024-10-21 21:58:40	51.898429900000004	51.112132242	51.0030556	1	0	0	0	0
2024-10-21 21:58:50	51.8785199	51.174374442	51.0030556	1	0	0	0	0
2024-10-21 21:59:00	51.8510502985	51.214680409	51.0030556	1	0	0	0	0
2024-10-21 21:59:10	51.7624166485	51.077502309	51.0030556	1	0	0	0	0
2024-10-21 21:59:20	51.6800360365	50.957936991000004	51.0030556	1	0	0	0	0
2024-10-21 21:59:30	51.6482481865	50.980875091	51.0030556	1	0	0	0	0
2024-10-21 21:59:40	51.63492074	50.997857081499994	51.0030556	1	0	0	0	0
2024-10-21 21:59:50	51.77095474	50.966648731499994	51.0030556	1	0	0	0	0
2024-10-21 22:00:00	51.880720575	50.941560105	51.0030556	1	0	0	0	0
2024-10-21 22:00:10	51.777953075	50.965985605	51.0030556	1	0	0	0	0
2024-10-21 22:00:20	51.688107363	50.9901176635	51.0030556	1	0	0	0	0
2024-10-21 22:00:30	51.702810663	51.0118755135	51.0030556	1	0	0	0	0
2024-10-21 22:00:40	51.7065166965	51.026408662499996	51.0030556	1	0	0	0	0
2024-10-21 22:00:50	51.6212448465	50.9824874125	51.0030556	1	0	0	0	0
2024-10-21 22:01:00	51.54203541	50.9463306225	51.0030556	1	0	0	0	0
2024-10-21 22:01:10	51.51187641	50.9729953725	51.0030556	1	0	0	0	0
2024-10-21 22:01:20	51.4947891005	50.991399865	51.0030556	1	0	0	0	0
2024-10-21 22:01:30	51.5834636505	50.942971365	51.0030556	1	0	0	0	0
2024-10-21 22:01:40	51.640750245	50.896957332	51.0030556	1	0	0	0	0
2024-10-21 22:01:50	51.444079745	50.870478532	51.0030556	1	0	0	0	0
2024-10-21 22:02:00	51.284321032	50.84998756	51.0030556	1	0	0	0	0
2024-10-21 22:02:10	51.423212232000004	50.87794356	51.0030556	1	0	0	0	0
2024-10-21 22:02:20	51.561287353000004	50.910343934	51.0030556	1	0	0	0	0
2024-10-21 22:02:30	51.692759653	50.978703333999995	51.0030556	1	0	0	0	0
2024-10-21 22:02:40	51.798988504	51.039714398499996	51.0030556	1	0	0	0	0
2024-10-21 22:02:50	51.700974904	51.0412707485	51.0030556	1	0	0	0	0
2024-10-21 22:03:00	51.6378204085	51.048637540499996	51.0030556	1	0	0	0	0
2024-10-21 22:03:10	51.8567077585	51.1030160905	51.0030556	1	0	0	0	0
2024-10-21 22:03:20	52.0512057875	51.154048193	51.0030556	1	0	0	0	0
2024-10-21 22:03:30	52.0483720375	51.178004493	51.0030556	1	0	0	0	0
2024-10-21 22:03:40	52.01681275	51.189938563	51.0030556	1	0	0	0	0
2024-10-21 22:03:50	51.75283775	51.104601863	51.0030556	1	0	0	0	0
2024-10-21 22:04:00	51.536295707	51.030238977500005	51.0030556	1	0	0	0	0
2024-10-21 22:04:10	51.703529407	51.0446642275	51.0030556	1	0	0	0	0
2024-10-21 22:04:20	51.8498740355	51.0549967515	51.0030556	1	0	0	0	0
2024-10-21 22:04:30	51.8272070855	51.032215401500004	51.0030556	1	0	0	0	0
2024-10-21 22:04:40	51.800503707500006	51.013539158	51.0030556	1	0	0	0	0
2024-10-21 22:04:50	51.741141957500005	51.028076958	51.0030556	1	0	0	0	0
2024-10-21 22:05:00	51.6948509135	51.03906816	51.0030556	1	0	0	0	0
2024-10-21 22:05:10	51.7543137635	51.02136416	51.0030556	1	0	0	0	0
2024-10-21 22:05:20	51.8022787865	51.011537413999996	51.0030556	1	0	0	0	0
2024-10-21 22:05:30	51.757215936499996	51.065444813999996	51.0030556	1	0	0	0	0
2024-10-21 22:05:40	51.71958555	51.113907917999995	51.0030556	1	0	0	0	0
2024-10-21 22:05:50	51.74209055	51.118321718	51.0030556	1	0	0	0	0
2024-10-21 22:06:00	51.77321621442786	51.12444471890547	51.0030556	1	0	0	0	0
2024-10-21 22:06:10	51.87409089104478	51.14439670895523	51.0030556	1	0	0	0	0
2024-10-21 22:06:20	51.937333110050254	51.15400142462312	51.0030556	1	0	0	0	0
2024-10-21 22:06:30	51.661883210552766	51.07048067085427	51.0030556	1	0	0	0	0
2024-10-21 22:06:40	51.409954008955225	50.985381209950255	51.0030556	1	0	0	0	0
2024-10-21 22:06:50	51.3483286358209	50.887508573134326	51.0030556	1	0	0	0	0
2024-10-21 22:07:00	51.30397957889447	50.80069355175879	51.0030556	1	0	0	0	0
2024-10-21 22:07:10	51.415117367839194	50.813397069346735	51.0030556	1	0	0	0	0
2024-10-21 22:07:20	51.5041325245	50.825384661	51.0030556	1	0	0	0	0
2024-10-21 22:07:30	51.4141554745	50.831579761	51.0030556	1	0	0	0	0
2024-10-21 22:07:40	51.353138575500004	50.845404538000004	51.0030556	1	0	0	0	0
2024-10-21 22:07:50	51.5264356255	50.920960338	51.0030556	1	0	0	0	0
2024-10-21 22:08:00	51.65801275	50.978950425	51.0030556	1	0	0	0	0
2024-10-21 22:08:10	51.45203775	50.894817925000005	51.0030556	1	0	0	0	0
2024-10-21 22:08:20	51.2879692135	50.827674303500004	51.0030556	1	0	0	0	0
2024-10-21 22:08:30	51.4629620635	50.8979861535	51.0030556	1	0	0	0	0
2024-10-21 22:08:40	51.628108896	50.9703661465	51.0030556	1	0	0	0	0
2024-10-21 22:08:50	51.713592496	51.0594792965	51.0030556	1	0	0	0	0
2024-10-21 22:09:00	51.7946535405	51.143090032	51.0030556	1	0	0	0	0
2024-10-21 22:09:10	51.8399320905	51.182181232000005	51.0030556	1	0	0	0	0
2024-10-21 22:09:20	51.889888549999995	51.2056030915	51.0030556	1	0	0	0	0
2024-10-21 22:09:30	51.97769355	51.1022457415	51.0030556	1	0	0	0	0
2024-10-21 22:09:40	52.006140900000005	50.9979501355	51.0030556	1	0	0	0	0
2024-10-21 22:09:50	51.554330900000004	50.8860631855	51.0030556	1	0	0	0	0
2024-10-21 22:10:00	51.151704386	50.777398141	51.0030556	1	0	0	0	0
2024-10-21 22:10:10	51.147016986	50.694801241	51.0030556	1	0	0	0	0
2024-10-21 22:10:20	51.141895184999996	50.6135901485	51.0030556	1	0	0	0	0
2024-10-21 22:10:30	51.133258685	50.5435914985	51.0030556	1	0	0	0	0
2024-10-21 22:10:40	51.1144563425	50.500119601499996	51.0030556	1	0	0	0	0
2024-10-21 22:10:50	51.0134030925	50.6712732515	51.0030556	1	0	0	0	0
2024-10-21 22:11:00	50.95525691	50.8338289	51.0030556	1	0	0	0	0
2024-10-21 22:11:10	51.24426791	50.9268189	51.0030556	1	0	0	0	0
2024-10-21 22:11:20	51.5173981	51.010023674	51.0030556	1	0	0	0	0
2024-10-21 22:11:30	51.662038100000004	51.014057074	51.0030556	1	0	0	0	0
2024-10-21 22:11:40	51.787901089	51.029308076	51.0030556	1	0	0	0	0
2024-10-21 22:11:50	51.761840989	51.135319676	51.0030556	1	0	0	0	0
2024-10-21 22:12:00	51.7502036875	51.22670825	51.0030556	1	0	0	0	0
2024-10-21 22:12:10	51.8552599375	51.19978325	51.0030556	1	0	0	0	0
2024-10-21 22:12:20	51.930604709	51.1716193915	51.0030556	1	0	0	0	0
2024-10-21 22:12:30	51.765556609	51.1334320415	51.0030556	1	0	0	0	0
2024-10-21 22:12:40	51.633784477	51.1060120085	51.0030556	1	0	0	0	0
2024-10-21 22:12:50	51.771245177	51.1657093585	51.0030556	1	0	0	0	0
2024-10-21 22:13:00	51.902205613999996	51.2156709	51.0030556	1	0	0	0	0
2024-10-21 22:13:10	51.980573014	51.1868609	51.0030556	1	0	0	0	0
2024-10-21 22:13:20	52.03368745	51.163761550000004	51.0030556	1	0	0	0	0
2024-10-21 22:13:30	51.88248245	51.186866550000005	51.0030556	1	0	0	0	0
2024-10-21 22:13:40	51.75407825	51.2013137635	51.0030556	1	0	0	0	0
2024-10-21 22:13:50	51.81015325	51.1457116135	51.0030556	1	0	0	0	0
2024-10-21 22:14:00	51.85836019900497	51.09640022786069	51.0030556	1	0	0	0	0
2024-10-21 22:14:10	51.84290746268657	51.097986844776116	51.0030556	1	0	0	0	0
2024-10-21 22:14:20	51.81059246231156	51.08889332763819	51.0030556	1	0	0	0	0
2024-10-21 22:14:30	51.62651708542714	50.9836786040201	51.0030556	1	0	0	0	0
2024-10-21 22:14:40	51.4618139655	50.8836042875	51.0030556	1	0	0	0	0
2024-10-21 22:14:50	51.4538500155	50.8251205375	51.0030556	1	0	0	0	0
2024-10-21 22:15:00	51.456258444	50.776743812999996	51.0030556	1	0	0	0	0
2024-10-21 22:15:10	51.542588844	50.810142113	51.0030556	1	0	0	0	0
2024-10-21 22:15:20	51.609875989	50.839173787	51.0030556	1	0	0	0	0
2024-10-21 22:15:30	51.523085889	50.832875487	51.0030556	1	0	0	0	0
2024-10-21 22:15:40	51.450487923383086	50.83625191044776	51.0030556	1	0	0	0	0
2024-10-21 22:15:50	51.49271722686567	50.917905641791045	51.0030556	1	0	0	0	0
2024-10-21 22:16:00	51.52595005226131	50.99028173869347	51.0030556	1	0	0	0	0
2024-10-21 22:16:10	51.47821457487437	50.97915912562814	51.0030556	1	0	0	0	0
2024-10-21 22:16:20	51.4329903235	50.966845797	51.0030556	1	0	0	0	0
2024-10-21 22:16:30	51.4080841735	50.944898497	51.0030556	1	0	0	0	0
2024-10-21 22:16:40	51.4021301765	50.921775583	51.0030556	1	0	0	0	0
2024-10-21 22:16:50	51.5495163265	50.889140882999996	51.0030556	1	0	0	0	0
2024-10-21 22:17:00	51.651195699999995	50.848306969999996	51.0030556	1	0	0	0	0
2024-10-21 22:17:10	51.383065699999996	50.74113397	51.0030556	1	0	0	0	0
2024-10-21 22:17:20	51.13438865	50.6427374685	51.0030556	1	0	0	0	0
2024-10-21 22:17:30	51.04310365	50.6153508185	51.0030556	1	0	0	0	0
2024-10-21 22:17:40	50.991746186	50.6014190715	51.0030556	1	0	0	0	0
2024-10-21 22:17:50	51.263438786	50.6963497215	51.0030556	1	0	0	0	0
2024-10-21 22:18:00	51.4730448615	50.775591951500004	51.0030556	1	0	0	0	0
2024-10-21 22:18:10	51.1803145115	50.727900601500004	51.0030556	1	0	0	0	0
2024-10-21 22:18:20	50.919816394499996	50.6846792225	51.0030556	1	0	0	0	0
2024-10-21 22:18:30	50.9201063445	50.6776239725	51.0030556	1	0	0	0	0
2024-10-21 22:18:40	50.928213758	50.676828586	51.0030556	1	0	0	0	0
2024-10-21 22:18:50	50.999571558	50.726681186	51.0030556	1	0	0	0	0
2024-10-21 22:19:00	51.0553374355	50.766758553500004	51.0030556	1	0	0	0	0
2024-10-21 22:19:10	50.9849504855	50.7277454035	51.0030556	1	0	0	0	0
2024-10-21 22:19:20	50.914281138	50.69005722	51.0030556	1	0	0	0	0
2024-10-21 22:19:30	50.841326938	50.663089219999996	51.0030556	1	0	0	0	0
2024-10-21 22:19:40	50.792497553	50.6421960085	51.0030556	1	0	0	0	0
2024-10-21 22:19:50	50.938859853	50.6704533585	51.0030556	1	0	0	0	0
2024-10-21 22:20:00	51.050195908999996	50.687364918	51.0030556	1	0	0	0	0
2024-10-21 22:20:10	50.878137809	50.612478718	51.0030556	1	0	0	0	0
2024-10-21 22:20:20	50.7393926645	50.55407505	51.0030556	1	0	0	0	0
2024-10-21 22:20:30	50.870179614499996	50.629030050000004	51.0030556	1	0	0	0	0
2024-10-21 22:20:40	50.991095279999996	50.7035628975	51.0030556	1	0	0	0	0
2024-10-21 22:20:50	51.03214328	50.7746801475	51.0030556	1	0	0	0	0
2024-10-21 22:21:00	51.05208107	50.828795302500005	51.0030556	1	0	0	0	0
2024-10-21 22:21:10	50.90121807	50.745348052500006	51.0030556	1	0	0	0	0
2024-10-21 22:21:20	50.7772116525	50.6621120355	51.0030556	1	0	0	0	0
2024-10-21 22:21:30	50.8704994025	50.580585085500005	51.0030556	1	0	0	0	0
2024-10-21 22:21:40	50.94191718905473	50.51233854875622	51.0030556	1	0	0	0	0
2024-10-21 22:21:50	50.83638708955224	50.551542628358206	51.0030556	1	0	0	0	0
2024-10-21 22:22:00	50.75361462679426	50.59212617559808	51.0030556	1	0	0	0	0
2024-10-21 22:22:10	50.87566089473684	50.64512493157895	51.0030556	1	0	0	0	0
2024-10-21 22:22:20	50.9964867	50.6975937	51.0030556	1	0	0	0	0
2024-10-21 22:22:30	50.992905744324325	50.70522673783784	51.0030556	1	0	0	0	0
2024-10-21 22:22:40	50.9716280755	50.717210674	51.0030556	1	0	0	0	0
2024-10-21 22:22:50	50.8083751255	50.761824074	51.0030556	1	0	0	0	0
2024-10-21 22:23:00	50.68711445	50.8042704575	51.0030556	1	0	0	0	0
2024-10-21 22:23:10	50.90560945	50.8291837075	51.0030556	1	0	0	0	0
2024-10-21 22:23:20	51.127645900000005	50.870159944	51.0030556	1	0	0	0	0
2024-10-21 22:23:30	51.3783359	51.041100344	51.0030556	1	0	0	0	0
2024-10-21 22:23:40	51.59879515	51.1950659895	51.0030556	1	0	0	0	0
2024-10-21 22:23:50	51.57466015	51.211690439499996	51.0030556	1	0	0	0	0
2024-10-21 22:24:00	51.5474369	51.219697208999996	51.0030556	1	0	0	0	0
2024-10-21 22:24:10	51.4952269	51.157979109	51.0030556	1	0	0	0	0
2024-10-21 22:24:20	51.453302824	51.097881650000005	51.0030556	1	0	0	0	0
2024-10-21 22:24:30	51.494601224	51.05089665	51.0030556	1	0	0	0	0
2024-10-21 22:24:40	51.511258628499995	51.01144995	51.0030556	1	0	0	0	0
2024-10-21 22:24:50	51.3285479785	51.032994949999996	51.0030556	1	0	0	0	0
2024-10-21 22:25:00	51.189735738	51.053538779499995	51.0030556	1	0	0	0	0
2024-10-21 22:25:10	51.406101538	51.0659822295	51.0030556	1	0	0	0	0
2024-10-21 22:25:20	51.5916160725	51.081935785	51.0030556	1	0	0	0	0
2024-10-21 22:25:30	51.5275158225	51.126289285	51.0030556	1	0	0	0	0
2024-10-21 22:25:40	51.4752191775	51.1729064035	51.0030556	1	0	0	0	0
2024-10-21 22:25:50	51.5184244275	51.2378382535	51.0030556	1	0	0	0	0
2024-10-21 22:26:00	51.574823897	51.2891109525	51.0030556	1	0	0	0	0
2024-10-21 22:26:10	51.737976597	51.2298687025	51.0030556	1	0	0	0	0
2024-10-21 22:26:20	51.871945587499994	51.172669356	51.0030556	1	0	0	0	0
2024-10-21 22:26:30	51.769791837499994	51.131998956000004	51.0030556	1	0	0	0	0
2024-10-21 22:26:40	51.669406474999995	51.091016992	51.0030556	1	0	0	0	0
2024-10-21 22:26:50	51.583328975	51.047514192	51.0030556	1	0	0	0	0
2024-10-21 22:27:00	51.51655455	51.012751167	51.0030556	1	0	0	0	0
2024-10-21 22:27:10	51.60595955	51.048700867	51.0030556	1	0	0	0	0
2024-10-21 22:27:20	51.6661081305	51.0767924145	51.0030556	1	0	0	0	0
2024-10-21 22:27:30	51.4895456805	51.0413043645	51.0030556	1	0	0	0	0
2024-10-21 22:27:40	51.3275318195	51.014815398	51.0030556	1	0	0	0	0
2024-10-21 22:27:50	51.2832292695	51.061137198	51.0030556	1	0	0	0	0
2024-10-21 22:28:00	51.25625915	51.102422252	51.0030556	1	0	0	0	0
2024-10-21 22:28:10	51.36952415	51.102955452	51.0030556	1	0	0	0	0
2024-10-21 22:28:20	51.4777789965	51.10445905	51.0030556	1	0	0	0	0
2024-10-21 22:28:30	51.5454971465	51.11381405	51.0030556	1	0	0	0	0
2024-10-21 22:28:40	51.616501145	51.1234229245	51.0030556	1	0	0	0	0
2024-10-21 22:28:50	51.714090645	51.1350858745	51.0030556	1	0	0	0	0
2024-10-21 22:29:00	51.812495877500005	51.1545898335	51.0030556	1	0	0	0	0
2024-10-21 22:29:10	51.9175011275	51.2375346835	51.0030556	1	0	0	0	0
2024-10-21 22:29:20	52.013899631	51.313579492	51.0030556	1	0	0	0	0
2024-10-21 22:29:30	52.040661731	51.333796692	51.0030556	1	0	0	0	0
2024-10-21 22:29:40	52.040255800000004	51.3424191	51.0030556	1	0	0	0	0
2024-10-21 22:29:50	51.8200358	51.2572291	51.0030556	1	0	0	0	0
2024-10-21 22:30:00	51.624720757	51.1837389695	51.0030556	1	0	0	0	0
2024-10-21 22:30:10	51.630909457	51.2049114195	51.0030556	1	0	0	0	0
2024-10-21 22:30:20	51.643625843	51.224665045500004	51.0030556	1	0	0	0	0
2024-10-21 22:30:30	51.709157143	51.2329390955	51.0030556	1	0	0	0	0
2024-10-21 22:30:40	51.7609834	51.231659948	51.0030556	1	0	0	0	0
2024-10-21 22:30:50	51.7019234	51.153086748	51.0030556	1	0	0	0	0
2024-10-21 22:31:00	51.67695735	51.105829118	51.0030556	1	0	0	0	0
2024-10-21 22:31:10	51.92784235	51.311942918	51.0030556	1	0	0	0	0
2024-10-21 22:31:20	52.147711629	51.4890125325	51.0030556	1	0	0	0	0
2024-10-21 22:31:30	52.116635529	51.4310882825	51.0030556	1	0	0	0	0
2024-10-21 22:31:40	52.096386971	51.383501288	51.0030556	1	0	0	0	0
2024-10-21 22:31:50	52.163743071	51.419552088	51.0030556	1	0	0	0	0
2024-10-21 22:32:00	52.212759299999995	51.4469541985	51.0030556	1	0	0	0	0
2024-10-21 22:32:10	52.113389299999994	51.4043805485	51.0030556	1	0	0	0	0
2024-10-21 22:32:20	51.999425869499994	51.34792805	51.0030556	1	0	0	0	0
2024-10-21 22:32:30	51.7673883195	51.17918305	51.0030556	1	0	0	0	0
2024-10-21 22:32:40	51.5675084115	51.02430487	51.0030556	1	0	0	0	0
2024-10-21 22:32:50	51.6278130615	50.981621870000005	51.0030556	1	0	0	0	0
2024-10-21 22:33:00	51.665772493	50.9435813375	51.0030556	1	0	0	0	0
2024-10-21 22:33:10	51.522938793	50.9431025875	51.0030556	1	0	0	0	0
2024-10-21 22:33:20	51.413781219	50.942084634	51.0030556	1	0	0	0	0
2024-10-21 22:33:30	51.577094119	50.936704034	51.0030556	1	0	0	0	0
2024-10-21 22:33:40	51.729012328	50.945043217	51.0030556	1	0	0	0	0
2024-10-21 22:33:50	51.788737128	51.064387917	51.0030556	1	0	0	0	0
2024-10-21 22:34:00	51.831890879	51.166719049	51.0030556	1	0	0	0	0
2024-10-21 22:34:10	51.740969779	51.131394949	51.0030556	1	0	0	0	0
2024-10-21 22:34:20	51.67754495	51.102090142499996	51.0030556	1	0	0	0	0
2024-10-21 22:34:30	51.836589950000004	51.1214868925	51.0030556	1	0	0	0	0
2024-10-21 22:34:40	51.97803385	51.144822000000005	51.0030556	1	0	0	0	0
2024-10-21 22:34:50	51.97706885	51.200022000000004	51.0030556	1	0	0	0	0
2024-10-21 22:35:00	51.9730651	51.2456295875	51.0030556	1	0	0	0	0
2024-10-21 22:35:10	51.9444751	51.2136258375	51.0030556	1	0	0	0	0
2024-10-21 22:35:20	51.9244178	51.1771618625	51.0030556	1	0	0	0	0
2024-10-21 22:35:30	51.9733978	51.1046106125	51.0030556	1	0	0	0	0
2024-10-21 22:35:40	51.99934138	51.036946954	51.0030556	1	0	0	0	0
2024-10-21 22:35:50	51.83889938	51.008828354	51.0030556	1	0	0	0	0
2024-10-21 22:36:00	51.701096711	50.9810087835	51.0030556	1	0	0	0	0
2024-10-21 22:36:10	51.746466811	50.9556086335	51.0030556	1	0	0	0	0
2024-10-21 22:36:20	51.775075309	50.9331961495	51.0030556	1	0	0	0	0
2024-10-21 22:36:30	51.668067209	50.9349565995	51.0030556	1	0	0	0	0
2024-10-21 22:36:40	51.5743942	50.948365406	51.0030556	1	0	0	0	0
2024-10-21 22:36:50	51.5886142	51.056020006	51.0030556	1	0	0	0	0
2024-10-21 22:37:00	51.61242235	51.149835407	51.0030556	1	0	0	0	0
2024-10-21 22:37:10	51.71380735	51.131679107	51.0030556	1	0	0	0	0
2024-10-21 22:37:20	51.7959784795	51.1086032	51.0030556	1	0	0	0	0
2024-10-21 22:37:30	51.7226919295	51.0457232	51.0030556	1	0	0	0	0
2024-10-21 22:37:40	51.64936850845771	50.989110813930346	51.0030556	1	0	0	0	0
2024-10-21 22:37:50	51.57574676716418	50.98320912238806	51.0030556	1	0	0	0	0
2024-10-21 22:38:00	51.51668884824121	50.979156258291454	51.0030556	1	0	0	0	0
2024-10-21 22:38:10	51.58870533065327	50.99174284120603	51.0030556	1	0	0	0	0
2024-10-21 22:38:20	51.6616619685	51.0090254305	51.0030556	1	0	0	0	0
2024-10-21 22:38:30	51.742225318500005	51.0643029805	51.0030556	1	0	0	0	0
2024-10-21 22:38:40	51.8203855315	51.114323218	51.0030556	1	0	0	0	0
2024-10-21 22:38:50	51.8791021815	51.121807018	51.0030556	1	0	0	0	0
2024-10-21 22:39:00	51.91543365	51.124696503	51.0030556	1	0	0	0	0
2024-10-21 22:39:10	51.77064865	51.090413803000004	51.0030556	1	0	0	0	0
2024-10-21 22:39:20	51.65073575	51.066258555500006	51.0030556	1	0	0	0	0
2024-10-21 22:39:30	51.73206075	51.124043605500006	51.0030556	1	0	0	0	0
2024-10-21 22:39:40	51.79538315	51.1624014235	51.0030556	1	0	0	0	0
2024-10-21 22:39:50	51.71304815	51.043575273500004	51.0030556	1	0	0	0	0
2024-10-21 22:40:00	51.64714495	50.9333958	51.0030556	1	0	0	0	0
2024-10-21 22:40:10	51.71418995	50.8931758	51.0030556	1	0	0	0	0
2024-10-21 22:40:20	51.7710363	50.867984	51.0030556	1	0	0	0	0
2024-10-21 22:40:30	51.7453663	50.964383999999995	51.0030556	1	0	0	0	0
2024-10-21 22:40:40	51.72071391	51.0455739975	51.0030556	1	0	0	0	0
2024-10-21 22:40:50	51.70429491	51.0037012475	51.0030556	1	0	0	0	0
2024-10-21 22:41:00	51.686354021499994	50.9664481345	51.0030556	1	0	0	0	0
2024-10-21 22:41:10	51.656099671499994	50.9665720845	51.0030556	1	0	0	0	0
2024-10-21 22:41:20	51.655611877	50.973365868	51.0030556	1	0	0	0	0
2024-10-21 22:41:30	51.895962577	51.034124668000004	51.0030556	1	0	0	0	0
2024-10-21 22:41:40	52.074796426	51.07623255	51.0030556	1	0	0	0	0
2024-10-21 22:41:50	51.755903026	50.96743755	51.0030556	1	0	0	0	0
2024-10-21 22:42:00	51.481218967	50.8719883	51.0030556	1	0	0	0	0
2024-10-21 22:42:10	51.564228667	50.8845183	51.0030556	1	0	0	0	0
2024-10-21 22:42:20	51.6246780985	50.889905197000004	51.0030556	1	0	0	0	0
2024-10-21 22:42:30	51.5025944485	50.837497897	51.0030556	1	0	0	0	0
2024-10-21 22:42:40	51.40606110693069	50.79456277574257	51.0030556	1	0	0	0	0
2024-10-21 22:42:50	51.51625298811881	50.82826619158416	51.0030556	1	0	0	0	0
2024-10-21 22:43:00	51.60804943181818	50.85712555909091	51.0030556	1	0	0	0	0
2024-10-21 22:43:10	51.513847563131314	50.837006215656565	51.0030556	1	0	0	0	0
2024-10-21 22:43:20	51.444376628	50.8249628515	51.0030556	1	0	0	0	0
2024-10-21 22:43:30	51.575001428	50.8782615015	51.0030556	1	0	0	0	0
2024-10-21 22:43:40	51.6805315375	50.9272016985	51.0030556	1	0	0	0	0
2024-10-21 22:43:50	51.5830227875	50.9408780485	51.0030556	1	0	0	0	0
2024-10-21 22:44:00	51.48424285	50.94388095	51.0030556	1	0	0	0	0
2024-10-21 22:44:10	51.37517785	50.86052595	51.0030556	1	0	0	0	0
2024-10-21 22:44:20	51.277840632	50.7875943795	51.0030556	1	0	0	0	0
2024-10-21 22:44:30	51.275391832	50.7989978295	51.0030556	1	0	0	0	0
2024-10-21 22:44:40	51.288050470499996	50.81528589	51.0030556	1	0	0	0	0
2024-10-21 22:44:50	51.4229420205	50.87109489	51.0030556	1	0	0	0	0
2024-10-21 22:45:00	51.53984733267327	50.920756176237624	51.0030556	1	0	0	0	0
2024-10-21 22:45:10	51.51122762970297	50.92067686930693	51.0030556	1	0	0	0	0
2024-10-21 22:45:20	51.48152974090909	50.91978471363636	51.0030556	1	0	0	0	0
2024-10-21 22:45:30	51.44093019545454	50.9106737540404	51.0030556	1	0	0	0	0
2024-10-21 22:45:40	51.3969610965	50.9039795285	51.0030556	1	0	0	0	0
2024-10-21 22:45:50	51.3969610965	50.9039795285	51.0030556	1	0	0	0	0
2024-10-21 22:46:00	51.325729246499996	50.9168388785	51.0030556	1	0	0	0	0
2024-10-21 22:46:10	51.2903504995	50.935033861	51.0030556	1	0	0	0	0
2024-10-21 22:46:20	51.545055949500004	50.996398961000004	51.0030556	1	0	0	0	0
2024-10-21 22:46:30	51.741561791	51.0376669455	51.0030556	1	0	0	0	0
2024-10-21 22:46:40	51.467179891	50.916330995500005	51.0030556	1	0	0	0	0
2024-10-21 22:46:50	51.2301916	50.801875287	51.0030556	1	0	0	0	0
2024-10-21 22:47:00	51.2957516	50.743086987	51.0030556	1	0	0	0	0
2024-10-21 22:47:10	51.36788245	50.70019733349999	51.0030556	1	0	0	0	0
2024-10-21 22:47:20	51.49317745	50.7859421835	51.0030556	1	0	0	0	0
2024-10-21 22:47:30	51.6046757	50.8726829955	51.0030556	1	0	0	0	0
2024-10-21 22:47:40	51.6045457	50.9674820455	51.0030556	1	0	0	0	0
2024-10-21 22:47:50	51.632638796	51.06290087399999	51.0030556	1	0	0	0	0
2024-10-21 22:48:00	51.889082396	51.16333427399999	51.0030556	1	0	0	0	0
2024-10-21 22:48:10	52.111366618000005	51.26194405	51.0030556	1	0	0	0	0
2024-10-21 22:48:20	52.057270418	51.345799050000004	51.0030556	1	0	0	0	0
2024-10-21 22:48:30	51.992272536	51.403353864	51.0030556	1	0	0	0	0
2024-10-21 22:48:40	51.839070136000004	51.248116264	51.0030556	1	0	0	0	0
2024-10-21 22:48:50	51.7222265475	51.109226138	51.0030556	1	0	0	0	0
2024-10-21 22:49:00	51.8995587975	51.102601938	51.0030556	1	0	0	0	0
2024-10-21 22:49:10	52.047905359999994	51.096849279000004	51.0030556	1	0	0	0	0
2024-10-21 22:49:20	51.961731359999995	51.098148179	51.0030556	1	0	0	0	0
2024-10-21 22:49:30	51.874387256999995	51.1040358005	51.0030556	1	0	0	0	0
2024-10-21 22:49:40	51.777575956999996	51.1470503505	51.0030556	1	0	0	0	0
2024-10-21 22:49:50	51.704421389000004	51.179848909	51.0030556	1	0	0	0	0
2024-10-21 22:50:00	51.822671289	51.129990809	51.0030556	1	0	0	0	0
2024-10-21 22:50:10	51.920531396499996	51.0912034555	51.0030556	1	0	0	0	0
2024-10-21 22:50:20	51.8534195465	51.141988505499995	51.0030556	1	0	0	0	0
2024-10-21 22:50:30	51.7896555795	51.177605672	51.0030556	1	0	0	0	0
2024-10-21 22:50:40	51.7529790295	51.090500872	51.0030556	1	0	0	0	0
2024-10-21 22:50:50	51.7275620685	51.007132761	51.0030556	1	0	0	0	0
2024-10-21 22:51:00	51.7932454185	50.953997861	51.0030556	1	0	0	0	0
2024-10-21 22:51:10	51.827429405000004	50.914059221	51.0030556	1	0	0	0	0
2024-10-21 22:51:20	51.606754905	50.980890321000004	51.0030556	1	0	0	0	0
2024-10-21 22:51:30	51.412610997	51.02927815	51.0030556	1	0	0	0	0
2024-10-21 22:51:40	51.433123697	50.92844315	51.0030556	1	0	0	0	0
2024-10-21 22:51:50	51.450436376	50.83869945	51.0030556	1	0	0	0	0
2024-10-21 22:52:00	51.441857976	50.83869445	51.0030556	1	0	0	0	0
2024-10-21 22:52:10	51.43285753684211	50.840819094736844	51.0030556	1	0	0	0	0
2024-10-21 22:52:20	51.42044241722488	50.8601745014354	51.0030556	1	0	0	0	0
2024-10-21 22:52:30	51.4082756	50.8791428	51.0030556	1	0	0	0	0
2024-10-21 22:52:40	51.49022931276596	50.86203509255319	51.0030556	1	0	0	0	0
2024-10-21 22:52:50	51.58072577068063	50.84554540680629	51.0030556	1	0	0	0	0
2024-10-21 22:53:00	51.64362430471204	50.95248074712042	51.0030556	1	0	0	0	0
2024-10-21 22:53:10	51.7045959705	51.060500606	51.0030556	1	0	0	0	0
2024-10-21 22:53:20	51.749977520499996	51.177295206	51.0030556	1	0	0	0	0
2024-10-21 22:53:30	51.790105052499996	51.275283843	51.0030556	1	0	0	0	0
2024-10-21 22:53:40	51.7877228025	51.221115143	51.0030556	1	0	0	0	0
2024-10-21 22:53:50	51.760249656999996	51.159198725	51.0030556	1	0	0	0	0
2024-10-21 22:54:00	51.529768357	51.034596225	51.0030556	1	0	0	0	0
2024-10-21 22:54:10	51.33145175	50.919158820499995	51.0030556	1	0	0	0	0
2024-10-21 22:54:20	51.39337675	50.8778753705	51.0030556	1	0	0	0	0
2024-10-21 22:54:30	51.4351340255	50.8303199295	51.0030556	1	0	0	0	0
2024-10-21 22:54:40	51.3137160755	50.732018379500005	51.0030556	1	0	0	0	0
2024-10-21 22:54:50	51.22187921	50.6531156375	51.0030556	1	0	0	0	0
2024-10-21 22:55:00	51.369380209999996	50.7311668875	51.0030556	1	0	0	0	0
2024-10-21 22:55:10	51.511764406	50.815416643	51.0030556	1	0	0	0	0
2024-10-21 22:55:20	51.612749006	50.949817943	51.0030556	1	0	0	0	0
2024-10-21 22:55:30	51.6950284085	51.076152118	51.0030556	1	0	0	0	0
2024-10-21 22:55:40	51.6259657585	51.137215918	51.0030556	1	0	0	0	0
2024-10-21 22:55:50	51.550848131	51.1716184515	51.0030556	1	0	0	0	0
2024-10-21 22:56:00	51.426740231000004	50.9903071015	51.0030556	1	0	0	0	0
2024-10-21 22:56:10	51.301235969	50.82895705	51.0030556	1	0	0	0	0
2024-10-21 22:56:20	51.164433869	50.82911205	51.0030556	1	0	0	0	0
2024-10-21 22:56:30	51.0296583925	50.8169474845	51.0030556	1	0	0	0	0
2024-10-21 22:56:40	50.9112801425	50.705106434499996	51.0030556	1	0	0	0	0
2024-10-21 22:56:50	50.8119821075	50.604991978499996	51.0030556	1	0	0	0	0
2024-10-21 22:57:00	50.8670603575	50.5997563285	51.0030556	1	0	0	0	0
2024-10-21 22:57:10	50.91731805	50.599056523	51.0030556	1	0	0	0	0
2024-10-21 22:57:20	50.92857305	50.635055823	51.0030556	1	0	0	0	0
2024-10-21 22:57:30	50.9546269	50.673682131999996	51.0030556	1	0	0	0	0
2024-10-21 22:57:40	51.1004169	50.733563331999996	51.0030556	1	0	0	0	0
2024-10-21 22:57:50	51.24325835	50.7896283295	51.0030556	1	0	0	0	0
2024-10-21 22:58:00	51.36224335	50.8148167795	51.0030556	1	0	0	0	0
2024-10-21 22:58:10	51.453967424	50.837209321	51.0030556	1	0	0	0	0
2024-10-21 22:58:20	51.325125824000004	50.836980421	51.0030556	1	0	0	0	0
2024-10-21 22:58:30	51.2396145	50.849150358	51.0030556	1	0	0	0	0
2024-10-21 22:58:40	51.5046845	50.961638158	51.0030556	1	0	0	0	0
2024-10-21 22:58:50	51.713668756435645	51.06050757920792	51.0030556	1	0	0	0	0
2024-10-21 22:59:00	51.46886836039604	51.04919193564356	51.0030556	1	0	0	0	0
2024-10-21 22:59:10	51.25510863636364	51.04139039545455	51.0030556	1	0	0	0	0
2024-10-21 22:59:20	51.3552045959596	51.069120344949496	51.0030556	1	0	0	0	0
2024-10-21 22:59:30	51.43190235	51.093706615500004	51.0030556	1	0	0	0	0
2024-10-21 22:59:40	51.31928735	51.0928576655	51.0030556	1	0	0	0	0
2024-10-21 22:59:50	51.22984329473684	51.09007356842105	51.0030556	1	0	0	0	0
2024-10-21 23:00:00	51.32787324688995	51.0716323722488	51.0030556	1	0	0	0	0
2024-10-21 23:00:10	51.42428763979057	51.05225455497382	51.0030556	1	0	0	0	0
2024-10-21 23:00:20	51.441539629319365	50.986982303664924	51.0030556	1	0	0	0	0
2024-10-21 23:00:30	51.4632236355	50.9328797	51.0030556	1	0	0	0	0
2024-10-21 23:00:40	51.5207666855	50.9691497	51.0030556	1	0	0	0	0
2024-10-21 23:00:50	51.570714450000004	51.0007282	51.0030556	1	0	0	0	0
2024-10-21 23:01:00	51.55920945	50.9943482	51.0030556	1	0	0	0	0
2024-10-21 23:01:10	51.57071132487562	50.99387064676617	51.0030556	1	0	0	0	0
2024-10-21 23:01:20	51.76835973283582	51.04114925373134	51.0030556	1	0	0	0	0
2024-10-21 23:01:30	51.92491348592965	51.082248984924625	51.0030556	1	0	0	0	0
2024-10-21 23:01:40	51.71161534522613	51.067738834170854	51.0030556	1	0	0	0	0
2024-10-21 23:01:50	51.51655775	51.0568307765	51.0030556	1	0	0	0	0
2024-10-21 23:02:00	51.46908275	51.0750669265	51.0030556	1	0	0	0	0
2024-10-21 23:02:10	51.435639900000005	51.090083151	51.0030556	1	0	0	0	0
2024-10-21 23:02:20	51.515729900000004	51.079047251	51.0030556	1	0	0	0	0
2024-10-21 23:02:30	51.5884093925	51.0707086445	51.0030556	1	0	0	0	0
2024-10-21 23:02:40	51.6011311425	51.0841935945	51.0030556	1	0	0	0	0
2024-10-21 23:02:50	51.637308022	51.104149013999994	51.0030556	1	0	0	0	0
2024-10-21 23:03:00	51.863258222	51.176456414	51.0030556	1	0	0	0	0
2024-10-21 23:03:10	52.0557832335	51.235735386500004	51.0030556	1	0	0	0	0
2024-10-21 23:03:20	51.9778680835	51.1896025365	51.0030556	1	0	0	0	0
2024-10-21 23:03:30	51.903483752	51.1411157635	51.0030556	1	0	0	0	0
2024-10-21 23:03:40	51.857666952	51.0735836135	51.0030556	1	0	0	0	0
2024-10-21 23:03:50	51.8147336315	51.0151168	51.0030556	1	0	0	0	0
2024-10-21 23:04:00	51.7951302815	51.0299968	51.0030556	1	0	0	0	0
2024-10-21 23:04:10	51.782517283	51.049128668499996	51.0030556	1	0	0	0	0
2024-10-21 23:04:20	51.826462583	51.1026620185	51.0030556	1	0	0	0	0
2024-10-21 23:04:30	51.8608233355	51.150220531500004	51.0030556	1	0	0	0	0
2024-10-21 23:04:40	51.8176363855	51.1494371815	51.0030556	1	0	0	0	0
2024-10-21 23:04:50	51.788648593000005	51.1568053925	51.0030556	1	0	0	0	0
2024-10-21 23:05:00	51.874544893	51.230127142499995	51.0030556	1	0	0	0	0
2024-10-21 23:05:10	51.9533208435	51.299001642	51.0030556	1	0	0	0	0
2024-10-21 23:05:20	51.9744866935	51.331893842	51.0030556	1	0	0	0	0
2024-10-21 23:05:30	51.9980049155	51.3598385555	51.0030556	1	0	0	0	0
2024-10-21 23:05:40	52.0405559655	51.3477536055	51.0030556	1	0	0	0	0
2024-10-21 23:05:50	52.0836071965	51.3343390965	51.0030556	1	0	0	0	0
2024-10-21 23:06:00	52.1307053465	51.3101672465	51.0030556	1	0	0	0	0
2024-10-21 23:06:10	52.170419801499996	51.2914755635	51.0030556	1	0	0	0	0
2024-10-21 23:06:20	52.1503934515	51.3171234135	51.0030556	1	0	0	0	0
2024-10-21 23:06:30	52.15167755	51.3468273375	51.0030556	1	0	0	0	0
2024-10-21 23:06:40	52.32538255	51.4093485875	51.0030556	1	0	0	0	0
2024-10-21 23:06:50	52.4757748375	51.4606715625	51.0030556	1	0	0	0	0
2024-10-21 23:07:00	52.4375460875	51.4213903125	51.0030556	1	0	0	0	0
2024-10-21 23:07:10	52.395469004	51.39253665	51.0030556	1	0	0	0	0
2024-10-21 23:07:20	52.322255404	51.44805165	51.0030556	1	0	0	0	0
2024-10-21 23:07:30	52.27396112935324	51.50040960348258	51.0030556	1	0	0	0	0
2024-10-21 23:07:40	52.42728685074627	51.52722418059701	51.0030556	1	0	0	0	0
2024-10-21 23:07:50	52.5635325678392	51.548928928140704	51.0030556	1	0	0	0	0
2024-10-21 23:08:00	52.546058246231155	51.524645209547735	51.0030556	1	0	0	0	0
2024-10-21 23:08:10	52.5371247175	51.5040416695	51.0030556	1	0	0	0	0
2024-10-21 23:08:20	52.5972939675	51.5132141195	51.0030556	1	0	0	0	0
2024-10-21 23:08:30	52.665653504	51.525414182	51.0030556	1	0	0	0	0
2024-10-21 23:08:40	52.800279904	51.562110382	51.0030556	1	0	0	0	0
2024-10-21 23:08:50	52.910678683	51.589823476	51.0030556	1	0	0	0	0
2024-10-21 23:09:00	52.825053983000004	51.544855076	51.0030556	1	0	0	0	0
2024-10-21 23:09:10	52.74097486	51.5044918425	51.0030556	1	0	0	0	0
2024-10-21 23:09:20	52.66940086	51.5013885925	51.0030556	1	0	0	0	0
2024-10-21 23:09:30	52.596920229	51.489778663	51.0030556	1	0	0	0	0
2024-10-21 23:09:40	52.517104129	51.409341963	51.0030556	1	0	0	0	0
2024-10-21 23:09:50	52.433530240796024	51.33620364079602	51.0030556	1	0	0	0	0
2024-10-21 23:10:00	52.31955242985075	51.322115829850745	51.0030556	1	0	0	0	0
2024-10-21 23:10:10	52.207264088442216	51.29750005628141	51.0030556	1	0	0	0	0
2024-10-21 23:10:20	52.11018097286433	51.17813261909548	51.0030556	1	0	0	0	0
2024-10-21 23:10:30	52.045751700000004	51.0787838165	51.0030556	1	0	0	0	0
2024-10-21 23:10:40	52.2455217	51.1414039665	51.0030556	1	0	0	0	0
2024-10-21 23:10:50	52.408984165	51.1939345755	51.0030556	1	0	0	0	0
2024-10-21 23:11:00	52.278685665	51.1648316255	51.0030556	1	0	0	0	0
2024-10-21 23:11:10	52.145053703	51.1340086	51.0030556	1	0	0	0	0
2024-10-21 23:11:20	51.984451003	51.089268600000004	51.0030556	1	0	0	0	0
2024-10-21 23:11:30	51.861867647	51.062347126	51.0030556	1	0	0	0	0
2024-10-21 23:11:40	52.046895346999996	51.179593726	51.0030556	1	0	0	0	0
2024-10-21 23:11:50	52.19443145	51.270357897500006	51.0030556	1	0	0	0	0
2024-10-21 23:12:00	52.03862645	51.146855147500006	51.0030556	1	0	0	0	0
2024-10-21 23:12:10	51.8980148425	51.0365195515	51.0030556	1	0	0	0	0
2024-10-21 23:12:20	51.8803315925	51.0327182015	51.0030556	1	0	0	0	0
2024-10-21 23:12:30	51.8717752075	51.029302693000005	51.0030556	1	0	0	0	0
2024-10-21 23:12:40	51.9370634575	51.029008993000005	51.0030556	1	0	0	0	0
2024-10-21 23:12:50	51.9890927255	51.0270846585	51.0030556	1	0	0	0	0
2024-10-21 23:13:00	51.9338447755	51.0119670085	51.0030556	1	0	0	0	0
2024-10-21 23:13:10	51.873517960499996	50.9910019235	51.0030556	1	0	0	0	0
2024-10-21 23:13:20	51.7720985105	50.922725773500005	51.0030556	1	0	0	0	0
2024-10-21 23:13:30	51.677456496000005	50.8576222875	51.0030556	1	0	0	0	0
2024-10-21 23:13:40	51.637650096	50.8181885375	51.0030556	1	0	0	0	0
2024-10-21 23:13:50	51.5918329	50.7834770765	51.0030556	1	0	0	0	0
2024-10-21 23:14:00	51.4973829	50.7869732265	51.0030556	1	0	0	0	0
2024-10-21 23:14:10	51.4100655475	50.783999523000006	51.0030556	1	0	0	0	0
2024-10-21 23:14:20	51.3804577975	50.728678823	51.0030556	1	0	0	0	0
2024-10-21 23:14:30	51.361417670499996	50.683080913	51.0030556	1	0	0	0	0
2024-10-21 23:14:40	51.427879220499996	50.716149212999994	51.0030556	1	0	0	0	0
2024-10-21 23:14:50	51.492891625	50.754252152499994	51.0030556	1	0	0	0	0
2024-10-21 23:15:00	51.546179124999995	50.8330899025	51.0030556	1	0	0	0	0
2024-10-21 23:15:10	51.604393349	50.912046678	51.0030556	1	0	0	0	0
2024-10-21 23:15:20	51.702469248999996	50.991966478	51.0030556	1	0	0	0	0
2024-10-21 23:15:30	51.7943524405	51.0610662545	51.0030556	1	0	0	0	0
2024-10-21 23:15:40	51.8361309905	51.0426222045	51.0030556	1	0	0	0	0
2024-10-21 23:15:50	51.86861980597015	51.02949253582089	51.0030556	1	0	0	0	0
2024-10-21 23:16:00	51.8259462238806	51.05936104328358	51.0030556	1	0	0	0	0
2024-10-21 23:16:10	51.792940788944726	51.083007890954775	51.0030556	1	0	0	0	0
2024-10-21 23:16:20	51.84694867839196	51.050659800502515	51.0030556	1	0	0	0	0
2024-10-21 23:16:30	51.9107175455	51.02919325	51.0030556	1	0	0	0	0
2024-10-21 23:16:40	52.053461595499996	51.09576825	51.0030556	1	0	0	0	0
2024-10-21 23:16:50	52.160949441	51.1459731545	51.0030556	1	0	0	0	0
2024-10-21 23:17:00	51.983182541	51.0637291045	51.0030556	1	0	0	0	0
2024-10-21 23:17:10	51.815351050000004	50.990314331	51.0030556	1	0	0	0	0
2024-10-21 23:17:20	51.72790605	50.988336431	51.0030556	1	0	0	0	0
2024-10-21 23:17:30	51.64578395	50.9737063145	51.0030556	1	0	0	0	0
2024-10-21 23:17:40	51.606728950000004	50.8567082645	51.0030556	1	0	0	0	0
2024-10-21 23:17:50	51.55615695	50.7499246	51.0030556	1	0	0	0	0
2024-10-21 23:18:00	51.41240195	50.725784600000004	51.0030556	1	0	0	0	0
2024-10-21 23:18:10	51.2922763085	50.700688986	51.0030556	1	0	0	0	0
2024-10-21 23:18:20	51.363333658500004	50.667861586	51.0030556	1	0	0	0	0
2024-10-21 23:18:30	51.4361969335	50.648674714	51.0030556	1	0	0	0	0
2024-10-21 23:18:40	51.5236717835	50.739852114	51.0030556	1	0	0	0	0
2024-10-21 23:18:50	51.619677854	50.830766740499996	51.0030556	1	0	0	0	0
2024-10-21 23:19:00	51.784709254	50.9195552905	51.0030556	1	0	0	0	0
2024-10-21 23:19:10	51.929158554000004	51.0047020595	51.0030556	1	0	0	0	0
2024-10-21 23:19:20	51.907079954000004	51.0603835095	51.0030556	1	0	0	0	0
2024-10-21 23:19:30	51.87550545	51.0921314455	51.0030556	1	0	0	0	0
2024-10-21 23:19:40	51.76710045	50.9302354955	51.0030556	1	0	0	0	0
2024-10-21 23:19:50	51.66370815	50.788120928	51.0030556	1	0	0	0	0
2024-10-21 23:20:00	51.60087315	50.806055728000004	51.0030556	1	0	0	0	0
2024-10-21 23:20:10	51.5385997	50.821590317	51.0030556	1	0	0	0	0
2024-10-21 23:20:20	51.4808697	50.817705017	51.0030556	1	0	0	0	0
2024-10-21 23:20:30	51.4235227915	50.810473280500005	51.0030556	1	0	0	0	0
2024-10-21 23:20:40	51.3692754415	50.776165830500005	51.0030556	1	0	0	0	0
2024-10-21 23:20:50	51.3231798285	50.739390679	51.0030556	1	0	0	0	0
2024-10-21 23:21:00	51.3430391785	50.682649579	51.0030556	1	0	0	0	0
2024-10-21 23:21:10	51.350011462000005	50.62778025	51.0030556	1	0	0	0	0
2024-10-21 23:21:20	51.252715662	50.588055250000004	51.0030556	1	0	0	0	0
2024-10-21 23:21:30	51.159477168	50.5541483095	51.0030556	1	0	0	0	0
2024-10-21 23:21:40	51.099065968	50.5673147595	51.0030556	1	0	0	0	0
2024-10-21 23:21:50	51.045412199999994	50.5808180405	51.0030556	1	0	0	0	0
2024-10-21 23:22:00	51.0464322	50.5970465905	51.0030556	1	0	0	0	0
2024-10-21 23:22:10	51.05621205	50.615667404	51.0030556	1	0	0	0	0
2024-10-21 23:22:20	51.13686705	50.653643804	51.0030556	1	0	0	0	0
2024-10-21 23:22:30	51.20865	50.6874428	51.0030556	1	0	0	0	0
2024-10-21 23:22:40	51.24768703703703	50.726959837037036	51.0030556	1	0	0	0	0
2024-10-21 23:22:50	51.2851467415	50.7760168345	51.0030556	1	0	0	0	0
2024-10-21 23:23:00	51.3098443915	50.9022607845	51.0030556	1	0	0	0	0
2024-10-21 23:23:10	51.343465758499995	51.010637836	51.0030556	1	0	0	0	0
2024-10-21 23:23:20	51.4492881085	50.974455436	51.0030556	1	0	0	0	0
2024-10-21 23:23:30	51.54389735	50.9385743205	51.0030556	1	0	0	0	0
2024-10-21 23:23:40	51.54778235	50.9051308705	51.0030556	1	0	0	0	0
2024-10-21 23:23:50	51.5517606905	50.8777596955	51.0030556	1	0	0	0	0
2024-10-21 23:24:00	51.5564942405	50.8995187455	51.0030556	1	0	0	0	0
2024-10-21 23:24:10	51.55570253233831	50.917356980099505	51.0030556	1	0	0	0	0
2024-10-21 23:24:20	51.51020646268657	50.903472253731344	51.0030556	1	0	0	0	0
2024-10-21 23:24:30	51.46432783919598	50.88928524623116	51.0030556	1	0	0	0	0
2024-10-21 23:24:40	51.41500623115578	50.872377708542714	51.0030556	1	0	0	0	0
2024-10-21 23:24:50	51.363159469500005	50.8532756805	51.0030556	1	0	0	0	0
2024-10-21 23:25:00	51.2908819195	50.8164182305	51.0030556	1	0	0	0	0
2024-10-21 23:25:10	51.238057638499996	50.7930724215	51.0030556	1	0	0	0	0
2024-10-21 23:25:20	51.3426279885	50.8790480715	51.0030556	1	0	0	0	0
2024-10-21 23:25:30	51.430312761	50.951538948	51.0030556	1	0	0	0	0
2024-10-21 23:25:40	51.381377861	50.914925748	51.0030556	1	0	0	0	0
2024-10-21 23:25:50	51.34479181052631	50.88458803157895	51.0030556	1	0	0	0	0
2024-10-21 23:26:00	51.408119178947366	50.90502468229665	51.0030556	1	0	0	0	0
2024-10-21 23:26:10	51.47130340418848	50.92552608062827	51.0030556	1	0	0	0	0
2024-10-21 23:26:20	51.527473613612564	50.949200112041886	51.0030556	1	0	0	0	0
2024-10-21 23:26:30	51.5746609195	50.969295949999996	51.0030556	1	0	0	0	0
2024-10-21 23:26:40	51.5491683695	50.96044095	51.0030556	1	0	0	0	0
2024-10-21 23:26:50	51.5289199485	50.9555729	51.0030556	1	0	0	0	0
2024-10-21 23:27:00	51.5511012985	50.9829629	51.0030556	1	0	0	0	0
2024-10-21 23:27:10	51.5730421225	51.0056220585	51.0030556	1	0	0	0	0
2024-10-21 23:27:20	51.5930368725	50.9900044085	51.0030556	1	0	0	0	0
2024-10-21 23:27:30	51.617273315999995	50.9826334915	51.0030556	1	0	0	0	0
2024-10-21 23:27:40	51.675828916	51.041986141500004	51.0030556	1	0	0	0	0
2024-10-21 23:27:50	51.733272713	51.096849576000004	51.0030556	1	0	0	0	0
2024-10-21 23:28:00	51.781721013	51.115391176	51.0030556	1	0	0	0	0
2024-10-21 23:28:10	51.8167909425	51.123759349000004	51.0030556	1	0	0	0	0
2024-10-21 23:28:20	51.7436176925	51.049815249000005	51.0030556	1	0	0	0	0
2024-10-21 23:28:30	51.673765887	50.9866643215	51.0030556	1	0	0	0	0
2024-10-21 23:28:40	51.630787587	51.0108399715	51.0030556	1	0	0	0	0
2024-10-21 23:28:50	51.597039177999996	51.030801405999995	51.0030556	1	0	0	0	0
2024-10-21 23:29:00	51.637968977999996	51.016666006	51.0030556	1	0	0	0	0
2024-10-21 23:29:10	51.673062541	51.0058875475	51.0030556	1	0	0	0	0
2024-10-21 23:29:20	51.660935641	51.0222697975	51.0030556	1	0	0	0	0
2024-10-21 23:29:30	51.650670788000006	51.0425403	51.0030556	1	0	0	0	0
2024-10-21 23:29:40	51.655471588000005	51.0942703	51.0030556	1	0	0	0	0
2024-10-21 23:29:50	51.666970937	51.1364834245	51.0030556	1	0	0	0	0
2024-10-21 23:30:00	51.732667637	51.1016963745	51.0030556	1	0	0	0	0
2024-10-21 23:30:10	51.7805585765	51.0696721725	51.0030556	1	0	0	0	0
2024-10-21 23:30:20	51.6843847265	51.0600019225	51.0030556	1	0	0	0	0
2024-10-21 23:30:30	51.59984215	51.044211982	51.0030556	1	0	0	0	0
2024-10-21 23:30:40	51.60940715	50.978908182	51.0030556	1	0	0	0	0
2024-10-21 23:30:50	51.5919931375	50.910572441	51.0030556	1	0	0	0	0
2024-10-21 23:31:00	51.3562943875	50.817705540999995	51.0030556	1	0	0	0	0
2024-10-21 23:31:10	51.160293262500005	50.739899279999996	51.0030556	1	0	0	0	0
2024-10-21 23:31:20	51.285482012500005	50.78394728	51.0030556	1	0	0	0	0
2024-10-21 23:31:30	51.382199996000004	50.8214252	51.0030556	1	0	0	0	0
2024-10-21 23:31:40	51.248563596000004	50.8057452	51.0030556	1	0	0	0	0
2024-10-21 23:31:50	51.139812804	50.79504435	51.0030556	1	0	0	0	0
2024-10-21 23:32:00	51.232409204	50.82462935	51.0030556	1	0	0	0	0
2024-10-21 23:32:10	51.3205815085	50.852850350000004	51.0030556	1	0	0	0	0
2024-10-21 23:32:20	51.3729588585	50.87003535	51.0030556	1	0	0	0	0
2024-10-21 23:32:30	51.4251000055	50.888908503500005	51.0030556	1	0	0	0	0
2024-10-21 23:32:40	51.475330055499995	50.9214403535	51.0030556	1	0	0	0	0
2024-10-21 23:32:50	51.5040511785	50.940138059	51.0030556	1	0	0	0	0
2024-10-21 23:33:00	51.3587455285	50.846904959	51.0030556	1	0	0	0	0
2024-10-21 23:33:10	51.24079052238806	50.769419258208956	51.0030556	1	0	0	0	0
2024-10-21 23:33:20	51.344127089552245	50.81934433283582	51.0030556	1	0	0	0	0
2024-10-21 23:33:30	51.41255914572864	50.85915772914573	51.0030556	1	0	0	0	0
2024-10-21 23:33:40	51.16685060301508	50.80796602060301	51.0030556	1	0	0	0	0
2024-10-21 23:33:50	50.972407399999994	50.773882756	51.0030556	1	0	0	0	0
2024-10-21 23:34:00	51.192747399999995	50.878222355999995	51.0030556	1	0	0	0	0
2024-10-21 23:34:10	51.3858852635	50.9758057065	51.0030556	1	0	0	0	0
2024-10-21 23:34:20	51.3589331135	51.0187248565	51.0030556	1	0	0	0	0
2024-10-21 23:34:30	51.350134566	51.062792082	51.0030556	1	0	0	0	0
2024-10-21 23:34:40	51.488215166	51.116148282000005	51.0030556	1	0	0	0	0
2024-10-21 23:34:50	51.616987120500006	51.1649161785	51.0030556	1	0	0	0	0
2024-10-21 23:35:00	51.670443670500006	51.1765605285	51.0030556	1	0	0	0	0
2024-10-21 23:35:10	51.720084150000005	51.185159721	51.0030556	1	0	0	0	0
2024-10-21 23:35:20	51.73884915	51.169120821	51.0030556	1	0	0	0	0
2024-10-21 23:35:30	51.7673941235	51.155733009	51.0030556	1	0	0	0	0
2024-10-21 23:35:40	51.8750679735	51.163794908999996	51.0030556	1	0	0	0	0
2024-10-21 23:35:50	51.98138455	51.1746737	51.0030556	1	0	0	0	0
2024-10-21 23:36:00	52.07671955	51.2083437	51.0030556	1	0	0	0	0
2024-10-21 23:36:10	52.1548781765	51.2387028595	51.0030556	1	0	0	0	0
2024-10-21 23:36:20	52.0940643265	51.2422743095	51.0030556	1	0	0	0	0
2024-10-21 23:36:30	52.0456567	51.244790744	51.0030556	1	0	0	0	0
2024-10-21 23:36:40	52.0976267	51.238771144	51.0030556	1	0	0	0	0
2024-10-21 23:36:50	52.1313516545	51.2332983045	51.0030556	1	0	0	0	0
2024-10-21 23:37:00	52.0174576045	51.232249254500005	51.0030556	1	0	0	0	0
2024-10-21 23:37:10	51.914455188	51.238685842	51.0030556	1	0	0	0	0
2024-10-21 23:37:20	51.899575987999995	51.305688042	51.0030556	1	0	0	0	0
2024-10-21 23:37:30	51.9052326165	51.363035849999996	51.0030556	1	0	0	0	0
2024-10-21 23:37:40	52.0770427665	51.34227085	51.0030556	1	0	0	0	0
2024-10-21 23:37:50	52.22409020895522	51.318537910447766	51.0030556	1	0	0	0	0
2024-10-21 23:38:00	52.170784835820896	51.27079164179105	51.0030556	1	0	0	0	0
2024-10-21 23:38:10	52.11136247738693	51.22720205025126	51.0030556	1	0	0	0	0
2024-10-21 23:38:20	51.99688725125628	51.22102255276382	51.0030556	1	0	0	0	0
2024-10-21 23:38:30	51.918362261	51.219982596	51.0030556	1	0	0	0	0
2024-10-21 23:38:40	52.130707361	51.260526196	51.0030556	1	0	0	0	0
2024-10-21 23:38:50	52.303616102499994	51.2939689	51.0030556	1	0	0	0	0
2024-10-21 23:39:00	52.157448852499996	51.2699589	51.0030556	1	0	0	0	0
2024-10-21 23:39:10	52.052579326	51.2586022	51.0030556	1	0	0	0	0
2024-10-21 23:39:20	52.281845926	51.3496222	51.0030556	1	0	0	0	0
2024-10-21 23:39:30	52.487114573999996	51.4315595	51.0030556	1	0	0	0	0
2024-10-21 23:39:40	52.498217974	51.4400095	51.0030556	1	0	0	0	0
2024-10-21 23:39:50	52.4909457805	51.4446668925	51.0030556	1	0	0	0	0
2024-10-21 23:40:00	52.3349983305	51.4186386425	51.0030556	1	0	0	0	0
2024-10-21 23:40:10	52.201926156	51.3841873075	51.0030556	1	0	0	0	0
2024-10-21 23:40:20	52.253935756000004	51.2815855575	51.0030556	1	0	0	0	0
2024-10-21 23:40:30	52.280609738	51.1919189	51.0030556	1	0	0	0	0
2024-10-21 23:40:40	52.102295538	51.2069089	51.0030556	1	0	0	0	0
2024-10-21 23:40:50	51.9409458075	51.21953885	51.0030556	1	0	0	0	0
2024-10-21 23:41:00	51.9168540575	51.21307385	51.0030556	1	0	0	0	0
2024-10-21 23:41:10	51.923973218	51.20347	51.0030556	1	0	0	0	0
2024-10-21 23:41:20	52.183617018	51.16847	51.0030556	1	0	0	0	0
2024-10-21 23:41:30	52.395148600000006	51.13486931	51.0030556	1	0	0	0	0
2024-10-21 23:41:40	52.217408600000006	51.11259031	51.0030556	1	0	0	0	0
2024-10-21 23:41:50	52.065085396039606	51.09799614851485	51.0030556	1	0	0	0	0
2024-10-21 23:42:00	52.11840717821782	51.14557931683168	51.0030556	1	0	0	0	0
2024-10-21 23:42:10	52.17118	51.19414935454545	51.0030556	1	0	0	0	0
2024-10-21 23:42:20	52.218402222222224	51.25269773838384	51.0030556	1	0	0	0	0
2024-10-21 23:42:30	52.23891433	51.292260729	51.0030556	1	0	0	0	0
2024-10-21 23:42:40	52.04331733	51.178214628999996	51.0030556	1	0	0	0	0
2024-10-21 23:42:50	51.894758134	51.080658002	51.0030556	1	0	0	0	0
2024-10-21 23:43:00	52.126777534	51.116516202	51.0030556	1	0	0	0	0
2024-10-21 23:43:10	52.319012871	51.146348486499996	51.0030556	1	0	0	0	0
2024-10-21 23:43:20	52.189358971000004	51.1274256365	51.0030556	1	0	0	0	0
2024-10-21 23:43:30	52.065743565000005	51.103362013499996	51.0030556	1	0	0	0	0
2024-10-21 23:43:40	51.990985065000004	51.0377048635	51.0030556	1	0	0	0	0
2024-10-21 23:43:50	51.936896247	50.9844774	51.0030556	1	0	0	0	0
2024-10-21 23:44:00	52.050043947	51.0318174	51.0030556	1	0	0	0	0
2024-10-21 23:44:10	52.149185302999996	51.0782675	51.0030556	1	0	0	0	0
2024-10-21 23:44:20	52.135002603	51.117517500000005	51.0030556	1	0	0	0	0
2024-10-21 23:44:30	52.13589845	51.161095450000005	51.0030556	1	0	0	0	0
2024-10-21 23:44:40	52.25879345	51.239690450000005	51.0030556	1	0	0	0	0
2024-10-21 23:44:50	52.3685299145	51.308309759000004	51.0030556	1	0	0	0	0
2024-10-21 23:45:00	52.3718018645	51.296216659	51.0030556	1	0	0	0	0
2024-10-21 23:45:10	52.3579628855	51.277199521	51.0030556	1	0	0	0	0
2024-10-21 23:45:20	52.2056809355	51.202160621	51.0030556	1	0	0	0	0
2024-10-21 23:45:30	52.0535983	51.138151135	51.0030556	1	0	0	0	0
2024-10-21 23:45:40	51.9031283	51.163379635	51.0030556	1	0	0	0	0
2024-10-21 23:45:50	51.79532126915423	51.186186368159206	51.0030556	1	0	0	0	0
2024-10-21 23:46:00	52.032696443283584	51.18939880597015	51.0030556	1	0	0	0	0
2024-10-21 23:46:10	52.22805767286432	51.18240271356784	51.0030556	1	0	0	0	0
2024-10-21 23:46:20	52.045293401507536	51.08352984924623	51.0030556	1	0	0	0	0
2024-10-21 23:46:30	51.8924182445	50.996938085000004	51.0030556	1	0	0	0	0
2024-10-21 23:46:40	51.9813731945	51.009711585	51.0030556	1	0	0	0	0
2024-10-21 23:46:50	52.0531473545	51.021801743	51.0030556	1	0	0	0	0
2024-10-21 23:47:00	51.985913304499995	51.028363043	51.0030556	1	0	0	0	0
2024-10-21 23:47:10	51.936133675	51.035816157	51.0030556	1	0	0	0	0
2024-10-21 23:47:20	52.027576175	51.050484857	51.0030556	1	0	0	0	0
2024-10-21 23:47:30	52.0955336915	51.060612619500006	51.0030556	1	0	0	0	0
2024-10-21 23:47:40	51.9734763415	51.0340000695	51.0030556	1	0	0	0	0
2024-10-21 23:47:50	51.877558638	51.0193012015	51.0030556	1	0	0	0	0
2024-10-21 23:48:00	51.993134438	51.1009948515	51.0030556	1	0	0	0	0
2024-10-21 23:48:10	52.1079190465	51.1790672135	51.0030556	1	0	0	0	0
2024-10-21 23:48:20	52.2163021965	51.2278400635	51.0030556	1	0	0	0	0
2024-10-21 23:48:30	52.324086424	51.272067829	51.0030556	1	0	0	0	0
2024-10-21 23:48:40	52.427024824	51.279521729	51.0030556	1	0	0	0	0
2024-10-21 23:48:50	52.517445697	51.2837749865	51.0030556	1	0	0	0	0
2024-10-21 23:49:00	52.506588397	51.2621321365	51.0030556	1	0	0	0	0
2024-10-21 23:49:10	52.4795771845	51.2319107	51.0030556	1	0	0	0	0
2024-10-21 23:49:20	52.321866134500006	51.1322807	51.0030556	1	0	0	0	0
2024-10-21 23:49:30	52.157708727	51.04306605	51.0030556	1	0	0	0	0
2024-10-21 23:49:40	51.941394427	51.03812105	51.0030556	1	0	0	0	0
2024-10-21 23:49:50	51.750853611000004	51.02145335	51.0030556	1	0	0	0	0
2024-10-21 23:50:00	51.768843711	50.909938350000004	51.0030556	1	0	0	0	0
2024-10-21 23:50:10	51.771439751	50.815297702	51.0030556	1	0	0	0	0
2024-10-21 23:50:20	51.649483851	50.857185902	51.0030556	1	0	0	0	0
2024-10-21 23:50:30	51.553516078	50.894086548	51.0030556	1	0	0	0	0
2024-10-21 23:50:40	51.667815878	50.890633348	51.0030556	1	0	0	0	0
2024-10-21 23:50:50	51.7694930515	50.886317825	51.0030556	1	0	0	0	0
2024-10-21 23:51:00	51.7690417015	50.875025325	51.0030556	1	0	0	0	0
2024-10-21 23:51:10	51.763062999999995	50.865821175	51.0030556	1	0	0	0	0
2024-10-21 23:51:20	51.712362999999996	50.873513675000005	51.0030556	1	0	0	0	0
2024-10-21 23:51:30	51.6700973875	50.8789725205	51.0030556	1	0	0	0	0
2024-10-21 23:51:40	51.6960736375	50.8663590705	51.0030556	1	0	0	0	0
2024-10-21 23:51:50	51.709646012499995	50.850964628	51.0030556	1	0	0	0	0
2024-10-21 23:52:00	51.6228597625	50.813069428	51.0030556	1	0	0	0	0
2024-10-21 23:52:10	51.5543037575	50.7851397	51.0030556	1	0	0	0	0
2024-10-21 23:52:20	51.6332470075	50.837839699999996	51.0030556	1	0	0	0	0
2024-10-21 23:52:30	51.70287028842105	50.88450205421052	51.0030556	1	0	0	0	0
2024-10-21 23:52:40	51.639249130526316	50.860437475263154	51.0030556	1	0	0	0	0
2024-10-21 23:52:50	51.5873579005	50.84063645	51.0030556	1	0	0	0	0
2024-10-21 23:53:00	51.6303724505	50.855331449999994	51.0030556	1	0	0	0	0
2024-10-21 23:53:10	51.659830353	50.86803105	51.0030556	1	0	0	0	0
2024-10-21 23:53:20	51.579602653	50.86458605	51.0030556	1	0	0	0	0
2024-10-21 23:53:30	51.496273954	50.856514747	51.0030556	1	0	0	0	0
2024-10-21 23:53:40	51.387855354	50.811012447	51.0030556	1	0	0	0	0
2024-10-21 23:53:50	51.31255157178218	50.77340410891089	51.0030556	1	0	0	0	0
2024-10-21 23:54:00	51.50517676980198	50.7996650990099	51.0030556	1	0	0	0	0
2024-10-21 23:54:10	51.673832463636366	50.8273783909091	51.0030556	1	0	0	0	0
2024-10-21 23:54:20	51.600129837373736	50.86977606767677	51.0030556	1	0	0	0	0
2024-10-21 23:54:30	51.5346847215	50.9003751965	51.0030556	1	0	0	0	0
2024-10-21 23:54:40	51.5360503715	50.8355133465	51.0030556	1	0	0	0	0
2024-10-21 23:54:50	51.5521905175	50.782492716	51.0030556	1	0	0	0	0
2024-10-21 23:55:00	51.6878697675	50.825278316	51.0030556	1	0	0	0	0
2024-10-21 23:55:10	51.8067304135	50.866298487499996	51.0030556	1	0	0	0	0
2024-10-21 23:55:20	51.7895132635	50.893034737499995	51.0030556	1	0	0	0	0
2024-10-21 23:55:30	51.76621445	50.906687131	51.0030556	1	0	0	0	0
2024-10-21 23:55:40	51.69370945	50.814479231	51.0030556	1	0	0	0	0
2024-10-21 23:55:50	51.6270603	50.736862561500004	51.0030556	1	0	0	0	0
2024-10-21 23:56:00	51.6077903	50.7773022115	51.0030556	1	0	0	0	0
2024-10-21 23:56:10	51.59118241	50.820519928	51.0030556	1	0	0	0	0
2024-10-21 23:56:20	51.59611341	50.886214728	51.0030556	1	0	0	0	0
2024-10-21 23:56:30	51.60840319	50.9471238295	51.0030556	1	0	0	0	0
2024-10-21 23:56:40	51.68023219	50.9693122795	51.0030556	1	0	0	0	0
2024-10-21 23:56:50	51.7345406925	50.973131318	51.0030556	1	0	0	0	0
2024-10-21 23:57:00	51.647092442499996	50.828325118	51.0030556	1	0	0	0	0
2024-10-21 23:57:10	51.541963238	50.691047296	51.0030556	1	0	0	0	0
2024-10-21 23:57:20	51.293779038	50.614680895999996	51.0030556	1	0	0	0	0
2024-10-21 23:57:30	51.0727963695	50.5535113315	51.0030556	1	0	0	0	0
2024-10-21 23:57:40	51.0718988195	50.6152979815	51.0030556	1	0	0	0	0
2024-10-21 23:57:50	51.077084902	50.661565529	51.0030556	1	0	0	0	0
2024-10-21 23:58:00	51.131493102	50.582269429	51.0030556	1	0	0	0	0
2024-10-21 23:58:10	51.172734698000006	50.510902613	51.0030556	1	0	0	0	0
2024-10-21 23:58:20	51.107446498	50.503690913	51.0030556	1	0	0	0	0
2024-10-21 23:58:30	51.0501683	50.502708216	51.0030556	1	0	0	0	0
2024-10-21 23:58:40	51.0576983	50.552123816	51.0030556	1	0	0	0	0
2024-10-21 23:58:50	51.08043228	50.6158135165	51.0030556	1	0	0	0	0
2024-10-21 23:59:00	51.22618028	50.7949936665	51.0030556	1	0	0	0	0
2024-10-21 23:59:10	51.380823749	50.960217154	51.0030556	1	0	0	0	0
2024-10-21 23:59:20	51.607439649	51.012518553999996	51.0030556	1	0	0	0	0
2024-10-21 23:59:30	51.795771611	51.0488333955	51.0030556	1	0	0	0	0
2024-10-21 23:59:40	51.674351711	50.9558024455	51.0030556	1	0	0	0	0
2024-10-21 23:59:50	51.566060146	50.8748134485	51.0030556	1	0	0	0	0
2024-10-22 00:00:00	51.563988746	50.8912547985	51.0030556	1	0	0	0	0
