PROCESSDATA	2111LIC33102 Data	yyyy-MM-dd HH:mm:ss
8	10	2024-10-03 21:55:00	751
tagname	2111LIC33102.MV	2111LIC33102.PV	2111LIC33102.SV	2111LIC33102.MODE	bOpOFL	bPvOFL	bSpOFL	bAutOFL
desc	D301水包_OP	D301水包_PV	D301水包_SP	Aut	bOpOFL	bPvOFL	bSpOFL	bAutOFL
fsMax=1.4263965204552242	fsMin=0	fsGridNum=10	fdMax=1.4263965204552242tfdMin=0	fdGridNum=10	v0GridNum=10	L=24
2024-10-03 21:55:00	50.97135239	51.039228211	51.0030556	1	0	0	0	0
2024-10-03 21:55:10	50.94033889	51.090347060999996	51.0030556	1	0	0	0	0
2024-10-03 21:55:20	50.935997	51.0975037	51.0030556	1	0	0	0	0
2024-10-03 21:55:30	50.964076368421054	51.05766538421052	51.0030556	1	0	0	0	0
2024-10-03 21:55:40	50.909389212499995	50.953608153125	51.0030556	1	0	0	0	0
2024-10-03 21:55:50	50.7897785875	50.890429246875	51.0030556	1	0	0	0	0
2024-10-03 21:56:00	50.776971513	50.874139094	51.0030556	1	0	0	0	0
2024-10-03 21:56:10	50.781551062999995	50.865481994	51.0030556	1	0	0	0	0
2024-10-03 21:56:20	50.774059954	50.80181121	51.0030556	1	0	0	0	0
2024-10-03 21:56:30	50.764603854	50.72918471	51.0030556	1	0	0	0	0
2024-10-03 21:56:40	50.752368148	50.76869189	51.0030556	1	0	0	0	0
2024-10-03 21:56:50	50.739679948	50.82645339	51.0030556	1	0	0	0	0
2024-10-03 21:57:00	50.890569252	50.844205325	51.0030556	1	0	0	0	0
2024-10-03 21:57:10	51.068087452	50.855444075	51.0030556	1	0	0	0	0
2024-10-03 21:57:20	50.958189911	50.858877637	51.0030556	1	0	0	0	0
2024-10-03 21:57:30	50.801503761	50.861040587000005	51.0030556	1	0	0	0	0
2024-10-03 21:57:40	50.835133289000005	50.922737338000005	51.0030556	1	0	0	0	0
2024-10-03 21:57:50	50.899744439	50.994125638	51.0030556	1	0	0	0	0
2024-10-03 21:58:00	51.075101100000005	51.078726591	51.0030556	1	0	0	0	0
2024-10-03 21:58:10	51.268486100000004	51.165478441	51.0030556	1	0	0	0	0
2024-10-03 21:58:20	51.1800147	51.171713909	51.0030556	1	0	0	0	0
2024-10-03 21:58:30	51.0456597	51.164842059	51.0030556	1	0	0	0	0
2024-10-03 21:58:40	51.15954112	51.2063081	51.0030556	1	0	0	0	0
2024-10-03 21:58:50	51.31383312	51.2556431	51.0030556	1	0	0	0	0
2024-10-03 21:59:00	51.14814148	51.156780706999996	51.0030556	1	0	0	0	0
2024-10-03 21:59:10	50.93035948	51.033793157	51.0030556	1	0	0	0	0
2024-10-03 21:59:20	50.961087509	51.056833693	51.0030556	1	0	0	0	0
2024-10-03 21:59:30	51.032270659	51.103646243	51.0030556	1	0	0	0	0
2024-10-03 21:59:40	51.011815391	51.026713823	51.0030556	1	0	0	0	0
2024-10-03 21:59:50	50.976442241	50.929636873	51.0030556	1	0	0	0	0
2024-10-03 22:00:00	50.903685278	50.876338911	51.0030556	1	0	0	0	0
2024-10-03 22:00:10	50.824842577999995	50.830167761	51.0030556	1	0	0	0	0
2024-10-03 22:00:20	50.898459861	50.850257289	51.0030556	1	0	0	0	0
2024-10-03 22:00:30	50.996896211	50.881133438999996	51.0030556	1	0	0	0	0
2024-10-03 22:00:40	51.046137765999994	50.949136476999996	51.0030556	1	0	0	0	0
2024-10-03 22:00:50	51.08737086599999	51.023183427	51.0030556	1	0	0	0	0
2024-10-03 22:01:00	51.109208773	51.069186078	51.0030556	1	0	0	0	0
2024-10-03 22:01:10	51.127889323	51.110623378	51.0030556	1	0	0	0	0
2024-10-03 22:01:20	51.113595022	51.126481397	51.0030556	1	0	0	0	0
2024-10-03 22:01:30	51.093932722	51.138175347	51.0030556	1	0	0	0	0
2024-10-03 22:01:40	51.012375276	51.064471125	51.0030556	1	0	0	0	0
2024-10-03 22:01:50	50.920741876	50.976864875	51.0030556	1	0	0	0	0
2024-10-03 22:02:00	50.942771924	50.972167999999996	51.0030556	1	0	0	0	0
2024-10-03 22:02:10	50.983305324	50.980968	51.0030556	1	0	0	0	0
2024-10-03 22:02:20	51.0317048	51.015334725	51.0030556	1	0	0	0	0
2024-10-03 22:02:30	51.0813848	51.053863475	51.0030556	1	0	0	0	0
2024-10-03 22:02:40	51.103477204	51.039918121	51.0030556	1	0	0	0	0
2024-10-03 22:02:50	51.121078604000004	51.017430471	51.0030556	1	0	0	0	0
2024-10-03 22:03:00	51.11224180099503	51.131862940298504	51.0030556	1	0	0	0	0
2024-10-03 22:03:10	51.09910110447761	51.26858473134328	51.0030556	1	0	0	0	0
2024-10-03 22:03:20	51.3479056281407	51.33332776884422	51.0030556	1	0	0	0	0
2024-10-03 22:03:30	51.642935778894476	51.385368673366834	51.0030556	1	0	0	0	0
2024-10-03 22:03:40	51.576535922	51.308945611999995	51.0030556	1	0	0	0	0
2024-10-03 22:03:50	51.451298621999996	51.211609812	51.0030556	1	0	0	0	0
2024-10-03 22:04:00	51.16981334	51.082930796	51.0030556	1	0	0	0	0
2024-10-03 22:04:10	50.86289234	50.949149395999996	51.0030556	1	0	0	0	0
2024-10-03 22:04:20	50.956796614	50.890960448	51.0030556	1	0	0	0	0
2024-10-03 22:04:30	51.115951514	50.845077248	51.0030556	1	0	0	0	0
2024-10-03 22:04:40	50.959499013000006	50.802986476	51.0030556	1	0	0	0	0
2024-10-03 22:04:50	50.751668563	50.761513076	51.0030556	1	0	0	0	0
2024-10-03 22:05:00	50.738157005000005	50.766522676	51.0030556	1	0	0	0	0
2024-10-03 22:05:10	50.756278755000004	50.779099276	51.0030556	1	0	0	0	0
2024-10-03 22:05:20	50.941666506	50.89509552	51.0030556	1	0	0	0	0
2024-10-03 22:05:30	51.154283606	51.02792752	51.0030556	1	0	0	0	0
2024-10-03 22:05:40	51.101826346	51.118683331999996	51.0030556	1	0	0	0	0
2024-10-03 22:05:50	51.006217446	51.202589532	51.0030556	1	0	0	0	0
2024-10-03 22:06:00	51.121411961	51.195208624	51.0030556	1	0	0	0	0
2024-10-03 22:06:10	51.270923311	51.172967024	51.0030556	1	0	0	0	0
2024-10-03 22:06:20	51.199645958	51.111257701999996	51.0030556	1	0	0	0	0
2024-10-03 22:06:30	51.092426258	51.043123402	51.0030556	1	0	0	0	0
2024-10-03 22:06:40	50.916580235000005	50.985369043999995	51.0030556	1	0	0	0	0
2024-10-03 22:06:50	50.729562485	50.929304443999996	51.0030556	1	0	0	0	0
2024-10-03 22:07:00	50.75806735721393	50.88456208457711	51.0030556	1	0	0	0	0
2024-10-03 22:07:10	50.82165730746269	50.84166288059701	51.0030556	1	0	0	0	0
2024-10-03 22:07:20	50.722285556281406	50.78858824371859	51.0030556	1	0	0	0	0
2024-10-03 22:07:30	50.59415585778895	50.73371794221106	51.0030556	1	0	0	0	0
2024-10-03 22:07:40	50.695500689	50.762779256	51.0030556	1	0	0	0	0
2024-10-03 22:07:50	50.834201839	50.805503856	51.0030556	1	0	0	0	0
2024-10-03 22:08:00	50.9964101	50.913598475	51.0030556	1	0	0	0	0
2024-10-03 22:08:10	51.1624451	51.032334725	51.0030556	1	0	0	0	0
2024-10-03 22:08:20	51.195634395	51.0581469	51.0030556	1	0	0	0	0
2024-10-03 22:08:30	51.207197645	51.0688319	51.0030556	1	0	0	0	0
2024-10-03 22:08:40	51.22765394	51.090813946	51.0030556	1	0	0	0	0
2024-10-03 22:08:50	51.24955794	51.114635046	51.0030556	1	0	0	0	0
2024-10-03 22:09:00	51.182192865000005	51.083984004	51.0030556	1	0	0	0	0
2024-10-03 22:09:10	51.100295615	51.044465404	51.0030556	1	0	0	0	0
2024-10-03 22:09:20	51.0558318	51.023333345999994	51.0030556	1	0	0	0	0
2024-10-03 22:09:30	51.0174618	51.005194446	51.0030556	1	0	0	0	0
2024-10-03 22:09:40	51.130620618	51.01319215	51.0030556	1	0	0	0	0
2024-10-03 22:09:50	51.268446918	51.025444650000004	51.0030556	1	0	0	0	0
2024-10-03 22:10:00	51.221491382	51.0337175	51.0030556	1	0	0	0	0
2024-10-03 22:10:10	51.144455082	51.0413425	51.0030556	1	0	0	0	0
2024-10-03 22:10:20	51.116388300000004	51.0297121	51.0030556	1	0	0	0	0
2024-10-03 22:10:30	51.0962933	51.0149471	51.0030556	1	0	0	0	0
2024-10-03 22:10:40	51.116178367	51.0090014	51.0030556	1	0	0	0	0
2024-10-03 22:10:50	51.142571817000004	51.004491400000006	51.0030556	1	0	0	0	0
2024-10-03 22:11:00	51.073817533	50.993391693	51.0030556	1	0	0	0	0
2024-10-03 22:11:10	50.989574083	50.981219243	51.0030556	1	0	0	0	0
2024-10-03 22:11:20	50.974507700000004	50.99641367	51.0030556	1	0	0	0	0
2024-10-03 22:11:30	50.970702700000004	51.01606317	51.0030556	1	0	0	0	0
2024-10-03 22:11:40	50.950689151	51.001679331	51.0030556	1	0	0	0	0
2024-10-03 22:11:50	50.928037001	50.981755181	51.0030556	1	0	0	0	0
2024-10-03 22:12:00	50.885435689	50.934647506	51.0030556	1	0	0	0	0
2024-10-03 22:12:10	50.839586839	50.883114606	51.0030556	1	0	0	0	0
2024-10-03 22:12:20	50.934479096	50.902391268	51.0030556	1	0	0	0	0
2024-10-03 22:12:30	51.052282696	50.933195068	51.0030556	1	0	0	0	0
2024-10-03 22:12:40	50.989931561	50.919647808	51.0030556	1	0	0	0	0
2024-10-03 22:12:50	50.898252911	50.898880608	51.0030556	1	0	0	0	0
2024-10-03 22:13:00	50.902409995	50.897777824	51.0030556	1	0	0	0	0
2024-10-03 22:13:10	50.922168244999995	50.899876224	51.0030556	1	0	0	0	0
2024-10-03 22:13:20	50.905299783	50.897932323	51.0030556	1	0	0	0	0
2024-10-03 22:13:30	50.882468833	50.895330373	51.0030556	1	0	0	0	0
2024-10-03 22:13:40	50.790730125	50.861726669999996	51.0030556	1	0	0	0	0
2024-10-03 22:13:50	50.687773875000005	50.82307617	51.0030556	1	0	0	0	0
2024-10-03 22:14:00	50.6654652	50.835603625000005	51.0030556	1	0	0	0	0
2024-10-03 22:14:10	50.6562852	50.85646237500001	51.0030556	1	0	0	0	0
2024-10-03 22:14:20	50.6792047	50.942560682	51.0030556	1	0	0	0	0
2024-10-03 22:14:30	50.7073497	51.039279382	51.0030556	1	0	0	0	0
2024-10-03 22:14:40	50.710121432	51.019389564	51.0030556	1	0	0	0	0
2024-10-03 22:14:50	50.708762632	50.980516964	51.0030556	1	0	0	0	0
2024-10-03 22:15:00	50.843333368	50.969284936	51.0030556	1	0	0	0	0
2024-10-03 22:15:10	51.000032168000004	50.962552536	51.0030556	1	0	0	0	0
2024-10-03 22:15:20	50.880952833	50.8845153	51.0030556	1	0	0	0	0
2024-10-03 22:15:30	50.716979383	50.7948703	51.0030556	1	0	0	0	0
2024-10-03 22:15:40	50.884098967	50.870906321	51.0030556	1	0	0	0	0
2024-10-03 22:15:50	51.105117417	50.973913671000005	51.0030556	1	0	0	0	0
2024-10-03 22:16:00	51.134540552000004	51.046272427	51.0030556	1	0	0	0	0
2024-10-03 22:16:10	51.132773752000006	51.113641877	51.0030556	1	0	0	0	0
2024-10-03 22:16:20	50.989273448	51.084977148	51.0030556	1	0	0	0	0
2024-10-03 22:16:30	50.822700248	51.040678948	51.0030556	1	0	0	0	0
2024-10-03 22:16:40	50.864947389	51.039763104	51.0030556	1	0	0	0	0
2024-10-03 22:16:50	50.941188539	51.045909504	51.0030556	1	0	0	0	0
2024-10-03 22:17:00	51.032611011	51.05341909	51.0030556	1	0	0	0	0
2024-10-03 22:17:10	51.126504861	51.06115059	51.0030556	1	0	0	0	0
2024-10-03 22:17:20	51.132308911	51.092419774	51.0030556	1	0	0	0	0
2024-10-03 22:17:30	51.123772761	51.127520673999996	51.0030556	1	0	0	0	0
2024-10-03 22:17:40	51.113931389	51.086022836	51.0030556	1	0	0	0	0
2024-10-03 22:17:50	51.103877538999996	51.032055436	51.0030556	1	0	0	0	0
2024-10-03 22:18:00	51.018846653	50.989968764000004	51.0030556	1	0	0	0	0
2024-10-03 22:18:10	50.921610203	50.949816164	51.0030556	1	0	0	0	0
2024-10-03 22:18:20	50.936471442	51.001004336	51.0030556	1	0	0	0	0
2024-10-03 22:18:30	50.969581141999996	51.067061936	51.0030556	1	0	0	0	0
2024-10-03 22:18:40	51.046010804999995	51.0925167	51.0030556	1	0	0	0	0
2024-10-03 22:18:50	51.129492555	51.111361699999996	51.0030556	1	0	0	0	0
2024-10-03 22:19:00	51.1110499	51.0531808	51.0030556	1	0	0	0	0
2024-10-03 22:19:10	51.0760149	50.9824608	51.0030556	1	0	0	0	0
2024-10-03 22:19:20	50.9697375	50.9525306	51.0030556	1	0	0	0	0
2024-10-03 22:19:30	50.8518625	50.9292406	51.0030556	1	0	0	0	0
2024-10-03 22:19:40	50.891085592	50.928800800000005	51.0030556	1	0	0	0	0
2024-10-03 22:19:50	50.955882792000004	50.9320808	51.0030556	1	0	0	0	0
2024-10-03 22:20:00	51.023858208	50.936618206	51.0030556	1	0	0	0	0
2024-10-03 22:20:10	51.092351008	50.941360306	51.0030556	1	0	0	0	0
2024-10-03 22:20:20	51.042227491	50.974676594	51.0030556	1	0	0	0	0
2024-10-03 22:20:30	50.972794341000004	51.012644494	51.0030556	1	0	0	0	0
2024-10-03 22:20:40	51.041984591	51.064311979	51.0030556	1	0	0	0	0
2024-10-03 22:20:50	51.133741441	51.118209629	51.0030556	1	0	0	0	0
2024-10-03 22:21:00	51.122899818	51.07664414	51.0030556	1	0	0	0	0
2024-10-03 22:21:10	51.095356118000005	51.01953814	51.0030556	1	0	0	0	0
2024-10-03 22:21:20	50.995567	50.986451381	51.0030556	1	0	0	0	0
2024-10-03 22:21:30	50.884017	50.957274731	51.0030556	1	0	0	0	0
2024-10-03 22:21:40	51.0028008	51.005166765999995	51.0030556	1	0	0	0	0
2024-10-03 22:21:50	51.1590808	51.065604865999994	51.0030556	1	0	0	0	0
2024-10-03 22:22:00	51.111560408	51.051828234	51.0030556	1	0	0	0	0
2024-10-03 22:22:10	51.030863208	51.025970134000005	51.0030556	1	0	0	0	0
2024-10-03 22:22:20	50.912329792	50.950310552	51.0030556	1	0	0	0	0
2024-10-03 22:22:30	50.787636992	50.866543752	51.0030556	1	0	0	0	0
2024-10-03 22:22:40	50.833578254	50.886543348	51.0030556	1	0	0	0	0
2024-10-03 22:22:50	50.907297154000005	50.923435148	51.0030556	1	0	0	0	0
2024-10-03 22:23:00	50.945711549	50.960197604	51.0030556	1	0	0	0	0
2024-10-03 22:23:10	50.978378699	50.996939004	51.0030556	1	0	0	0	0
2024-10-03 22:23:20	50.940977951	50.981560748999996	51.0030556	1	0	0	0	0
2024-10-03 22:23:30	50.892170801	50.957697899	51.0030556	1	0	0	0	0
2024-10-03 22:23:40	50.865929535	50.872828283000004	51.0030556	1	0	0	0	0
2024-10-03 22:23:50	50.843361785	50.778027333000004	51.0030556	1	0	0	0	0
2024-10-03 22:24:00	50.743274194	50.779140764	51.0030556	1	0	0	0	0
2024-10-03 22:24:10	50.630567094	50.795868164	51.0030556	1	0	0	0	0
2024-10-03 22:24:20	50.71496735	50.7941207	51.0030556	1	0	0	0	0
2024-10-03 22:24:30	50.83145485	50.7893657	51.0030556	1	0	0	0	0
2024-10-03 22:24:40	50.911804462	50.835260399999996	51.0030556	1	0	0	0	0
2024-10-03 22:24:50	50.986271162	50.8894004	51.0030556	1	0	0	0	0
2024-10-03 22:25:00	50.827646773	50.870928579	51.0030556	1	0	0	0	0
2024-10-03 22:25:10	50.631077323	50.840636229	51.0030556	1	0	0	0	0
2024-10-03 22:25:20	50.6035576	50.8363953	51.0030556	1	0	0	0	0
2024-10-03 22:25:30	50.7654796	50.892539115789475	51.0030556	1	0	0	0	0
2024-10-03 22:25:40	50.921151334031414	51.01224857172775	51.0030556	1	0	0	0	0
2024-10-03 22:25:50	50.80088033926701	51.055913859685866	51.0030556	1	0	0	0	0
2024-10-03 22:26:00	50.796416768	51.002755671	51.0030556	1	0	0	0	0
2024-10-03 22:26:10	50.810805568	50.933835521	51.0030556	1	0	0	0	0
2024-10-03 22:26:20	50.840985	50.904443809	51.0030556	1	0	0	0	0
2024-10-03 22:26:30	50.873735	50.881486959	51.0030556	1	0	0	0	0
2024-10-03 22:26:40	50.924261200000004	50.96110261	51.0030556	1	0	0	0	0
2024-10-03 22:26:50	50.9776812	51.05741611	51.0030556	1	0	0	0	0
2024-10-03 22:27:00	51.060587203000004	51.0674514	51.0030556	1	0	0	0	0
2024-10-03 22:27:10	51.148293253000006	51.0634414	51.0030556	1	0	0	0	0
2024-10-03 22:27:20	51.301151097	51.1510214	51.0030556	1	0	0	0	0
2024-10-03 22:27:30	51.464615046999995	51.2535114	51.0030556	1	0	0	0	0
2024-10-03 22:27:40	51.346948867	51.232619565	51.0030556	1	0	0	0	0
2024-10-03 22:27:50	51.183517317	51.191642314999996	51.0030556	1	0	0	0	0
2024-10-03 22:28:00	51.22326597	51.180387439	51.0030556	1	0	0	0	0
2024-10-03 22:28:10	51.296090469999996	51.173971089	51.0030556	1	0	0	0	0
2024-10-03 22:28:20	51.173271463	51.104709207	51.0030556	1	0	0	0	0
2024-10-03 22:28:30	51.018603512999995	51.025216656999994	51.0030556	1	0	0	0	0
2024-10-03 22:28:40	50.906552863	51.001528389	51.0030556	1	0	0	0	0
2024-10-03 22:28:50	50.801439913	50.986924539	51.0030556	1	0	0	0	0
2024-10-03 22:29:00	50.846817202000004	51.002749037	51.0030556	1	0	0	0	0
2024-10-03 22:29:10	50.916692902	51.023526987000004	51.0030556	1	0	0	0	0
2024-10-03 22:29:20	50.999402511	51.041668263000005	51.0030556	1	0	0	0	0
2024-10-03 22:29:30	51.084201361	51.059380313000005	51.0030556	1	0	0	0	0
2024-10-03 22:29:40	51.050784224	51.040030233	51.0030556	1	0	0	0	0
2024-10-03 22:29:50	50.998122624	51.014646782999996	51.0030556	1	0	0	0	0
2024-10-03 22:30:00	51.019289099999995	50.99626627	51.0030556	1	0	0	0	0
2024-10-03 22:30:10	51.0524741	50.97902577	51.0030556	1	0	0	0	0
2024-10-03 22:30:20	51.023654734	51.016717297	51.0030556	1	0	0	0	0
2024-10-03 22:30:30	50.984741634	51.063351247	51.0030556	1	0	0	0	0
2024-10-03 22:30:40	51.044399756	51.082291262	51.0030556	1	0	0	0	0
2024-10-03 22:30:50	51.120104356	51.096722961999994	51.0030556	1	0	0	0	0
2024-10-03 22:31:00	51.103506489	51.080613138	51.0030556	1	0	0	0	0
2024-10-03 22:31:10	51.071882639	51.05953143799999	51.0030556	1	0	0	0	0
2024-10-03 22:31:20	51.061289314999996	51.04050961	51.0030556	1	0	0	0	0
2024-10-03 22:31:30	51.054119565	51.02182311	51.0030556	1	0	0	0	0
2024-10-03 22:31:40	51.086368388000004	51.06045389	51.0030556	1	0	0	0	0
2024-10-03 22:31:50	51.125034188	51.10841539	51.0030556	1	0	0	0	0
2024-10-03 22:32:00	51.134494818	51.088877253	51.0030556	1	0	0	0	0
2024-10-03 22:32:10	51.139201117999995	51.058350803	51.0030556	1	0	0	0	0
2024-10-03 22:32:20	50.9747572	50.967429047	51.0030556	1	0	0	0	0
2024-10-03 22:32:30	50.7827772	50.866675497	51.0030556	1	0	0	0	0
2024-10-03 22:32:40	50.815599995999996	50.865279037	51.0030556	1	0	0	0	0
2024-10-03 22:32:50	50.885018596	50.880056986999996	51.0030556	1	0	0	0	0
2024-10-03 22:33:00	50.849539856999996	50.877449263	51.0030556	1	0	0	0	0
2024-10-03 22:33:10	50.796984806999994	50.872011313	51.0030556	1	0	0	0	0
2024-10-03 22:33:20	50.726598947	50.836972292000006	51.0030556	1	0	0	0	0
2024-10-03 22:33:30	50.653310397	50.797114492000006	51.0030556	1	0	0	0	0
2024-10-03 22:33:40	50.737644453	50.813131408000004	51.0030556	1	0	0	0	0
2024-10-03 22:33:50	50.847638003	50.838244208	51.0030556	1	0	0	0	0
2024-10-03 22:34:00	50.901619065	50.8896835	51.0030556	1	0	0	0	0
2024-10-03 22:34:10	50.946481815	50.9454085	51.0030556	1	0	0	0	0
2024-10-03 22:34:20	50.877334149999996	50.967818218	51.0030556	1	0	0	0	0
2024-10-03 22:34:30	50.78962665	50.984804518	51.0030556	1	0	0	0	0
2024-10-03 22:34:40	51.062289164	51.091787581999995	51.0030556	1	0	0	0	0
2024-10-03 22:34:50	51.393616564	51.213421282	51.0030556	1	0	0	0	0
2024-10-03 22:35:00	51.417141277999995	51.281370599999995	51.0030556	1	0	0	0	0
2024-10-03 22:35:10	51.390558578	51.340580599999996	51.0030556	1	0	0	0	0
2024-10-03 22:35:20	51.377319852999996	51.315000405	51.0030556	1	0	0	0	0
2024-10-03 22:35:30	51.366253402999995	51.275617155	51.0030556	1	0	0	0	0
2024-10-03 22:35:40	51.285158443	51.225268604	51.0030556	1	0	0	0	0
2024-10-03 22:35:50	51.192663493	51.173135004	51.0030556	1	0	0	0	0
2024-10-03 22:36:00	51.084974794	51.084471528	51.0030556	1	0	0	0	0
2024-10-03 22:36:10	50.974812694	50.989861327999996	51.0030556	1	0	0	0	0
2024-10-03 22:36:20	51.102071052	50.999473754	51.0030556	1	0	0	0	0
2024-10-03 22:36:30	51.267979252	51.026052654	51.0030556	1	0	0	0	0
2024-10-03 22:36:40	51.329099548	51.065106198	51.0030556	1	0	0	0	0
2024-10-03 22:36:50	51.373161348000004	51.106190498000004	51.0030556	1	0	0	0	0
2024-10-03 22:37:00	51.2764611	51.081985146	51.0030556	1	0	0	0	0
2024-10-03 22:37:10	51.156846099999996	51.047151246	51.0030556	1	0	0	0	0
2024-10-03 22:37:20	51.163467361	51.033302765	51.0030556	1	0	0	0	0
2024-10-03 22:37:30	51.190638711000005	51.022870515	51.0030556	1	0	0	0	0
2024-10-03 22:37:40	51.112753149	50.984735300000004	51.0030556	1	0	0	0	0
2024-10-03 22:37:50	51.017765299	50.942090300000004	51.0030556	1	0	0	0	0
2024-10-03 22:38:00	50.99838809	50.9899603	51.0030556	1	0	0	0	0
2024-10-03 22:38:10	50.99131959	51.0525653	51.0030556	1	0	0	0	0
2024-10-03 22:38:20	51.1603262	51.112491399999996	51.0030556	1	0	0	0	0
2024-10-03 22:38:30	51.357996199999995	51.1719814	51.0030556	1	0	0	0	0
2024-10-03 22:38:40	51.3216344	51.11262026	51.0030556	1	0	0	0	0
2024-10-03 22:38:50	51.2471744	51.033911259999996	51.0030556	1	0	0	0	0
2024-10-03 22:39:00	51.1210671	51.063734303	51.0030556	1	0	0	0	0
2024-10-03 22:39:10	50.9865521	51.111225353	51.0030556	1	0	0	0	0
2024-10-03 22:39:20	51.1381333	51.141892137	51.0030556	1	0	0	0	0
2024-10-03 22:39:30	51.3362883	51.169820087	51.0030556	1	0	0	0	0
2024-10-03 22:39:40	51.2132462	51.1266708	51.0030556	1	0	0	0	0
2024-10-03 22:39:50	51.037916200000005	51.071950799999996	51.0030556	1	0	0	0	0
2024-10-03 22:40:00	50.922194692000005	51.0128534	51.0030556	1	0	0	0	0
2024-10-03 22:40:10	50.816176892	50.9530434	51.0030556	1	0	0	0	0
2024-10-03 22:40:20	50.942080108	50.928014896	51.0030556	1	0	0	0	0
2024-10-03 22:40:30	51.105737908	50.908648496	51.0030556	1	0	0	0	0
2024-10-03 22:40:40	50.956770399999996	50.844504304	51.0030556	1	0	0	0	0
2024-10-03 22:40:50	50.756910399999995	50.773070704	51.0030556	1	0	0	0	0
2024-10-03 22:41:00	50.7376719	50.8327902	51.0030556	1	0	0	0	0
2024-10-03 22:41:10	50.7478369	50.9138602	51.0030556	1	0	0	0	0
2024-10-03 22:41:20	50.89486789	50.999919575999996	51.0030556	1	0	0	0	0
2024-10-03 22:41:30	51.06417939	51.086791176	51.0030556	1	0	0	0	0
2024-10-03 22:41:40	51.07066021	51.094803227	51.0030556	1	0	0	0	0
2024-10-03 22:41:50	51.05063371	51.089977677	51.0030556	1	0	0	0	0
2024-10-03 22:42:00	51.125519906	51.091021196999996	51.0030556	1	0	0	0	0
2024-10-03 22:42:10	51.215857006	51.093020147	51.0030556	1	0	0	0	0
2024-10-03 22:42:20	51.175913394000005	51.128302	51.0030556	1	0	0	0	0
2024-10-03 22:42:30	51.114761294000004	51.169002	51.0030556	1	0	0	0	0
2024-10-03 22:42:40	51.160458991	51.182316719	51.0030556	1	0	0	0	0
2024-10-03 22:42:50	51.223550841	51.191173369	51.0030556	1	0	0	0	0
2024-10-03 22:43:00	51.28421289	51.186297281	51.0030556	1	0	0	0	0
2024-10-03 22:43:10	51.344479390000004	51.179185631	51.0030556	1	0	0	0	0
2024-10-03 22:43:20	51.281584129	51.132183225	51.0030556	1	0	0	0	0
2024-10-03 22:43:30	51.198639279	51.078686975	51.0030556	1	0	0	0	0
2024-10-03 22:43:40	51.184089197	51.140074512999995	51.0030556	1	0	0	0	0
2024-10-03 22:43:50	51.180673147	51.220164063	51.0030556	1	0	0	0	0
2024-10-03 22:44:00	51.270855368999996	51.197283362	51.0030556	1	0	0	0	0
2024-10-03 22:44:10	51.376274519	51.157640062	51.0030556	1	0	0	0	0
2024-10-03 22:44:20	51.436678388000004	51.212912253	51.0030556	1	0	0	0	0
2024-10-03 22:44:30	51.489754188	51.283635803	51.0030556	1	0	0	0	0
2024-10-03 22:44:40	51.431737639	51.257592798	51.0030556	1	0	0	0	0
2024-10-03 22:44:50	51.355636289	51.215797097999996	51.0030556	1	0	0	0	0
2024-10-03 22:45:00	51.438047301000005	51.134686197	51.0030556	1	0	0	0	0
2024-10-03 22:45:10	51.546262651	51.047175147	51.0030556	1	0	0	0	0
2024-10-03 22:45:20	51.421157249	51.04859072	51.0030556	1	0	0	0	0
2024-10-03 22:45:30	51.258069399	51.06448272	51.0030556	1	0	0	0	0
2024-10-03 22:45:40	51.253590747	51.051529632	51.0030556	1	0	0	0	0
2024-10-03 22:45:50	51.274932197	51.033880832	51.0030556	1	0	0	0	0
2024-10-03 22:46:00	51.253953176	51.0754463	51.0030556	1	0	0	0	0
2024-10-03 22:46:10	51.226084776	51.1266513	51.0030556	1	0	0	0	0
2024-10-03 22:46:20	51.113195443	51.0793132	51.0030556	1	0	0	0	0
2024-10-03 22:46:30	50.986465493000004	51.0159332	51.0030556	1	0	0	0	0
2024-10-03 22:46:40	50.956866781	50.9674355	51.0030556	1	0	0	0	0
2024-10-03 22:46:50	50.943080131	50.9213605	51.0030556	1	0	0	0	0
2024-10-03 22:47:00	50.941921248	50.9485833	51.0030556	1	0	0	0	0
2024-10-03 22:47:10	50.942818048	50.987738300000004	51.0030556	1	0	0	0	0
2024-10-03 22:47:20	51.100535676	51.0607214	51.0030556	1	0	0	0	0
2024-10-03 22:47:30	51.283782276000004	51.1392114	51.0030556	1	0	0	0	0
2024-10-03 22:47:40	51.349019676000005	51.162371107	51.0030556	1	0	0	0	0
2024-10-03 22:47:50	51.395046276	51.176523557	51.0030556	1	0	0	0	0
2024-10-03 22:48:00	51.406500876	51.186952293	51.0030556	1	0	0	0	0
2024-10-03 22:48:10	51.412327476	51.196774843	51.0030556	1	0	0	0	0
2024-10-03 22:48:20	51.440946613	51.240126599999996	51.0030556	1	0	0	0	0
2024-10-03 22:48:30	51.473276163	51.2889366	51.0030556	1	0	0	0	0
2024-10-03 22:48:40	51.484709691	51.241333806	51.0030556	1	0	0	0	0
2024-10-03 22:48:50	51.492741540999994	51.178035906	51.0030556	1	0	0	0	0
2024-10-03 22:49:00	51.358695413999996	51.216437993999996	51.0030556	1	0	0	0	0
2024-10-03 22:49:10	51.201520314	51.271395893999994	51.0030556	1	0	0	0	0
2024-10-03 22:49:20	51.213657413	51.2164433	51.0030556	1	0	0	0	0
2024-10-03 22:49:30	51.253356963	51.1435983	51.0030556	1	0	0	0	0
2024-10-03 22:49:40	51.223661393	51.076455100000004	51.0030556	1	0	0	0	0
2024-10-03 22:49:50	51.182668942999996	51.010240100000004	51.0030556	1	0	0	0	0
2024-10-03 22:50:00	51.004468179999996	50.925429535	51.0030556	1	0	0	0	0
2024-10-03 22:50:10	50.80393118	50.837591785	51.0030556	1	0	0	0	0
2024-10-03 22:50:20	50.89933222	50.86694387	51.0030556	1	0	0	0	0
2024-10-03 22:50:30	51.04290922	50.91537337	51.0030556	1	0	0	0	0
2024-10-03 22:50:40	51.0582542	50.956302595000004	51.0030556	1	0	0	0	0
2024-10-03 22:50:50	51.0527242	50.996010845	51.0030556	1	0	0	0	0
2024-10-03 22:51:00	51.0198677	50.918974051999996	51.0030556	1	0	0	0	0
2024-10-03 22:51:10	50.982562699999995	50.822932252	51.0030556	1	0	0	0	0
2024-10-03 22:51:20	50.974804376	50.809433897	51.0030556	1	0	0	0	0
2024-10-03 22:51:30	50.971855976	50.809372847	51.0030556	1	0	0	0	0
2024-10-03 22:51:40	51.016611045000005	50.927757662	51.0030556	1	0	0	0	0
2024-10-03 22:51:50	51.069131795000004	51.065424362	51.0030556	1	0	0	0	0
2024-10-03 22:52:00	51.115924557999996	51.081608967	51.0030556	1	0	0	0	0
2024-10-03 22:52:10	51.161784858	51.078017417	51.0030556	1	0	0	0	0
2024-10-03 22:52:20	51.207874821	51.002187845	51.0030556	1	0	0	0	0
2024-10-03 22:52:30	51.254002171	50.914598595	51.0030556	1	0	0	0	0
2024-10-03 22:52:40	51.142156809	50.934407177	51.0030556	1	0	0	0	0
2024-10-03 22:52:50	51.004594959	50.971699127	51.0030556	1	0	0	0	0
2024-10-03 22:53:00	51.160347891	51.0323771	51.0030556	1	0	0	0	0
2024-10-03 22:53:10	51.363849740999996	51.0968621	51.0030556	1	0	0	0	0
2024-10-03 22:53:20	51.355169423999996	51.070232035000004	51.0030556	1	0	0	0	0
2024-10-03 22:53:30	51.311947824	51.028769285	51.0030556	1	0	0	0	0
2024-10-03 22:53:40	51.09920827	50.977056839999996	51.0030556	1	0	0	0	0
2024-10-03 22:53:50	50.85887277	50.923675839999994	51.0030556	1	0	0	0	0
2024-10-03 22:54:00	50.997613574	50.988107573	51.0030556	1	0	0	0	0
2024-10-03 22:54:10	51.198064474	51.071718123000004	51.0030556	1	0	0	0	0
2024-10-03 22:54:20	51.204865131999995	51.116956677000005	51.0030556	1	0	0	0	0
2024-10-03 22:54:30	51.180141332	51.155948627	51.0030556	1	0	0	0	0
2024-10-03 22:54:40	51.2444781	51.178319185	51.0030556	1	0	0	0	0
2024-10-03 22:54:50	51.3233131	51.197983934999996	51.0030556	1	0	0	0	0
2024-10-03 22:55:00	51.383156333	51.248086492999995	51.0030556	1	0	0	0	0
2024-10-03 22:55:10	51.439907883000004	51.303144042999996	51.0030556	1	0	0	0	0
2024-10-03 22:55:20	51.4478531	51.3108521	51.0030556	1	0	0	0	0
2024-10-03 22:55:30	51.2727320893617	51.13007438723404	51.0030556	1	0	0	0	0
2024-10-03 22:55:40	51.14914895	51.021261081249996	51.0030556	1	0	0	0	0
2024-10-03 22:55:50	51.18828145	51.08571118541666	51.0030556	1	0	0	0	0
2024-10-03 22:56:00	51.208970648	51.077901247999996	51.0030556	1	0	0	0	0
2024-10-03 22:56:10	51.226657448	51.058328048	51.0030556	1	0	0	0	0
2024-10-03 22:56:20	51.285032052	51.099244883	51.0030556	1	0	0	0	0
2024-10-03 22:56:30	51.350030252	51.150008933	51.0030556	1	0	0	0	0
2024-10-03 22:56:40	51.3453571	51.120713863	51.0030556	1	0	0	0	0
2024-10-03 22:56:50	51.3293421	51.078385913	51.0030556	1	0	0	0	0
2024-10-03 22:57:00	51.367264365	51.088713999999996	51.0030556	1	0	0	0	0
2024-10-03 22:57:10	51.413967115	51.107614	51.0030556	1	0	0	0	0
2024-10-03 22:57:20	51.342112974	51.062090368	51.0030556	1	0	0	0	0
2024-10-03 22:57:30	51.250958874000005	51.006079168	51.0030556	1	0	0	0	0
2024-10-03 22:57:40	51.163024743	51.001406700000004	51.0030556	1	0	0	0	0
2024-10-03 22:57:50	51.075614793	51.0050917	51.0030556	1	0	0	0	0
2024-10-03 22:58:00	51.214319612	51.062884632	51.0030556	1	0	0	0	0
2024-10-03 22:58:10	51.389833812	51.129485832	51.0030556	1	0	0	0	0
2024-10-03 22:58:20	51.360911306	51.135105808	51.0030556	1	0	0	0	0
2024-10-03 22:58:30	51.298708405999996	51.130798608	51.0030556	1	0	0	0	0
2024-10-03 22:58:40	51.323151237	51.112125839	51.0030556	1	0	0	0	0
2024-10-03 22:58:50	51.361699187	51.091114489000006	51.0030556	1	0	0	0	0
2024-10-03 22:59:00	51.347456746078436	51.03717452058824	51.0030556	1	0	0	0	0
2024-10-03 22:59:10	51.32462052058823	50.97787407941176	51.0030556	1	0	0	0	0
2024-10-03 22:59:20	51.13870863248731	50.897828832487306	51.0030556	1	0	0	0	0
2024-10-03 22:59:30	50.916999647715734	50.81322984771573	51.0030556	1	0	0	0	0
2024-10-03 22:59:40	50.8826809281407	50.75677653266332	51.0030556	1	0	0	0	0
2024-10-03 22:59:50	50.88143107889447	50.70529010050251	51.0030556	1	0	0	0	0
2024-10-03 23:00:00	50.960303129	50.73514284	51.0030556	1	0	0	0	0
2024-10-03 23:00:10	51.052218279	50.77823684	51.0030556	1	0	0	0	0
2024-10-03 23:00:20	50.858233868	50.840184104	51.0030556	1	0	0	0	0
2024-10-03 23:00:30	50.617707668	50.905200504	51.0030556	1	0	0	0	0
2024-10-03 23:00:40	50.65463398	50.856765317	51.0030556	1	0	0	0	0
2024-10-03 23:00:50	50.73672698	50.789861267	51.0030556	1	0	0	0	0
2024-10-03 23:01:00	50.75769407661692	50.713438360696514	51.0030556	1	0	0	0	0
2024-10-03 23:01:10	50.76871044477612	50.63546587313433	51.0030556	1	0	0	0	0
2024-10-03 23:01:20	50.76584683718593	50.702967361809044	51.0030556	1	0	0	0	0
2024-10-03 23:01:30	50.76053382211055	50.796140728643216	51.0030556	1	0	0	0	0
2024-10-03 23:01:40	50.790807792	50.79108415	51.0030556	1	0	0	0	0
2024-10-03 23:01:50	50.826874992	50.77003665	51.0030556	1	0	0	0	0
2024-10-03 23:02:00	50.87855690769231	50.788996101923075	51.0030556	1	0	0	0	0
2024-10-03 23:02:10	50.93278075384615	50.81446831346154	51.0030556	1	0	0	0	0
2024-10-03 23:02:20	50.888475209375	50.86140480625	51.0030556	1	0	0	0	0
2024-10-03 23:02:30	50.81637932395833	50.914395327083334	51.0030556	1	0	0	0	0
2024-10-03 23:02:40	50.931617785	50.92678738	51.0030556	1	0	0	0	0
2024-10-03 23:02:50	51.077352534999996	50.93257038	51.0030556	1	0	0	0	0
2024-10-03 23:03:00	51.007257341999996	50.9079455	51.0030556	1	0	0	0	0
2024-10-03 23:03:10	50.902027042	50.878370499999996	51.0030556	1	0	0	0	0
2024-10-03 23:03:20	50.81228564278607	50.86629091641791	51.0030556	1	0	0	0	0
2024-10-03 23:03:30	50.725065692537314	50.8570594238806	51.0030556	1	0	0	0	0
2024-10-03 23:03:40	50.75161973768844	50.8105274839196	51.0030556	1	0	0	0	0
2024-10-03 23:03:50	50.79825154673367	50.757413112060306	51.0030556	1	0	0	0	0
2024-10-03 23:04:00	50.8397347	50.786941147	51.0030556	1	0	0	0	0
2024-10-03 23:04:10	50.8803797	50.829922597	51.0030556	1	0	0	0	0
2024-10-03 23:04:20	50.752356168	50.863315864	51.0030556	1	0	0	0	0
2024-10-03 23:04:30	50.596874968	50.895148264	51.0030556	1	0	0	0	0
2024-10-03 23:04:40	50.753111432	50.89175257	51.0030556	1	0	0	0	0
2024-10-03 23:04:50	50.960092632	50.882622070000004	51.0030556	1	0	0	0	0
2024-10-03 23:05:00	50.762570079999996	50.782591634000006	51.0030556	1	0	0	0	0
2024-10-03 23:05:10	50.49919808	50.667763534	51.0030556	1	0	0	0	0
2024-10-03 23:05:20	50.35813012	50.594456836	51.0030556	1	0	0	0	0
2024-10-03 23:05:30	50.236972120000004	50.527909436	51.0030556	1	0	0	0	0
2024-10-03 23:05:40	50.2972509	50.529666633000005	51.0030556	1	0	0	0	0
2024-10-03 23:05:50	50.387065899999996	50.54254318300001	51.0030556	1	0	0	0	0
2024-10-03 23:06:00	50.448179991	50.619804063000004	51.0030556	1	0	0	0	0
2024-10-03 23:06:10	50.504621841	50.707546113	51.0030556	1	0	0	0	0
2024-10-03 23:06:20	50.579643905000005	50.7497795	51.0030556	1	0	0	0	0
2024-10-03 23:06:30	50.657690655	50.7846045	51.0030556	1	0	0	0	0
2024-10-03 23:06:40	50.825028281	50.877133048999994	51.0030556	1	0	0	0	0
2024-10-03 23:06:50	51.006901631	50.979055199	51.0030556	1	0	0	0	0
2024-10-03 23:07:00	50.953218444	50.944690439999995	51.0030556	1	0	0	0	0
2024-10-03 23:07:10	50.861188844	50.888139439999996	51.0030556	1	0	0	0	0
2024-10-03 23:07:20	50.821790599	50.859374911	51.0030556	1	0	0	0	0
2024-10-03 23:07:30	50.790960249	50.835133761	51.0030556	1	0	0	0	0
2024-10-03 23:07:40	50.75996078	50.8467642	51.0030556	1	0	0	0	0
2024-10-03 23:07:50	50.72893378	50.864234200000006	51.0030556	1	0	0	0	0
2024-10-03 23:08:00	50.7110235	50.8497251	51.0030556	1	0	0	0	0
2024-10-03 23:08:10	50.695248500000005	50.8300101	51.0030556	1	0	0	0	0
2024-10-03 23:08:20	50.651267177	50.832404496	51.0030556	1	0	0	0	0
2024-10-03 23:08:30	50.602694127	50.838398096	51.0030556	1	0	0	0	0
2024-10-03 23:08:40	50.756254832	50.890160939	51.0030556	1	0	0	0	0
2024-10-03 23:08:50	50.942721032	50.949374589	51.0030556	1	0	0	0	0
2024-10-03 23:09:00	51.138187691	51.057061365	51.0030556	1	0	0	0	0
2024-10-03 23:09:10	51.335119541	51.172639115	51.0030556	1	0	0	0	0
2024-10-03 23:09:20	51.316014704	51.167709021	51.0030556	1	0	0	0	0
2024-10-03 23:09:30	51.261741103999995	51.143161371000005	51.0030556	1	0	0	0	0
2024-10-03 23:09:40	51.244266431	51.132330162	51.0030556	1	0	0	0	0
2024-10-03 23:09:50	51.232782281	51.123731862	51.0030556	1	0	0	0	0
2024-10-03 23:10:00	51.134651497	51.104524817	51.0030556	1	0	0	0	0
2024-10-03 23:10:10	51.022415447	51.083590767000004	51.0030556	1	0	0	0	0
2024-10-03 23:10:20	51.036157615	51.065469777000004	51.0030556	1	0	0	0	0
2024-10-03 23:10:30	51.070407865	51.047806727	51.0030556	1	0	0	0	0
2024-10-03 23:10:40	51.126945187	51.063282272	51.0030556	1	0	0	0	0
2024-10-03 23:10:50	51.187110636999996	51.084152472	51.0030556	1	0	0	0	0
2024-10-03 23:11:00	51.056318204	50.999313751	51.0030556	1	0	0	0	0
2024-10-03 23:11:10	50.894439604	50.897266601000005	51.0030556	1	0	0	0	0
2024-10-03 23:11:20	50.748161275	50.84527230769231	51.0030556	1	0	0	0	0
2024-10-03 23:11:30	50.604422525000004	50.80142615384616	51.0030556	1	0	0	0	0
2024-10-03 23:11:40	50.5770859375	50.739728934375	51.0030556	1	0	0	0	0
2024-10-03 23:11:50	50.58258072916667	50.67299679895833	51.0030556	1	0	0	0	0
2024-10-03 23:12:00	50.624547139	50.726578651	51.0030556	1	0	0	0	0
2024-10-03 23:12:10	50.672450789	50.799746501	51.0030556	1	0	0	0	0
2024-10-03 23:12:20	50.647397414000004	50.832488589	51.0030556	1	0	0	0	0
2024-10-03 23:12:30	50.610467314000005	50.858649739	51.0030556	1	0	0	0	0
2024-10-03 23:12:40	50.799330515	50.957936388	51.0030556	1	0	0	0	0
2024-10-03 23:12:50	51.024950765	51.069127187999996	51.0030556	1	0	0	0	0
2024-10-03 23:13:00	50.93919309950739	51.04334446453202	51.0030556	1	0	0	0	0
2024-10-03 23:13:10	50.80274600591133	50.995263725615764	51.0030556	1	0	0	0	0
2024-10-03 23:13:20	50.73847241522843	50.92477680203046	51.0030556	1	0	0	0	0
2024-10-03 23:13:30	50.688981349238574	50.84970065989848	51.0030556	1	0	0	0	0
2024-10-03 23:13:40	50.715352746	50.816385251	51.0030556	1	0	0	0	0
2024-10-03 23:13:50	50.754073846	50.789868101	51.0030556	1	0	0	0	0
2024-10-03 23:14:00	50.667474499	50.777708049	51.0030556	1	0	0	0	0
2024-10-03 23:14:10	50.560474149	50.767885199	51.0030556	1	0	0	0	0
2024-10-03 23:14:20	50.750483227	50.806963583	51.0030556	1	0	0	0	0
2024-10-03 23:14:30	50.988842677	50.854002633	51.0030556	1	0	0	0	0
2024-10-03 23:14:40	51.056812262	50.912330817	51.0030556	1	0	0	0	0
2024-10-03 23:14:50	51.097043962	50.972496766999996	51.0030556	1	0	0	0	0
2024-10-03 23:15:00	51.097043962	50.972496766999996	51.0030556	1	0	0	0	0
2024-10-03 23:15:10	50.939074148	51.111224811	51.0030556	1	0	0	0	0
2024-10-03 23:15:20	50.9367274	51.085578039000005	51.0030556	1	0	0	0	0
2024-10-03 23:15:30	50.9483174	51.044351689	51.0030556	1	0	0	0	0
2024-10-03 23:15:40	50.833641211	50.988754438	51.0030556	1	0	0	0	0
2024-10-03 23:15:50	50.698410061	50.930817738	51.0030556	1	0	0	0	0
2024-10-03 23:16:00	50.599407142	50.864624522	51.0030556	1	0	0	0	0
2024-10-03 23:16:10	50.506301842	50.797087222	51.0030556	1	0	0	0	0
2024-10-03 23:16:20	50.509285847	50.745643102	51.0030556	1	0	0	0	0
2024-10-03 23:16:30	50.527912297	50.696818802	51.0030556	1	0	0	0	0
2024-10-03 23:16:40	50.5223414	50.699751538	51.0030556	1	0	0	0	0
2024-10-03 23:16:50	50.512831399999996	50.711109838	51.0030556	1	0	0	0	0
2024-10-03 23:17:00	50.598585148	50.74010476	51.0030556	1	0	0	0	0
2024-10-03 23:17:10	50.699846947999994	50.77197076	51.0030556	1	0	0	0	0
2024-10-03 23:17:20	50.809414757	50.866418315000004	51.0030556	1	0	0	0	0
2024-10-03 23:17:30	50.920334707	50.971053565000005	51.0030556	1	0	0	0	0
2024-10-03 23:17:40	50.928567346	50.934606546	51.0030556	1	0	0	0	0
2024-10-03 23:17:50	50.920083446	50.875192645999995	51.0030556	1	0	0	0	0
2024-10-03 23:18:00	50.854731271144274	50.87800438358209	51.0030556	1	0	0	0	0
2024-10-03 23:18:10	50.780121470149254	50.8909458761194	51.0030556	1	0	0	0	0
2024-10-03 23:18:20	50.81061844221105	50.94366622814071	51.0030556	1	0	0	0	0
2024-10-03 23:18:30	50.8596636683417	51.00340637889447	51.0030556	1	0	0	0	0
2024-10-03 23:18:40	50.9240124	51.052573904	51.0030556	1	0	0	0	0
2024-10-03 23:18:50	50.9908524	51.100020304000005	51.0030556	1	0	0	0	0
2024-10-03 23:19:00	50.975078564	51.067104821	51.0030556	1	0	0	0	0
2024-10-03 23:19:10	50.945855964	51.021107171000004	51.0030556	1	0	0	0	0
2024-10-03 23:19:20	50.971520198	51.030875275	51.0030556	1	0	0	0	0
2024-10-03 23:19:30	51.006119498000004	51.049721525	51.0030556	1	0	0	0	0
2024-10-03 23:19:40	51.028035862	51.087712407	51.0030556	1	0	0	0	0
2024-10-03 23:19:50	51.047887562	51.128819856999996	51.0030556	1	0	0	0	0
2024-10-03 23:20:00	51.040862628	51.139733696	51.0030556	1	0	0	0	0
2024-10-03 23:20:10	51.029462428	51.145732296	51.0030556	1	0	0	0	0
2024-10-03 23:20:20	51.018476748000005	51.069048948	51.0030556	1	0	0	0	0
2024-10-03 23:20:30	51.007558548000006	50.978905748	51.0030556	1	0	0	0	0
2024-10-03 23:20:40	50.938816700000004	50.970727686	51.0030556	1	0	0	0	0
2024-10-03 23:20:50	50.8606617	50.975892785999996	51.0030556	1	0	0	0	0
2024-10-03 23:21:00	50.8775926	50.986395863	51.0030556	1	0	0	0	0
2024-10-03 23:21:10	50.9100026	50.997767913000004	51.0030556	1	0	0	0	0
2024-10-03 23:21:20	50.9039319	50.9742695	51.0030556	1	0	0	0	0
2024-10-03 23:21:30	50.8915969	50.945094499999996	51.0030556	1	0	0	0	0
2024-10-03 23:21:40	50.796799768	50.896881895	51.0030556	1	0	0	0	0
2024-10-03 23:21:50	50.688578568	50.845570144999996	51.0030556	1	0	0	0	0
2024-10-03 23:22:00	50.639971622	50.839864453	51.0030556	1	0	0	0	0
2024-10-03 23:22:10	50.601069322	50.841583003	51.0030556	1	0	0	0	0
2024-10-03 23:22:20	50.661744315	50.868464851999995	51.0030556	1	0	0	0	0
2024-10-03 23:22:30	50.738629565	50.899443051999995	51.0030556	1	0	0	0	0
2024-10-03 23:22:40	50.882375859	50.954448663	51.0030556	1	0	0	0	0
2024-10-03 23:22:50	51.037006509	51.013365713	51.0030556	1	0	0	0	0
2024-10-03 23:23:00	51.005437914	51.035253356	51.0030556	1	0	0	0	0
2024-10-03 23:23:10	50.943557814	51.051112956	51.0030556	1	0	0	0	0
2024-10-03 23:23:20	50.921085322	51.037863448	51.0030556	1	0	0	0	0
2024-10-03 23:23:30	50.905028022	51.019875248000005	51.0030556	1	0	0	0	0
2024-10-03 23:23:40	50.8526678	51.077504139	51.0030556	1	0	0	0	0
2024-10-03 23:23:50	50.7943978	51.147442788999996	51.0030556	1	0	0	0	0
2024-10-03 23:24:00	50.8296399	51.091488533	51.0030556	1	0	0	0	0
2024-10-03 23:24:10	50.8801049	51.015040083	51.0030556	1	0	0	0	0
2024-10-03 23:24:20	50.735953362	50.887028183000005	51.0030556	1	0	0	0	0
2024-10-03 23:24:30	50.560120062	50.750622233	51.0030556	1	0	0	0	0
2024-10-03 23:24:40	50.568016173000004	50.732048667	51.0030556	1	0	0	0	0
2024-10-03 23:24:50	50.605821723	50.732657116999995	51.0030556	1	0	0	0	0
2024-10-03 23:25:00	50.534188403	50.728930221	51.0030556	1	0	0	0	0
2024-10-03 23:25:10	50.444739453	50.724497571	51.0030556	1	0	0	0	0
2024-10-03 23:25:20	50.4322166	50.723877	51.0030556	1	0	0	0	0
2024-10-03 23:25:30	50.4844856	50.76239027586207	51.0030556	1	0	0	0	0
2024-10-03 23:25:40	50.619930523	50.800266657	51.0030556	1	0	0	0	0
2024-10-03 23:25:50	50.720698573	50.802511607	51.0030556	1	0	0	0	0
2024-10-03 23:26:00	50.729746677	50.851120963	51.0030556	1	0	0	0	0
2024-10-03 23:26:10	50.723863627	50.907278013	51.0030556	1	0	0	0	0
2024-10-03 23:26:20	50.767287	50.9811192	51.0030556	1	0	0	0	0
2024-10-03 23:26:30	50.818737000000006	51.0578392	51.0030556	1	0	0	0	0
2024-10-03 23:26:40	50.978805989	51.14605912	51.0030556	1	0	0	0	0
2024-10-03 23:26:50	51.156557139	51.23615112	51.0030556	1	0	0	0	0
2024-10-03 23:27:00	51.084894701	51.221191884	51.0030556	1	0	0	0	0
2024-10-03 23:27:10	50.972630051	51.189131284	51.0030556	1	0	0	0	0
2024-10-03 23:27:20	50.92255724038461	51.10370088173077	51.0030556	1	0	0	0	0
2024-10-03 23:27:30	50.88260868269231	51.00958237211538	51.0030556	1	0	0	0	0
2024-10-03 23:27:40	50.733730415625004	50.926196312500004	51.0030556	1	0	0	0	0
2024-10-03 23:27:50	50.554128384375005	50.84583735416667	51.0030556	1	0	0	0	0
2024-10-03 23:28:00	50.508199577	50.850212784	51.0030556	1	0	0	0	0
2024-10-03 23:28:10	50.484031527	50.868382184000005	51.0030556	1	0	0	0	0
2024-10-03 23:28:20	50.569235138	50.878446772000004	51.0030556	1	0	0	0	0
2024-10-03 23:28:30	50.672243438	50.887191972000004	51.0030556	1	0	0	0	0
2024-10-03 23:28:40	50.724298458	50.887544991	51.0030556	1	0	0	0	0
2024-10-03 23:28:50	50.768058757999995	50.886531841	51.0030556	1	0	0	0	0
2024-10-03 23:29:00	50.734364964	50.892579205	51.0030556	1	0	0	0	0
2024-10-03 23:29:10	50.688062364	50.899775955	51.0030556	1	0	0	0	0
2024-10-03 23:29:20	50.69333900990099	50.91785748019802	51.0030556	1	0	0	0	0
2024-10-03 23:29:30	50.707012277227726	50.93771094554456	51.0030556	1	0	0	0	0
2024-10-03 23:29:40	50.728443636363636	50.95304734848485	51.0030556	1	0	0	0	0
2024-10-03 23:29:50	50.751352727272725	50.96752335858586	51.0030556	1	0	0	0	0
2024-10-03 23:30:00	50.712521265	50.958350349	51.0030556	1	0	0	0	0
2024-10-03 23:30:10	50.663639015	50.945327499	51.0030556	1	0	0	0	0
2024-10-03 23:30:20	50.531501326	50.895000042	51.0030556	1	0	0	0	0
2024-10-03 23:30:30	50.385810426	50.838599742	51.0030556	1	0	0	0	0
2024-10-03 23:30:40	50.359554476999996	50.800815432	51.0030556	1	0	0	0	0
2024-10-03 23:30:50	50.352741427	50.766061631999996	51.0030556	1	0	0	0	0
2024-10-03 23:31:00	50.293953632	50.689045024	51.0030556	1	0	0	0	0
2024-10-03 23:31:10	50.226704831999996	50.605148424	51.0030556	1	0	0	0	0
2024-10-03 23:31:20	50.193959275	50.632828353	51.0030556	1	0	0	0	0
2024-10-03 23:31:30	50.166830525	50.678671903	51.0030556	1	0	0	0	0
2024-10-03 23:31:40	50.335973124999995	50.802777646	51.0030556	1	0	0	0	0
2024-10-03 23:31:50	50.537066874999994	50.939623746	51.0030556	1	0	0	0	0
2024-10-03 23:32:00	50.7549661	51.035221107	51.0030556	1	0	0	0	0
2024-10-03 23:32:10	50.9756011	51.124103557	51.0030556	1	0	0	0	0
2024-10-03 23:32:20	50.893123682	51.107402947000004	51.0030556	1	0	0	0	0
2024-10-03 23:32:30	50.761302382000004	51.073514397000004	51.0030556	1	0	0	0	0
2024-10-03 23:32:40	50.898438299000006	51.1544002	51.0030556	1	0	0	0	0
2024-10-03 23:32:50	51.079357949	51.2539702	51.0030556	1	0	0	0	0
2024-10-03 23:33:00	51.054056608	51.250596437	51.0030556	1	0	0	0	0
2024-10-03 23:33:10	50.995184408	51.230464387	51.0030556	1	0	0	0	0
2024-10-03 23:33:20	50.916283711	51.136322715	51.0030556	1	0	0	0	0
2024-10-03 23:33:30	50.834122561	51.030132965	51.0030556	1	0	0	0	0
2024-10-03 23:33:40	50.805221297	51.037153185	51.0030556	1	0	0	0	0
2024-10-03 23:33:50	50.784990247	51.062602935	51.0030556	1	0	0	0	0
2024-10-03 23:34:00	50.821884826	51.080469463	51.0030556	1	0	0	0	0
2024-10-03 23:34:10	50.868078926	51.097101513	51.0030556	1	0	0	0	0
2024-10-03 23:34:20	50.858820312000006	51.0385893	51.0030556	1	0	0	0	0
2024-10-03 23:34:30	50.840534512000005	50.9678443	51.0030556	1	0	0	0	0
2024-10-03 23:34:40	50.816056583	50.9945932	51.0030556	1	0	0	0	0
2024-10-03 23:34:50	50.790570633	51.0372132	51.0030556	1	0	0	0	0
2024-10-03 23:35:00	50.773506018	51.009757863	51.0030556	1	0	0	0	0
2024-10-03 23:35:10	50.757812318	50.970894913	51.0030556	1	0	0	0	0
2024-10-03 23:35:20	50.827345564	51.046200489	51.0030556	1	0	0	0	0
2024-10-03 23:35:30	50.910752964	51.140091639	51.0030556	1	0	0	0	0
2024-10-03 23:35:40	50.850827603999996	51.09402411	51.0030556	1	0	0	0	0
2024-10-03 23:35:50	50.767569003999995	51.025172610000006	51.0030556	1	0	0	0	0
2024-10-03 23:36:00	50.659183096	50.942957484	51.0030556	1	0	0	0	0
2024-10-03 23:36:10	50.546706696	50.858566884	51.0030556	1	0	0	0	0
2024-10-03 23:36:20	50.540124504	50.885183235	51.0030556	1	0	0	0	0
2024-10-03 23:36:30	50.550780904	50.929870485	51.0030556	1	0	0	0	0
2024-10-03 23:36:40	50.527258496	50.915341919	51.0030556	1	0	0	0	0
2024-10-03 23:36:50	50.498172096000005	50.891173569	51.0030556	1	0	0	0	0
2024-10-03 23:37:00	50.342943949	50.8210927	51.0030556	1	0	0	0	0
2024-10-03 23:37:10	50.167181099	50.743537700000005	51.0030556	1	0	0	0	0
2024-10-03 23:37:20	50.331442383	50.798742792000006	51.0030556	1	0	0	0	0
2024-10-03 23:37:30	50.551056433	50.87555999200001	51.0030556	1	0	0	0	0
2024-10-03 23:37:40	50.511010468	50.870608908	51.0030556	1	0	0	0	0
2024-10-03 23:37:50	50.428694268	50.852346708	51.0030556	1	0	0	0	0
2024-10-03 23:38:00	50.47580222	50.887000093	51.0030556	1	0	0	0	0
2024-10-03 23:38:10	50.543979220000004	50.930267643	51.0030556	1	0	0	0	0
2024-10-03 23:38:20	50.60667028	50.937563543	51.0030556	1	0	0	0	0
2024-10-03 23:38:30	50.66846828	50.939003593	51.0030556	1	0	0	0	0
2024-10-03 23:38:40	50.75753329452736	51.020774616915425	51.0030556	1	0	0	0	0
2024-10-03 23:38:50	50.85103712537314	51.1156227761194	51.0030556	1	0	0	0	0
2024-10-03 23:39:00	50.86814713216081	51.11696899748743	51.0030556	1	0	0	0	0
2024-10-03 23:39:10	50.87177587587939	51.10181487688442	51.0030556	1	0	0	0	0
2024-10-03 23:39:20	50.815569523	51.049962381	51.0030556	1	0	0	0	0
2024-10-03 23:39:30	50.749622572999996	50.992135731	51.0030556	1	0	0	0	0
2024-10-03 23:39:40	50.726567349	50.998446634	51.0030556	1	0	0	0	0
2024-10-03 23:39:50	50.710494499	51.015198534	51.0030556	1	0	0	0	0
2024-10-03 23:40:00	50.756960160999995	51.043370632	51.0030556	1	0	0	0	0
2024-10-03 23:40:10	50.813606510999996	51.073401831999995	51.0030556	1	0	0	0	0
2024-10-03 23:40:20	50.815103684	51.071827344	51.0030556	1	0	0	0	0
2024-10-03 23:40:30	50.807623084	51.065107743999995	51.0030556	1	0	0	0	0
2024-10-03 23:40:40	50.641904806	50.957288694	51.0030556	1	0	0	0	0
2024-10-03 23:40:50	50.450426906	50.833011594	51.0030556	1	0	0	0	0
2024-10-03 23:41:00	50.471136075000004	50.861896795999996	51.0030556	1	0	0	0	0
2024-10-03 23:41:10	50.526387325	50.915715396	51.0030556	1	0	0	0	0
2024-10-03 23:41:20	50.523861625	50.9170881	51.0030556	1	0	0	0	0
2024-10-03 23:41:30	50.511930375000006	50.9099231	51.0030556	1	0	0	0	0
2024-10-03 23:41:40	50.54245195	50.886790566	51.0030556	1	0	0	0	0
2024-10-03 23:41:50	50.57988445	50.861058666	51.0030556	1	0	0	0	0
2024-10-03 23:42:00	50.62535365	50.926311928	51.0030556	1	0	0	0	0
2024-10-03 23:42:10	50.67213115	51.006376728	51.0030556	1	0	0	0	0
2024-10-03 23:42:20	50.5440771	50.992098496	51.0030556	1	0	0	0	0
2024-10-03 23:42:30	50.387562100000004	50.962462095999996	51.0030556	1	0	0	0	0
2024-10-03 23:42:40	50.42047285	50.9790089	51.0030556	1	0	0	0	0
2024-10-03 23:42:50	50.48422035	51.0030739	51.0030556	1	0	0	0	0
2024-10-03 23:43:00	50.601711185	51.04338731	51.0030556	1	0	0	0	0
2024-10-03 23:43:10	50.727950934999996	51.08634581	51.0030556	1	0	0	0	0
2024-10-03 23:43:20	50.700749956716415	51.00859771144279	51.0030556	1	0	0	0	0
2024-10-03 23:43:30	50.64857025522388	50.91119970149254	51.0030556	1	0	0	0	0
2024-10-03 23:43:40	50.68170847336683	50.93075564321608	51.0030556	1	0	0	0	0
2024-10-03 23:43:50	50.72990279497487	50.970950517587944	51.0030556	1	0	0	0	0
2024-10-03 23:44:00	50.784001599999996	51.026735494	51.0030556	1	0	0	0	0
2024-10-03 23:44:10	50.8390616	51.085058394	51.0030556	1	0	0	0	0
2024-10-03 23:44:20	50.7445246	51.047224952	51.0030556	1	0	0	0	0
2024-10-03 23:44:30	50.6256346	50.993738152	51.0030556	1	0	0	0	0
2024-10-03 23:44:40	50.718822406	51.039498834999996	51.0030556	1	0	0	0	0
2024-10-03 23:44:50	50.846534506	51.101416085	51.0030556	1	0	0	0	0
2024-10-03 23:45:00	50.941390994	51.077892765	51.0030556	1	0	0	0	0
2024-10-03 23:45:10	51.030898894	51.040460515	51.0030556	1	0	0	0	0
2024-10-03 23:45:20	50.940500083	50.999131777	51.0030556	1	0	0	0	0
2024-10-03 23:45:30	50.820814133	50.957168727	51.0030556	1	0	0	0	0
2024-10-03 23:45:40	50.825625008	50.967793903	51.0030556	1	0	0	0	0
2024-10-03 23:45:50	50.850702808	50.986979953	51.0030556	1	0	0	0	0
2024-10-03 23:46:00	50.811950849	50.97950682	51.0030556	1	0	0	0	0
2024-10-03 23:46:10	50.762807998999996	50.96769382	51.0030556	1	0	0	0	0
2024-10-03 23:46:20	50.75325426	50.999616378	51.0030556	1	0	0	0	0
2024-10-03 23:46:30	50.750145260000004	51.038658678000004	51.0030556	1	0	0	0	0
2024-10-03 23:46:40	50.655521252	50.981991922000006	51.0030556	1	0	0	0	0
2024-10-03 23:46:50	50.545999452000004	50.909744622000005	51.0030556	1	0	0	0	0
2024-10-03 23:47:00	50.550118912	50.9430213	51.0030556	1	0	0	0	0
2024-10-03 23:47:10	50.572738112	50.9934763	51.0030556	1	0	0	0	0
2024-10-03 23:47:20	50.611339036000004	51.0123994	51.0030556	1	0	0	0	0
2024-10-03 23:47:30	50.652541636	51.0261894	51.0030556	1	0	0	0	0
2024-10-03 23:47:40	50.6641709	51.025645608	51.0030556	1	0	0	0	0
2024-10-03 23:47:50	50.6709859	51.022768408	51.0030556	1	0	0	0	0
2024-10-03 23:48:00	50.674170754	50.980571492	51.0030556	1	0	0	0	0
2024-10-03 23:48:10	50.676764654	50.931973692	51.0030556	1	0	0	0	0
2024-10-03 23:48:20	50.625831724	50.932233610000004	51.0030556	1	0	0	0	0
2024-10-03 23:48:30	50.566185124	50.94044711	51.0030556	1	0	0	0	0
2024-10-03 23:48:40	50.753456822000004	51.04297939	51.0030556	1	0	0	0	0
2024-10-03 23:48:50	50.980924522	51.160865890000004	51.0030556	1	0	0	0	0
2024-10-03 23:49:00	51.042435700000006	51.217796536	51.0030556	1	0	0	0	0
2024-10-03 23:49:10	51.076930700000005	51.264804135999995	51.0030556	1	0	0	0	0
2024-10-03 23:49:20	51.038967518	51.250949364	51.0030556	1	0	0	0	0
2024-10-03 23:49:30	50.989208818	51.227186764	51.0030556	1	0	0	0	0
2024-10-03 23:49:40	51.005134682	51.191892553	51.0030556	1	0	0	0	0
2024-10-03 23:49:50	51.031753382	51.154721103	51.0030556	1	0	0	0	0
2024-10-03 23:50:00	51.003205275	51.143085547	51.0030556	1	0	0	0	0
2024-10-03 23:50:10	50.965676525	51.135606997000004	51.0030556	1	0	0	0	0
2024-10-03 23:50:20	50.826547805	51.073756452	51.0030556	1	0	0	0	0
2024-10-03 23:50:30	50.670879555	51.003054651999996	51.0030556	1	0	0	0	0
2024-10-03 23:50:40	50.740924239	51.014434347999995	51.0030556	1	0	0	0	0
2024-10-03 23:50:50	50.847712889	51.039176147999996	51.0030556	1	0	0	0	0
2024-10-03 23:51:00	50.76429671393035	51.05272377810945	51.0030556	1	0	0	0	0
2024-10-03 23:51:10	50.64991696268657	51.06444910149254	51.0030556	1	0	0	0	0
2024-10-03 23:51:20	50.58750497487437	51.000504224120604	51.0030556	1	0	0	0	0
2024-10-03 23:51:30	50.53426376884422	50.92320578190955	51.0030556	1	0	0	0	0
2024-10-03 23:51:40	50.5690102	50.889526146	51.0030556	1	0	0	0	0
2024-10-03 23:51:50	50.6180802	50.862947246000004	51.0030556	1	0	0	0	0
2024-10-03 23:52:00	50.739651167	50.959336134	51.0030556	1	0	0	0	0
2024-10-03 23:52:10	50.873024617	51.075743034	51.0030556	1	0	0	0	0
2024-10-03 23:52:20	51.052477769999996	51.078442196	51.0030556	1	0	0	0	0
2024-10-03 23:52:30	51.239432269999995	51.062630796	51.0030556	1	0	0	0	0
2024-10-03 23:52:40	51.160283463	51.05554874	51.0030556	1	0	0	0	0
2024-10-03 23:52:50	51.037815513000005	51.049887739999996	51.0030556	1	0	0	0	0
2024-10-03 23:53:00	50.9723165	51.105402452999996	51.0030556	1	0	0	0	0
2024-10-03 23:53:10	50.9160915	51.170876003	51.0030556	1	0	0	0	0
2024-10-03 23:53:20	50.968730717999996	51.180476987	51.0030556	1	0	0	0	0
2024-10-03 23:53:30	51.039092018	51.180982437	51.0030556	1	0	0	0	0
2024-10-03 23:53:40	51.032984182	51.216607105	51.0030556	1	0	0	0	0
2024-10-03 23:53:50	51.014427882	51.257948855	51.0030556	1	0	0	0	0
2024-10-03 23:54:00	51.023139	51.232385271	51.0030556	1	0	0	0	0
2024-10-03 23:54:10	51.036289000000004	51.195930120999996	51.0030556	1	0	0	0	0
2024-10-03 23:54:20	51.005498203	51.123225541	51.0030556	1	0	0	0	0
2024-10-03 23:54:30	50.967554252999996	51.044619890999996	51.0030556	1	0	0	0	0
2024-10-03 23:54:40	50.937013097	51.043971606999996	51.0030556	1	0	0	0	0
2024-10-03 23:54:50	50.907677047	51.056014057	51.0030556	1	0	0	0	0
2024-10-03 23:55:00	50.925497033	51.054823299999995	51.0030556	1	0	0	0	0
2024-10-03 23:55:10	50.950993583	51.0514783	51.0030556	1	0	0	0	0
2024-10-03 23:55:20	50.9545631	51.05101	51.0030556	1	0	0	0	0
2024-10-03 23:55:30	50.938753692105266	51.0452217368421	51.0030556	1	0	0	0	0
2024-10-03 23:55:40	50.83918656387435	51.02061102670157	51.0030556	1	0	0	0	0
2024-10-03 23:55:50	50.741360542931936	51.00017547696335	51.0030556	1	0	0	0	0
2024-10-03 23:56:00	50.737620002	50.999316365	51.0030556	1	0	0	0	0
2024-10-03 23:56:10	50.749195701999994	51.001644115	51.0030556	1	0	0	0	0
2024-10-03 23:56:20	50.787877699	51.042603323	51.0030556	1	0	0	0	0
2024-10-03 23:56:30	50.830972349	51.089851373	51.0030556	1	0	0	0	0
2024-10-03 23:56:40	50.813048752	51.053179677	51.0030556	1	0	0	0	0
2024-10-03 23:56:50	50.785191952	51.002846627000004	51.0030556	1	0	0	0	0
2024-10-03 23:57:00	50.85691094	50.950876567	51.0030556	1	0	0	0	0
2024-10-03 23:57:10	50.94483994	50.898640017000005	51.0030556	1	0	0	0	0
2024-10-03 23:57:20	50.9674098	50.967691933	51.0030556	1	0	0	0	0
2024-10-03 23:57:30	50.9793398	51.056488482999995	51.0030556	1	0	0	0	0
2024-10-03 23:57:40	50.831257211	51.005839	51.0030556	1	0	0	0	0
2024-10-03 23:57:50	50.657126061	50.932489000000004	51.0030556	1	0	0	0	0
2024-10-03 23:58:00	50.578126649	50.8591648	51.0030556	1	0	0	0	0
2024-10-03 23:58:10	50.514613798999996	50.7858448	51.0030556	1	0	0	0	0
2024-10-03 23:58:20	50.38686914	50.843315965	51.0030556	1	0	0	0	0
2024-10-03 23:58:30	50.24866814	50.922078715000005	51.0030556	1	0	0	0	0
2024-10-03 23:58:40	50.525670238000004	50.994296435	51.0030556	1	0	0	0	0
2024-10-03 23:58:50	50.870263538	51.065448685	51.0030556	1	0	0	0	0
2024-10-03 23:59:00	50.844800471999996	51.045493395	51.0030556	1	0	0	0	0
2024-10-03 23:59:10	50.759095671999994	51.010706645	51.0030556	1	0	0	0	0
2024-10-03 23:59:20	50.684344089999996	50.982102005	51.0030556	1	0	0	0	0
2024-10-03 23:59:30	50.61137559	50.954503755	51.0030556	1	0	0	0	0
2024-10-03 23:59:40	50.7763506	50.947401068	51.0030556	1	0	0	0	0
2024-10-03 23:59:50	50.9800606	50.943634868	51.0030556	1	0	0	0	0
2024-10-04 00:00:00	50.724361481	50.849199298	51.0030556	1	0	0	0	0
