PROCESSDATA	2411PDIC10321 Data	yyyy-MM-dd HH:mm:ss
8	10	2024-06-05 21:55:00	751
tagname	2411PDIC10321.MV	2411PDIC10321.PV	2411PDIC10321.SV	2411PDIC10321.MODE	bOpOFL	bPvOFL	bSpOFL	bAutOFL
desc	再生器再生滑阀差压_OP	再生器再生滑阀差压_PV	再生器再生滑阀差压_SP	Aut	bOpOFL	bPvOFL	bSpOFL	bAutOFL
fsMax=5.544873280277777	fsMin=0	fsGridNum=10	fdMax=5.544873280277777tfdMin=0	fdGridNum=10	v0GridNum=10	L=24
2024-06-05 21:55:00	59.95712927966102	58.200022408	15	1	0	0	0	0
2024-06-05 21:55:10	61.96439362253521	61.47861848591549	15	1	0	0	0	0
2024-06-05 21:55:20	60.779856422033895	59.23045379661017	15	1	0	0	0	0
2024-06-05 21:55:30	61.982867795121955	61.43653643902439	15	1	0	0	0	0
2024-06-05 21:55:40	62.59146059135803	62.635078654320985	15	1	0	0	0	0
2024-06-05 21:55:50	62.55992417721519	62.602460045569615	15	1	0	0	0	0
2024-06-05 21:56:00	61.652594828169015	60.88441338028169	15	1	0	0	0	0
2024-06-05 21:56:10	61.40878472666667	60.31989033333333	15	1	0	0	0	0
2024-06-05 21:56:20	62.34719014693877	62.01455210408164	15	1	0	0	0	0
2024-06-05 21:56:30	62.13327317746479	61.5956331	15	1	0	0	0	0
2024-06-05 21:56:40	62.07105423043478	61.42729628695652	15	1	0	0	0	0
2024-06-05 21:56:50	62.52059456478873	62.225891963380285	15	1	0	0	0	0
2024-06-05 21:57:00	61.71027566857143	60.71645009142857	15	1	0	0	0	0
2024-06-05 21:57:10	62.23962373142857	61.73742062857143	15	1	0	0	0	0
2024-06-05 21:57:20	60.29504581333333	58.02370237666666	15	1	0	0	0	0
2024-06-05 21:57:30	60.10396982553191	57.62773470425532	15	1	0	0	0	0
2024-06-05 21:57:40	59.94562552	57.3696712	15	1	0	0	0	0
2024-06-05 21:57:50	60.572583340983606	58.607917278688525	15	1	0	0	0	0
2024-06-05 21:58:00	60.51804561333333	58.585544893333335	15	1	0	0	0	0
2024-06-05 21:58:10	60.17318239101124	57.94100565842697	15	1	0	0	0	0
2024-06-05 21:58:20	60.269130476	58.123244748000005	15	1	0	0	0	0
2024-06-05 21:58:30	61.2620328	60.059136352	15	1	0	0	0	0
2024-06-05 21:58:40	60.943352929411766	59.54624897647059	15	1	0	0	0	0
2024-06-05 21:58:50	59.92420727341772	57.65757746835443	15	1	0	0	0	0
2024-06-05 21:59:00	60.587378375	58.8003833975	15	1	0	0	0	0
2024-06-05 21:59:10	61.134464754285716	59.77383544285714	15	1	0	0	0	0
2024-06-05 21:59:20	61.134464754285716	59.77383544285714	15	1	0	0	0	0
2024-06-05 21:59:30	61.134464754285716	59.77383544285714	15	1	0	0	0	0
2024-06-05 21:59:40	61.134464754285716	59.77383544285714	15	1	0	0	0	0
2024-06-05 21:59:50	61.134464754285716	59.77383544285714	15	1	0	0	0	0
2024-06-05 22:00:00	61.134464754285716	59.77383544285714	15	1	0	0	0	0
2024-06-05 22:00:10	61.22555571428571	60.005136948571426	15	1	0	0	0	0
2024-06-05 22:00:20	60.7568616	59.101453792	15	1	0	0	0	0
2024-06-05 22:00:30	60.62167387755102	58.83152952857143	15	1	0	0	0	0
2024-06-05 22:00:40	59.69434032258064	57.10393364516129	15	1	0	0	0	0
2024-06-05 22:00:50	59.947465333333334	57.49552663076923	15	1	0	0	0	0
2024-06-05 22:01:00	59.736967196	57.092182896000004	15	1	0	0	0	0
2024-06-05 22:01:10	60.46105598857143	58.41792786285714	15	1	0	0	0	0
2024-06-05 22:01:20	61.045442640000005	59.5570808	15	1	0	0	0	0
2024-06-05 22:01:30	59.66603416585366	56.982678048780485	15	1	0	0	0	0
2024-06-05 22:01:40	59.560518666	56.768691632	15	1	0	0	0	0
2024-06-05 22:01:50	60.54620628	58.6085244	15	1	0	0	0	0
2024-06-05 22:02:00	60.52968418873239	58.601938080281684	15	1	0	0	0	0
2024-06-05 22:02:10	59.69014481	57.01992516333333	15	1	0	0	0	0
2024-06-05 22:02:20	59.516071755	56.740707775000004	15	1	0	0	0	0
2024-06-05 22:02:30	59.80129742857143	57.278623974285715	15	1	0	0	0	0
2024-06-05 22:02:40	60.45987909803922	58.50287287254902	15	1	0	0	0	0
2024-06-05 22:02:50	58.94618142857143	55.59700971428571	15	1	0	0	0	0
2024-06-05 22:03:00	60.862414320000006	59.148140285714284	15	1	0	0	0	0
2024-06-05 22:03:10	62.169124339999996	61.702721770000004	15	1	0	0	0	0
2024-06-05 22:03:20	61.14659376338028	59.752398332394364	15	1	0	0	0	0
2024-06-05 22:03:30	61.18056691428571	59.68809098571429	15	1	0	0	0	0
2024-06-05 22:03:40	62.46021578958333	62.07442412708333	15	1	0	0	0	0
2024-06-05 22:03:50	62.67227235294117	62.50164388627451	15	1	0	0	0	0
2024-06-05 22:04:00	62.383416284	61.9889388	15	1	0	0	0	0
2024-06-05 22:04:10	61.641221585	60.554021500000005	15	1	0	0	0	0
2024-06-05 22:04:20	61.641221585	60.554021500000005	15	1	0	0	0	0
2024-06-05 22:04:30	61.641221585	60.554021500000005	15	1	0	0	0	0
2024-06-05 22:04:40	61.641221585	60.554021500000005	15	1	0	0	0	0
2024-06-05 22:04:50	61.641221585	60.554021500000005	15	1	0	0	0	0
2024-06-05 22:05:00	61.641221585	60.554021500000005	15	1	0	0	0	0
2024-06-05 22:05:10	59.685530428571425	56.54683911428571	15	1	0	0	0	0
2024-06-05 22:05:20	59.6104	56.19346574	15	1	0	0	0	0
2024-06-05 22:05:30	60.73940815714286	58.15013857142857	15	1	0	0	0	0
2024-06-05 22:05:40	61.31076132	59.2756336	15	1	0	0	0	0
2024-06-05 22:05:50	60.10081144	57.0995214	15	1	0	0	0	0
2024-06-05 22:06:00	60.83738127666666	58.57219966666667	15	1	0	0	0	0
2024-06-05 22:06:10	61.170938445714285	59.27643656857143	15	1	0	0	0	0
2024-06-05 22:06:20	60.62602255428571	58.40553264571429	15	1	0	0	0	0
2024-06-05 22:06:30	60.153810014084506	57.634325016901414	15	1	0	0	0	0
2024-06-05 22:06:40	59.692416	56.81430768	15	1	0	0	0	0
2024-06-05 22:06:50	61.66862224571428	60.58700881714286	15	1	0	0	0	0
2024-06-05 22:07:00	59.908778292682925	57.28836137560975	15	1	0	0	0	0
2024-06-05 22:07:10	59.94340100140845	57.383386056338026	15	1	0	0	0	0
2024-06-05 22:07:20	60.83080981	59.19120141857143	15	1	0	0	0	0
2024-06-05 22:07:30	60.58059294117647	58.839950176470595	15	1	0	0	0	0
2024-06-05 22:07:40	61.38502805245901	60.38824338688524	15	1	0	0	0	0
2024-06-05 22:07:50	61.84855524857143	61.255494004285715	15	1	0	0	0	0
2024-06-05 22:08:00	59.632887184	56.998516624	15	1	0	0	0	0
2024-06-05 22:08:10	59.24802450126582	56.2138691556962	15	1	0	0	0	0
2024-06-05 22:08:20	60.60166318571429	58.81772450285714	15	1	0	0	0	0
2024-06-05 22:08:30	60.295140111428566	58.33770009142857	15	1	0	0	0	0
2024-06-05 22:08:40	59.71641970666666	57.147701	15	1	0	0	0	0
2024-06-05 22:08:50	60.55326048571428	58.622911068571426	15	1	0	0	0	0
2024-06-05 22:09:00	58.216854932	54.2089372	15	1	0	0	0	0
2024-06-05 22:09:10	58.216854932	54.2089372	15	1	0	0	0	0
2024-06-05 22:09:20	58.216854932	54.2089372	15	1	0	0	0	0
2024-06-05 22:09:30	58.216854932	54.2089372	15	1	0	0	0	0
2024-06-05 22:09:40	58.216854932	54.2089372	15	1	0	0	0	0
2024-06-05 22:09:50	58.216854932	54.2089372	15	1	0	0	0	0
2024-06-05 22:10:00	58.216854932	54.2089372	15	1	0	0	0	0
2024-06-05 22:10:10	58.52260786	54.805260038	15	1	0	0	0	0
2024-06-05 22:10:20	57.30349374875	52.457012999999996	15	1	0	0	0	0
2024-06-05 22:10:30	59.75160597	57.00442753666667	15	1	0	0	0	0
2024-06-05 22:10:40	59.79512264347826	57.15313106086956	15	1	0	0	0	0
2024-06-05 22:10:50	58.31349577254902	54.44603746862745	15	1	0	0	0	0
2024-06-05 22:11:00	57.885016251428574	53.61726828571428	15	1	0	0	0	0
2024-06-05 22:11:10	58.14336149677419	54.10332741935484	15	1	0	0	0	0
2024-06-05 22:11:20	59.725201615	57.236607500000005	15	1	0	0	0	0
2024-06-05 22:11:30	59.642683408	57.253071199999994	15	1	0	0	0	0
2024-06-05 22:11:40	58.850284	55.82507564857143	15	1	0	0	0	0
2024-06-05 22:11:50	59.14083542857143	56.35621266	15	1	0	0	0	0
2024-06-05 22:12:00	59.868339903999995	57.72807102	15	1	0	0	0	0
2024-06-05 22:12:10	60.37844	58.7079874	15	1	0	0	0	0
2024-06-05 22:12:20	61.75071395142857	61.380883655714285	15	1	0	0	0	0
2024-06-05 22:12:30	60.604953889855075	59.296290328985506	15	1	0	0	0	0
2024-06-05 22:12:40	59.66675923661972	57.48828540845071	15	1	0	0	0	0
2024-06-05 22:12:50	60.13859749	58.34417069	15	1	0	0	0	0
2024-06-05 22:13:00	58.606482965000005	55.4272281	15	1	0	0	0	0
2024-06-05 22:13:10	58.777520814285715	55.67074254285714	15	1	0	0	0	0
2024-06-05 22:13:20	59.19309315	56.435588843333335	15	1	0	0	0	0
2024-06-05 22:13:30	59.04715144117647	56.163655629411764	15	1	0	0	0	0
2024-06-05 22:13:40	60.140424543209875	58.30552843703704	15	1	0	0	0	0
2024-06-05 22:13:50	60.45180820677966	58.94820193898305	15	1	0	0	0	0
2024-06-05 22:14:00	60.301280858823525	58.66925967647059	15	1	0	0	0	0
2024-06-05 22:14:10	60.301280858823525	58.66925967647059	15	1	0	0	0	0
2024-06-05 22:14:20	60.301280858823525	58.66925967647059	15	1	0	0	0	0
2024-06-05 22:14:30	60.301280858823525	58.66925967647059	15	1	0	0	0	0
2024-06-05 22:14:40	60.301280858823525	58.66925967647059	15	1	0	0	0	0
2024-06-05 22:14:50	60.301280858823525	58.66925967647059	15	1	0	0	0	0
2024-06-05 22:15:00	60.301280858823525	58.66925967647059	15	1	0	0	0	0
2024-06-05 22:15:10	60.01220168	58.06506392	15	1	0	0	0	0
2024-06-05 22:15:20	59.76865169855073	57.62935626811594	15	1	0	0	0	0
2024-06-05 22:15:30	58.40385320816326	55.0091648755102	15	1	0	0	0	0
2024-06-05 22:15:40	58.56823693	55.28025677	15	1	0	0	0	0
2024-06-05 22:15:50	59.39014968	56.8727687	15	1	0	0	0	0
2024-06-05 22:16:00	58.99773002352941	56.178373900000004	15	1	0	0	0	0
2024-06-05 22:16:10	60.143566802898555	58.267326671014494	15	1	0	0	0	0
2024-06-05 22:16:20	60.77980488979591	59.445353469387754	15	1	0	0	0	0
2024-06-05 22:16:30	60.557838170000004	59.01647874	15	1	0	0	0	0
2024-06-05 22:16:40	60.09921658857143	58.10671214857143	15	1	0	0	0	0
2024-06-05 22:16:50	59.79042243	57.51347921	15	1	0	0	0	0
2024-06-05 22:17:00	59.089896404	56.184150692	15	1	0	0	0	0
2024-06-05 22:17:10	60.87403627	59.56367864	15	1	0	0	0	0
2024-06-05 22:17:20	61.204508811428575	60.26321583714286	15	1	0	0	0	0
2024-06-05 22:17:30	59.764886482	57.594099299999996	15	1	0	0	0	0
2024-06-05 22:17:40	59.46296509275362	57.03132268550725	15	1	0	0	0	0
2024-06-05 22:17:50	59.02605992345679	56.21147507777778	15	1	0	0	0	0
2024-06-05 22:18:00	60.36113027333333	58.77005466666667	15	1	0	0	0	0
2024-06-05 22:18:10	59.515470025	57.273173664999995	15	1	0	0	0	0
2024-06-05 22:18:20	59.31464219795918	56.91404869795918	15	1	0	0	0	0
2024-06-05 22:18:30	59.8121048	57.8215728	15	1	0	0	0	0
2024-06-05 22:18:40	59.28704175428571	56.75560040571428	15	1	0	0	0	0
2024-06-05 22:18:50	59.22190712285714	56.56938152285714	15	1	0	0	0	0
2024-06-05 22:19:00	59.74717754	57.5328369	15	1	0	0	0	0
2024-06-05 22:19:10	59.74717754	57.5328369	15	1	0	0	0	0
2024-06-05 22:19:20	59.74717754	57.5328369	15	1	0	0	0	0
2024-06-05 22:19:30	59.74717754	57.5328369	15	1	0	0	0	0
2024-06-05 22:19:40	59.74717754	57.5328369	15	1	0	0	0	0
2024-06-05 22:19:50	59.74717754	57.5328369	15	1	0	0	0	0
2024-06-05 22:20:00	59.74717754	57.5328369	15	1	0	0	0	0
2024-06-05 22:20:10	58.633641517142856	55.64465322	15	1	0	0	0	0
2024-06-05 22:20:20	59.182486816	56.602556464	15	1	0	0	0	0
2024-06-05 22:20:30	60.14355139661017	58.43632955762712	15	1	0	0	0	0
2024-06-05 22:20:40	59.27544275	56.8728925525	15	1	0	0	0	0
2024-06-05 22:20:50	59.304117428169015	56.91653286056338	15	1	0	0	0	0
2024-06-05 22:21:00	59.50711150222222	57.23606131777778	15	1	0	0	0	0
2024-06-05 22:21:10	58.743828096	55.742419292	15	1	0	0	0	0
2024-06-05 22:21:20	58.798511583098595	55.76406048028169	15	1	0	0	0	0
2024-06-05 22:21:30	58.435228421951216	55.06276369512195	15	1	0	0	0	0
2024-06-05 22:21:40	59.558549379545454	57.183312859090904	15	1	0	0	0	0
2024-06-05 22:21:50	59.595910705617975	57.38226102022472	15	1	0	0	0	0
2024-06-05 22:22:00	59.300463397142856	56.910934825714286	15	1	0	0	0	0
2024-06-05 22:22:10	59.131921885	56.662757500000005	15	1	0	0	0	0
2024-06-05 22:22:20	60.58708906885246	59.453776085245906	15	1	0	0	0	0
2024-06-05 22:22:30	60.99613323529412	60.315325960784314	15	1	0	0	0	0
2024-06-05 22:22:40	60.069667692307696	58.61089533076923	15	1	0	0	0	0
2024-06-05 22:22:50	61.13299137435897	60.61470834871795	15	1	0	0	0	0
2024-06-05 22:23:00	60.86165367088608	60.0612835443038	15	1	0	0	0	0
2024-06-05 22:23:10	61.92663283950617	62.01283881728395	15	1	0	0	0	0
2024-06-05 22:23:20	62.40396205254237	62.93509825084746	15	1	0	0	0	0
2024-06-05 22:23:30	60.037230990243906	58.49812347560976	15	1	0	0	0	0
2024-06-05 22:23:40	60.99573837457627	60.1657830220339	15	1	0	0	0	0
2024-06-05 22:23:50	61.57061942	61.144684500000004	15	1	0	0	0	0
2024-06-05 22:24:00	61.57061942	61.144684500000004	15	1	0	0	0	0
2024-06-05 22:24:10	61.57061942	61.144684500000004	15	1	0	0	0	0
2024-06-05 22:24:20	61.57061942	61.144684500000004	15	1	0	0	0	0
2024-06-05 22:24:30	61.57061942	61.144684500000004	15	1	0	0	0	0
2024-06-05 22:24:40	61.57061942	61.144684500000004	15	1	0	0	0	0
2024-06-05 22:24:50	61.57061942	61.144684500000004	15	1	0	0	0	0
2024-06-05 22:25:00	61.57061942	61.144684500000004	15	1	0	0	0	0
2024-06-05 22:25:10	59.918635421666664	58.051155378333334	15	1	0	0	0	0
2024-06-05 22:25:20	60.3943492125	58.975882125	15	1	0	0	0	0
2024-06-05 22:25:30	60.242895643902436	58.684844597560975	15	1	0	0	0	0
2024-06-05 22:25:40	60.5484	59.174674298	15	1	0	0	0	0
2024-06-05 22:25:50	58.615856	55.46973912	15	1	0	0	0	0
2024-06-05 22:26:00	60.780456811594206	59.53290233188406	15	1	0	0	0	0
2024-06-05 22:26:10	61.523273589999995	61.049455595	15	1	0	0	0	0
2024-06-05 22:26:20	59.955931919753084	58.152176258024696	15	1	0	0	0	0
2024-06-05 22:26:30	59.68095180338983	57.582861659322035	15	1	0	0	0	0
2024-06-05 22:26:40	59.56962443921569	57.25130981568628	15	1	0	0	0	0
2024-06-05 22:26:50	59.21238358032787	56.530765121311475	15	1	0	0	0	0
2024-06-05 22:27:00	60.42282637714286	58.79602021714285	15	1	0	0	0	0
2024-06-05 22:27:10	59.19376208	56.553947457142854	15	1	0	0	0	0
2024-06-05 22:27:20	59.78126835362318	57.638286289855074	15	1	0	0	0	0
2024-06-05 22:27:30	61.054717648	60.131691516000004	15	1	0	0	0	0
2024-06-05 22:27:40	62.12646684482758	62.29581871724138	15	1	0	0	0	0
2024-06-05 22:27:50	60.586620832	59.5425461	15	1	0	0	0	0
2024-06-05 22:28:00	59.99505253793104	58.37558609655173	15	1	0	0	0	0
2024-06-05 22:28:10	59.502859365	57.376554	15	1	0	0	0	0
2024-06-05 22:28:20	59.75159416666667	57.78081463768116	15	1	0	0	0	0
2024-06-05 22:28:30	59.60345972222222	57.5050454962963	15	1	0	0	0	0
2024-06-05 22:28:40	59.76690228813559	57.83491103050847	15	1	0	0	0	0
2024-06-05 22:28:50	58.81660697428571	56.03147526857143	15	1	0	0	0	0
2024-06-05 22:29:00	59.782479748	57.8104092	15	1	0	0	0	0
2024-06-05 22:29:10	59.782479748	57.8104092	15	1	0	0	0	0
2024-06-05 22:29:20	59.782479748	57.8104092	15	1	0	0	0	0
2024-06-05 22:29:30	59.782479748	57.8104092	15	1	0	0	0	0
2024-06-05 22:29:40	59.782479748	57.8104092	15	1	0	0	0	0
2024-06-05 22:29:50	59.782479748	57.8104092	15	1	0	0	0	0
2024-06-05 22:30:00	59.782479748	57.8104092	15	1	0	0	0	0
2024-06-05 22:30:10	60.519654571428575	59.329602	15	1	0	0	0	0
2024-06-05 22:30:20	60.185178309859154	58.750648246478875	15	1	0	0	0	0
2024-06-05 22:30:30	60.09369100379747	58.66825167088608	15	1	0	0	0	0
2024-06-05 22:30:40	59.99508447627119	58.542876374576274	15	1	0	0	0	0
2024-06-05 22:30:50	59.214135822857145	57.11087310285714	15	1	0	0	0	0
2024-06-05 22:31:00	60.633416	59.873559029999996	15	1	0	0	0	0
2024-06-05 22:31:10	59.315278285714285	57.47673310857143	15	1	0	0	0	0
2024-06-05 22:31:20	58.75974903	56.423317635000004	15	1	0	0	0	0
2024-06-05 22:31:30	59.01047648	56.85599216	15	1	0	0	0	0
2024-06-05 22:31:40	59.08630242666667	57.02438406666667	15	1	0	0	0	0
2024-06-05 22:31:50	60.15641322285715	59.104194508571425	15	1	0	0	0	0
2024-06-05 22:32:00	58.57657294117647	56.15477080588236	15	1	0	0	0	0
2024-06-05 22:32:10	59.7502083	58.28344697826087	15	1	0	0	0	0
2024-06-05 22:32:20	59.391455365714286	57.55049200857143	15	1	0	0	0	0
2024-06-05 22:32:30	58.95218360655738	56.687777049180326	15	1	0	0	0	0
2024-06-05 22:32:40	58.56864939285715	55.92333842857143	15	1	0	0	0	0
2024-06-05 22:32:50	59.52992506329114	57.69164141898734	15	1	0	0	0	0
2024-06-05 22:33:00	58.263383919999995	55.279809840000006	15	1	0	0	0	0
2024-06-05 22:33:10	59.908345176	58.393421784000004	15	1	0	0	0	0
2024-06-05 22:33:20	59.857743446376816	58.391955947826084	15	1	0	0	0	0
2024-06-05 22:33:30	59.302090864	57.378147139999996	15	1	0	0	0	0
2024-06-05 22:33:40	58.99512712	56.759266591999996	15	1	0	0	0	0
2024-06-05 22:33:50	60.38266746478873	59.40230227605634	15	1	0	0	0	0
2024-06-05 22:34:00	60.19184616	59.15875154	15	1	0	0	0	0
2024-06-05 22:34:10	60.19184616	59.15875154	15	1	0	0	0	0
2024-06-05 22:34:20	60.19184616	59.15875154	15	1	0	0	0	0
2024-06-05 22:34:30	60.19184616	59.15875154	15	1	0	0	0	0
2024-06-05 22:34:40	60.19184616	59.15875154	15	1	0	0	0	0
2024-06-05 22:34:50	60.19184616	59.15875154	15	1	0	0	0	0
2024-06-05 22:35:00	60.19184616	59.15875154	15	1	0	0	0	0
2024-06-05 22:35:10	59.22116932592593	57.359215533333334	15	1	0	0	0	0
2024-06-05 22:35:20	60.31595818	59.447571124999996	15	1	0	0	0	0
2024-06-05 22:35:30	61.272986792000005	61.337404848000006	15	1	0	0	0	0
2024-06-05 22:35:40	60.632903152112675	60.14761463098591	15	1	0	0	0	0
2024-06-05 22:35:50	61.24623384	61.32227066666667	15	1	0	0	0	0
2024-06-05 22:36:00	59.892892880000005	58.757424672000006	15	1	0	0	0	0
2024-06-05 22:36:10	60.80794885245901	60.37949750819672	15	1	0	0	0	0
2024-06-05 22:36:20	60.466279	59.7071679	15	1	0	0	0	0
2024-06-05 22:36:30	60.01929542857143	58.87223812571429	15	1	0	0	0	0
2024-06-05 22:36:40	59.07024349	57.0238477025	15	1	0	0	0	0
2024-06-05 22:36:50	58.591844056	55.966468928	15	1	0	0	0	0
2024-06-05 22:37:00	58.393909300000004	55.555321944	15	1	0	0	0	0
2024-06-05 22:37:10	60.040807968421056	58.67448396842105	15	1	0	0	0	0
2024-06-05 22:37:20	59.04085687333333	56.8576044	15	1	0	0	0	0
2024-06-05 22:37:30	59.501926848000004	57.7564884	15	1	0	0	0	0
2024-06-05 22:37:40	59.42508154074074	57.613066750617286	15	1	0	0	0	0
2024-06-05 22:37:50	59.19903645254237	57.15880995254237	15	1	0	0	0	0
2024-06-05 22:38:00	59.583578496	57.830178888	15	1	0	0	0	0
2024-06-05 22:38:10	60.545186440677966	59.63837357118644	15	1	0	0	0	0
2024-06-05 22:38:20	60.33501448979592	59.25626873469388	15	1	0	0	0	0
2024-06-05 22:38:30	60.6692480345679	59.862935703703705	15	1	0	0	0	0
2024-06-05 22:38:40	59.89257827848101	58.391894793670886	15	1	0	0	0	0
2024-06-05 22:38:50	59.05505512195122	56.81482467804878	15	1	0	0	0	0
2024-06-05 22:39:00	59.05505512195122	56.81482467804878	15	1	0	0	0	0
2024-06-05 22:39:10	59.05505512195122	56.81482467804878	15	1	0	0	0	0
2024-06-05 22:39:20	59.05505512195122	56.81482467804878	15	1	0	0	0	0
2024-06-05 22:39:30	59.05505512195122	56.81482467804878	15	1	0	0	0	0
2024-06-05 22:39:40	59.05505512195122	56.81482467804878	15	1	0	0	0	0
2024-06-05 22:39:50	59.05505512195122	56.81482467804878	15	1	0	0	0	0
2024-06-05 22:40:00	59.05505512195122	56.81482467804878	15	1	0	0	0	0
2024-06-05 22:40:10	59.8237908	58.63167576	15	1	0	0	0	0
2024-06-05 22:40:20	60.04987134634146	59.14215349268293	15	1	0	0	0	0
2024-06-05 22:40:30	59.66375063414634	58.49908401463415	15	1	0	0	0	0
2024-06-05 22:40:40	59.75838172173913	58.731964930434785	15	1	0	0	0	0
2024-06-05 22:40:50	60.67776268695653	60.514434414492754	15	1	0	0	0	0
2024-06-05 22:41:00	60.50130905882353	60.13670588235294	15	1	0	0	0	0
2024-06-05 22:41:10	59.58414421518987	58.30809881898734	15	1	0	0	0	0
2024-06-05 22:41:20	59.77995923428571	58.57870761142858	15	1	0	0	0	0
2024-06-05 22:41:30	61.80441082	62.363021548	15	1	0	0	0	0
2024-06-05 22:41:40	61.640622371014494	62.0881437057971	15	1	0	0	0	0
2024-06-05 22:41:50	59.266023805	57.54087777	15	1	0	0	0	0
2024-06-05 22:42:00	59.63717348	58.071851933333335	15	1	0	0	0	0
2024-06-05 22:42:10	58.66789037	56.121158630000004	15	1	0	0	0	0
2024-06-05 22:42:20	60.9575209375	60.347716362499995	15	1	0	0	0	0
2024-06-05 22:42:30	61.800721248	61.925545328	15	1	0	0	0	0
2024-06-05 22:42:40	60.76225666857143	59.958687142857144	15	1	0	0	0	0
2024-06-05 22:42:50	62.10910424571429	62.45863962	15	1	0	0	0	0
2024-06-05 22:43:00	60.85274204050633	60.0137747	15	1	0	0	0	0
2024-06-05 22:43:10	60.61387103098591	59.449292873239436	15	1	0	0	0	0
2024-06-05 22:43:20	60.32659663770492	58.859897586885246	15	1	0	0	0	0
2024-06-05 22:43:30	60.13393900487805	58.43321332682927	15	1	0	0	0	0
2024-06-05 22:43:40	60.90054692911392	59.89423973670886	15	1	0	0	0	0
2024-06-05 22:43:50	61.09332749	60.32644248	15	1	0	0	0	0
2024-06-05 22:44:00	60.348422	59.02992098	15	1	0	0	0	0
2024-06-05 22:44:10	60.348422	59.02992098	15	1	0	0	0	0
2024-06-05 22:44:20	60.348422	59.02992098	15	1	0	0	0	0
2024-06-05 22:44:30	60.348422	59.02992098	15	1	0	0	0	0
2024-06-05 22:44:40	60.348422	59.02992098	15	1	0	0	0	0
2024-06-05 22:44:50	60.348422	59.02992098	15	1	0	0	0	0
2024-06-05 22:45:00	60.348422	59.02992098	15	1	0	0	0	0
2024-06-05 22:45:10	60.897775779999996	60.167510826666664	15	1	0	0	0	0
2024-06-05 22:45:20	61.905641312	62.133827264000004	15	1	0	0	0	0
2024-06-05 22:45:30	62.184289130434784	62.65565971304348	15	1	0	0	0	0
2024-06-05 22:45:40	61.3668015	61.077063998	15	1	0	0	0	0
2024-06-05 22:45:50	63.33620974683544	64.7418903113924	15	1	0	0	0	0
2024-06-05 22:46:00	61.19740515714286	60.58702709714286	15	1	0	0	0	0
2024-06-05 22:46:10	61.906181840740736	61.7810263308642	15	1	0	0	0	0
2024-06-05 22:46:20	62.34353100169491	62.54681397288136	15	1	0	0	0	0
2024-06-05 22:46:30	62.4123632	62.719364608	15	1	0	0	0	0
2024-06-05 22:46:40	61.745247444897956	61.400102424489795	15	1	0	0	0	0
2024-06-05 22:46:50	60.732860710000004	59.46789609	15	1	0	0	0	0
2024-06-05 22:47:00	59.9545423475	57.886051255	15	1	0	0	0	0
2024-06-05 22:47:10	61.34170575	60.5018605525	15	1	0	0	0	0
2024-06-05 22:47:20	61.38090263	60.721175530000004	15	1	0	0	0	0
2024-06-05 22:47:30	61.39885206666666	60.856410600000004	15	1	0	0	0	0
2024-06-05 22:47:40	60.13680018181818	58.57182999636364	15	1	0	0	0	0
2024-06-05 22:47:50	60.021273199999996	58.365030082352945	15	1	0	0	0	0
2024-06-05 22:48:00	60.434778983544305	59.16464	15	1	0	0	0	0
2024-06-05 22:48:10	61.112387625714284	60.43248347428572	15	1	0	0	0	0
2024-06-05 22:48:20	61.37869764	60.966263426666664	15	1	0	0	0	0
2024-06-05 22:48:30	61.05671170285714	60.4317021	15	1	0	0	0	0
2024-06-05 22:48:40	61.319241816	60.8836096	15	1	0	0	0	0
2024-06-05 22:48:50	61.6316308779661	61.40003403728814	15	1	0	0	0	0
2024-06-05 22:49:00	61.30558093714286	60.7107581	15	1	0	0	0	0
2024-06-05 22:49:10	61.30558093714286	60.7107581	15	1	0	0	0	0
2024-06-05 22:49:20	61.30558093714286	60.7107581	15	1	0	0	0	0
2024-06-05 22:49:30	61.30558093714286	60.7107581	15	1	0	0	0	0
2024-06-05 22:49:40	61.30558093714286	60.7107581	15	1	0	0	0	0
2024-06-05 22:49:50	61.30558093714286	60.7107581	15	1	0	0	0	0
2024-06-05 22:50:00	61.30558093714286	60.7107581	15	1	0	0	0	0
2024-06-05 22:50:10	62.02797071714286	61.781290305714286	15	1	0	0	0	0
2024-06-05 22:50:20	60.48003657857143	58.819870945714285	15	1	0	0	0	0
2024-06-05 22:50:30	61.19021669333333	60.073796075	15	1	0	0	0	0
2024-06-05 22:50:40	60.292414428	58.357238	15	1	0	0	0	0
2024-06-05 22:50:50	59.74392795593221	57.238768461016946	15	1	0	0	0	0
2024-06-05 22:51:00	59.11862976956522	55.9628215942029	15	1	0	0	0	0
2024-06-05 22:51:10	61.02521308591549	59.53451294084507	15	1	0	0	0	0
2024-06-05 22:51:20	61.024909812162164	59.56393995405405	15	1	0	0	0	0
2024-06-05 22:51:30	60.648047632608694	58.80147411304348	15	1	0	0	0	0
2024-06-05 22:51:40	60.007704090000004	57.439346834	15	1	0	0	0	0
2024-06-05 22:51:50	60.39897716666667	58.15698085333333	15	1	0	0	0	0
2024-06-05 22:52:00	60.60405607142857	58.57735930204082	15	1	0	0	0	0
2024-06-05 22:52:10	60.19473372409639	57.867240385542175	15	1	0	0	0	0
2024-06-05 22:52:20	60.4181431113924	58.3668548	15	1	0	0	0	0
2024-06-05 22:52:30	60.40502816	58.40968676	15	1	0	0	0	0
2024-06-05 22:52:40	60.051128739999996	57.78687308	15	1	0	0	0	0
2024-06-05 22:52:50	61.065452754285715	59.74475033142857	15	1	0	0	0	0
2024-06-05 22:53:00	60.697039563414634	59.116602863414634	15	1	0	0	0	0
2024-06-05 22:53:10	60.169589	58.069326	15	1	0	0	0	0
2024-06-05 22:53:20	60.94498857142857	59.43862085714286	15	1	0	0	0	0
2024-06-05 22:53:30	60.49049827755102	58.607321224489795	15	1	0	0	0	0
2024-06-05 22:53:40	61.02931508405797	59.609108695652175	15	1	0	0	0	0
2024-06-05 22:53:50	60.317406	58.242092	15	1	0	0	0	0
2024-06-05 22:54:00	60.264064321951224	58.00346286341463	15	1	0	0	0	0
2024-06-05 22:54:10	60.264064321951224	58.00346286341463	15	1	0	0	0	0
2024-06-05 22:54:20	60.264064321951224	58.00346286341463	15	1	0	0	0	0
2024-06-05 22:54:30	60.264064321951224	58.00346286341463	15	1	0	0	0	0
2024-06-05 22:54:40	60.264064321951224	58.00346286341463	15	1	0	0	0	0
2024-06-05 22:54:50	60.264064321951224	58.00346286341463	15	1	0	0	0	0
2024-06-05 22:55:00	60.264064321951224	58.00346286341463	15	1	0	0	0	0
2024-06-05 22:55:10	60.813184923076925	59.37988019230769	15	1	0	0	0	0
2024-06-05 22:55:20	59.72684811267606	57.41136518309859	15	1	0	0	0	0
2024-06-05 22:55:30	60.04859766101695	58.038579661016946	15	1	0	0	0	0
2024-06-05 22:55:40	59.743181768	57.473413988000004	15	1	0	0	0	0
2024-06-05 22:55:50	59.001638977464786	56.11379795352113	15	1	0	0	0	0
2024-06-05 22:56:00	61.43632915294118	60.72862821176471	15	1	0	0	0	0
2024-06-05 22:56:10	60.57535439661017	59.14997499661017	15	1	0	0	0	0
2024-06-05 22:56:20	60.556439777142856	59.01895670857142	15	1	0	0	0	0
2024-06-05 22:56:30	59.14015423833333	56.24227526	15	1	0	0	0	0
2024-06-05 22:56:40	59.05718341267605	55.977850540845075	15	1	0	0	0	0
2024-06-05 22:56:50	59.45884284	56.691514	15	1	0	0	0	0
2024-06-05 22:57:00	59.4458148	56.693781308000005	15	1	0	0	0	0
2024-06-05 22:57:10	59.533735170967745	56.91785783548387	15	1	0	0	0	0
2024-06-05 22:57:20	59.236600714285714	56.40949523571429	15	1	0	0	0	0
2024-06-05 22:57:30	59.205304147058825	56.323881011764705	15	1	0	0	0	0
2024-06-05 22:57:40	59.24499460759494	56.38092751772152	15	1	0	0	0	0
2024-06-05 22:57:50	59.91704843428572	57.625873768571424	15	1	0	0	0	0
2024-06-05 22:58:00	60.98333629803921	59.660679488235296	15	1	0	0	0	0
2024-06-05 22:58:10	58.861284285714284	55.71367979591837	15	1	0	0	0	0
2024-06-05 22:58:20	58.40596510857143	54.790919665714284	15	1	0	0	0	0
2024-06-05 22:58:30	59.160391652173914	56.12682217391304	15	1	0	0	0	0
2024-06-05 22:58:40	58.64012667	55.08504897555556	15	1	0	0	0	0
2024-06-05 22:58:50	59.195206115	56.060744299999996	15	1	0	0	0	0
2024-06-05 22:59:00	59.409472	56.443024386	15	1	0	0	0	0
2024-06-05 22:59:10	59.409472	56.443024386	15	1	0	0	0	0
2024-06-05 22:59:20	59.409472	56.443024386	15	1	0	0	0	0
2024-06-05 22:59:30	59.409472	56.443024386	15	1	0	0	0	0
2024-06-05 22:59:40	59.409472	56.443024386	15	1	0	0	0	0
2024-06-05 22:59:50	59.409472	56.443024386	15	1	0	0	0	0
2024-06-05 23:00:00	59.409472	56.443024386	15	1	0	0	0	0
2024-06-05 23:00:10	59.96610902333333	57.27007109333333	15	1	0	0	0	0
2024-06-05 23:00:20	61.124082355999995	59.541614356	15	1	0	0	0	0
2024-06-05 23:00:30	61.27688944225352	59.90146126760563	15	1	0	0	0	0
2024-06-05 23:00:40	60.801400752	59.0426812	15	1	0	0	0	0
2024-06-05 23:00:50	58.956974494382024	55.46762856741573	15	1	0	0	0	0
2024-06-05 23:01:00	59.727390434444445	56.75198093111111	15	1	0	0	0	0
2024-06-05 23:01:10	59.57524457142857	56.40007128714286	15	1	0	0	0	0
2024-06-05 23:01:20	60.06857820983607	57.25951183606558	15	1	0	0	0	0
2024-06-05 23:01:30	60.49639767058823	58.06410235294118	15	1	0	0	0	0
2024-06-05 23:01:40	61.29500233624999	59.68021586625	15	1	0	0	0	0
2024-06-05 23:01:50	59.828070085	57.04551971	15	1	0	0	0	0
2024-06-05 23:02:00	59.52915176470588	56.4712997372549	15	1	0	0	0	0
2024-06-05 23:02:10	59.47418835443038	56.36738229620253	15	1	0	0	0	0
2024-06-05 23:02:20	59.34100518	56.10094333	15	1	0	0	0	0
2024-06-05 23:02:30	59.30280087	55.92283131	15	1	0	0	0	0
2024-06-05 23:02:40	60.18330901960785	57.50777034313725	15	1	0	0	0	0
2024-06-05 23:02:50	58.909351089705886	55.09069469852941	15	1	0	0	0	0
2024-06-05 23:03:00	59.949295310000004	57.07214123	15	1	0	0	0	0
2024-06-05 23:03:10	59.348171024	56.047130986	15	1	0	0	0	0
2024-06-05 23:03:20	59.066590682352945	55.604425547058824	15	1	0	0	0	0
2024-06-05 23:03:30	58.85132171666667	55.101428750000004	15	1	0	0	0	0
2024-06-05 23:03:40	60.26897223333333	57.64291477333334	15	1	0	0	0	0
2024-06-05 23:03:50	59.70952464927536	56.529270313043476	15	1	0	0	0	0
2024-06-05 23:04:00	57.42933919672131	52.16105190163935	15	1	0	0	0	0
2024-06-05 23:04:10	57.42933919672131	52.16105190163935	15	1	0	0	0	0
2024-06-05 23:04:20	57.42933919672131	52.16105190163935	15	1	0	0	0	0
2024-06-05 23:04:30	57.42933919672131	52.16105190163935	15	1	0	0	0	0
2024-06-05 23:04:40	57.42933919672131	52.16105190163935	15	1	0	0	0	0
2024-06-05 23:04:50	57.42933919672131	52.16105190163935	15	1	0	0	0	0
2024-06-05 23:05:00	57.42933919672131	52.16105190163935	15	1	0	0	0	0
2024-06-05 23:05:10	59.545297181967214	56.26411655737705	15	1	0	0	0	0
2024-06-05 23:05:20	58.445733256666664	54.16549682666667	15	1	0	0	0	0
2024-06-05 23:05:30	58.57435687857143	54.37184868333333	15	1	0	0	0	0
2024-06-05 23:05:40	59.00951333375	55.194737591250004	15	1	0	0	0	0
2024-06-05 23:05:50	59.93158943661972	56.942263632394365	15	1	0	0	0	0
2024-06-05 23:06:00	59.405733670000004	56.01101686	15	1	0	0	0	0
2024-06-05 23:06:10	59.798617966101695	56.77832152542373	15	1	0	0	0	0
2024-06-05 23:06:20	58.9304476	55.111144072	15	1	0	0	0	0
2024-06-05 23:06:30	59.38741420289855	55.886773949275366	15	1	0	0	0	0
2024-06-05 23:06:40	58.781036453750005	54.65296864375	15	1	0	0	0	0
2024-06-05 23:06:50	60.25137476619718	57.306115928169014	15	1	0	0	0	0
2024-06-05 23:07:00	60.14999616	57.113445885000004	15	1	0	0	0	0
2024-06-05 23:07:10	60.75823106478873	58.264042374647886	15	1	0	0	0	0
2024-06-05 23:07:20	60.34714419333333	57.560657748333334	15	1	0	0	0	0
2024-06-05 23:07:30	60.89086194761905	58.67238785238095	15	1	0	0	0	0
2024-06-05 23:07:40	59.532553696	56.176439568	15	1	0	0	0	0
2024-06-05 23:07:50	59.331122828000005	55.753618788	15	1	0	0	0	0
2024-06-05 23:08:00	59.01559704918033	55.16723547540984	15	1	0	0	0	0
2024-06-05 23:08:10	59.379918618000005	55.854695344	15	1	0	0	0	0
2024-06-05 23:08:20	59.139991513333335	55.43921835333333	15	1	0	0	0	0
2024-06-05 23:08:30	58.466069545	54.200528150000004	15	1	0	0	0	0
2024-06-05 23:08:40	58.257192864000004	53.792994112	15	1	0	0	0	0
2024-06-05 23:08:50	60.54080817752809	58.12839559662921	15	1	0	0	0	0
2024-06-05 23:09:00	58.63495280379747	54.58964932151898	15	1	0	0	0	0
2024-06-05 23:09:10	58.63495280379747	54.58964932151898	15	1	0	0	0	0
2024-06-05 23:09:20	58.63495280379747	54.58964932151898	15	1	0	0	0	0
2024-06-05 23:09:30	58.63495280379747	54.58964932151898	15	1	0	0	0	0
2024-06-05 23:09:40	58.63495280379747	54.58964932151898	15	1	0	0	0	0
2024-06-05 23:09:50	58.63495280379747	54.58964932151898	15	1	0	0	0	0
2024-06-05 23:10:00	58.63495280379747	54.58964932151898	15	1	0	0	0	0
2024-06-05 23:10:10	59.9014208	56.8130126	15	1	0	0	0	0
2024-06-05 23:10:20	59.71440408163265	56.61188615510204	15	1	0	0	0	0
2024-06-05 23:10:30	57.95206813	53.418988060000004	15	1	0	0	0	0
2024-06-05 23:10:40	59.589034294	56.437923878	15	1	0	0	0	0
2024-06-05 23:10:50	58.243981374074075	53.87903925925926	15	1	0	0	0	0
2024-06-05 23:11:00	58.68331566521739	54.679760985507244	15	1	0	0	0	0
2024-06-05 23:11:10	59.194868623188405	55.67596816521739	15	1	0	0	0	0
2024-06-05 23:11:20	58.27622603571429	54.00198704428571	15	1	0	0	0	0
2024-06-05 23:11:30	58.824571876190475	55.06827600952381	15	1	0	0	0	0
2024-06-05 23:11:40	58.9007236	55.308781136	15	1	0	0	0	0
2024-06-05 23:11:50	59.513102520000004	56.599725193999994	15	1	0	0	0	0
2024-06-05 23:12:00	58.80650234074074	55.34705068518519	15	1	0	0	0	0
2024-06-05 23:12:10	59.22668438983051	56.071720449152544	15	1	0	0	0	0
2024-06-05 23:12:20	59.27653885	56.06367032	15	1	0	0	0	0
2024-06-05 23:12:30	59.774751071666664	56.947169915	15	1	0	0	0	0
2024-06-05 23:12:40	60.58456722033898	58.51376271186441	15	1	0	0	0	0
2024-06-05 23:12:50	58.98897687142857	55.487507754285716	15	1	0	0	0	0
2024-06-05 23:13:00	58.89274349857143	55.31939511714286	15	1	0	0	0	0
2024-06-05 23:13:10	59.04748323943662	55.67161793661972	15	1	0	0	0	0
2024-06-05 23:13:20	58.42853315633803	54.52427312394366	15	1	0	0	0	0
2024-06-05 23:13:30	59.19853836097561	55.90933926829268	15	1	0	0	0	0
2024-06-05 23:13:40	58.85853855652174	55.22561250434782	15	1	0	0	0	0
2024-06-05 23:13:50	58.611797517999996	54.807663956	15	1	0	0	0	0
2024-06-05 23:14:00	59.87994022405063	57.26857037974683	15	1	0	0	0	0
2024-06-05 23:14:10	59.87994022405063	57.26857037974683	15	1	0	0	0	0
2024-06-05 23:14:20	59.87994022405063	57.26857037974683	15	1	0	0	0	0
2024-06-05 23:14:30	59.87994022405063	57.26857037974683	15	1	0	0	0	0
2024-06-05 23:14:40	59.87994022405063	57.26857037974683	15	1	0	0	0	0
2024-06-05 23:14:50	59.87994022405063	57.26857037974683	15	1	0	0	0	0
2024-06-05 23:15:00	59.87994022405063	57.26857037974683	15	1	0	0	0	0
2024-06-05 23:15:10	59.51079784375	56.5736725175	15	1	0	0	0	0
2024-06-05 23:15:20	59.59150497746479	56.828586056338025	15	1	0	0	0	0
2024-06-05 23:15:30	59.9837987	57.62019730714286	15	1	0	0	0	0
2024-06-05 23:15:40	59.89450373157894	57.41058578245614	15	1	0	0	0	0
2024-06-05 23:15:50	60.040801	57.73925958	15	1	0	0	0	0
2024-06-05 23:16:00	60.082694	57.856203496	15	1	0	0	0	0
2024-06-05 23:16:10	58.10011182753623	54.08916725942029	15	1	0	0	0	0
2024-06-05 23:16:20	60.553462845901635	58.583692786885244	15	1	0	0	0	0
2024-06-05 23:16:30	60.089329	57.731080445	15	1	0	0	0	0
2024-06-05 23:16:40	59.3189956	56.300135804	15	1	0	0	0	0
2024-06-05 23:16:50	58.40594025573771	54.53676208688525	15	1	0	0	0	0
2024-06-05 23:17:00	59.33860204827587	56.18858172413793	15	1	0	0	0	0
2024-06-05 23:17:10	60.04076672	57.439796935714284	15	1	0	0	0	0
2024-06-05 23:17:20	59.043090085915495	55.546109349295776	15	1	0	0	0	0
2024-06-05 23:17:30	58.946859357142856	55.31051857142857	15	1	0	0	0	0
2024-06-05 23:17:40	59.0076934	55.410840975999996	15	1	0	0	0	0
2024-06-05 23:17:50	59.960762958	57.225053456	15	1	0	0	0	0
2024-06-05 23:18:00	58.50089377	54.455323975	15	1	0	0	0	0
2024-06-05 23:18:10	58.593843619672136	54.602458831147544	15	1	0	0	0	0
2024-06-05 23:18:20	58.81380577142858	54.95778057142857	15	1	0	0	0	0
2024-06-05 23:18:30	59.10702382608696	55.481439826086955	15	1	0	0	0	0
2024-06-05 23:18:40	57.712475582857145	52.87650493857143	15	1	0	0	0	0
2024-06-05 23:18:50	58.407448585	54.26042268	15	1	0	0	0	0
2024-06-05 23:19:00	58.8995537	55.225492872000004	15	1	0	0	0	0
2024-06-05 23:19:10	58.8995537	55.225492872000004	15	1	0	0	0	0
2024-06-05 23:19:20	58.8995537	55.225492872000004	15	1	0	0	0	0
2024-06-05 23:19:30	58.8995537	55.225492872000004	15	1	0	0	0	0
2024-06-05 23:19:40	58.8995537	55.225492872000004	15	1	0	0	0	0
2024-06-05 23:19:50	58.8995537	55.225492872000004	15	1	0	0	0	0
2024-06-05 23:20:00	58.8995537	55.225492872000004	15	1	0	0	0	0
2024-06-05 23:20:10	59.486824424	56.493245368000004	15	1	0	0	0	0
2024-06-05 23:20:20	58.563300008571424	54.73451728571429	15	1	0	0	0	0
2024-06-05 23:20:30	58.794414125555555	55.16307340777778	15	1	0	0	0	0
2024-06-05 23:20:40	58.88580843768116	55.35139927536232	15	1	0	0	0	0
2024-06-05 23:20:50	58.42017244	54.4782205	15	1	0	0	0	0
2024-06-05 23:21:00	59.36967132	56.231372232	15	1	0	0	0	0
2024-06-05 23:21:10	59.47564782	56.47888261	15	1	0	0	0	0
2024-06-05 23:21:20	58.32510258857143	54.303163655714286	15	1	0	0	0	0
2024-06-05 23:21:30	58.371146656	54.367502884000004	15	1	0	0	0	0
2024-06-05 23:21:40	58.87787155428572	55.35694505428572	15	1	0	0	0	0
2024-06-05 23:21:50	58.42913038857143	54.53133200285714	15	1	0	0	0	0
2024-06-05 23:22:00	58.55469803921569	54.81599917647059	15	1	0	0	0	0
2024-06-05 23:22:10	59.759373103448276	57.14785705862069	15	1	0	0	0	0
2024-06-05 23:22:20	59.56519888695652	56.88578434782609	15	1	0	0	0	0
2024-06-05 23:22:30	59.70437313428572	57.195045428571426	15	1	0	0	0	0
2024-06-05 23:22:40	60.21426607714286	58.17380732	15	1	0	0	0	0
2024-06-05 23:22:50	59.791734885714284	57.36899728	15	1	0	0	0	0
2024-06-05 23:23:00	59.62578404146341	57.03274389268292	15	1	0	0	0	0
2024-06-05 23:23:10	59.39786747	56.62368996666667	15	1	0	0	0	0
2024-06-05 23:23:20	59.640246043333335	57.126808585	15	1	0	0	0	0
2024-06-05 23:23:30	58.501902787999995	54.995435293999996	15	1	0	0	0	0
2024-06-05 23:23:40	58.58899392898551	55.184215217391305	15	1	0	0	0	0
2024-06-05 23:23:50	58.95840940875	55.974547371250004	15	1	0	0	0	0
2024-06-05 23:24:00	59.031150159999996	56.189088648	15	1	0	0	0	0
2024-06-05 23:24:10	59.031150159999996	56.189088648	15	1	0	0	0	0
2024-06-05 23:24:20	59.031150159999996	56.189088648	15	1	0	0	0	0
2024-06-05 23:24:30	59.031150159999996	56.189088648	15	1	0	0	0	0
2024-06-05 23:24:40	59.031150159999996	56.189088648	15	1	0	0	0	0
2024-06-05 23:24:50	59.031150159999996	56.189088648	15	1	0	0	0	0
2024-06-05 23:25:00	59.031150159999996	56.189088648	15	1	0	0	0	0
2024-06-05 23:25:10	59.03870240166666	56.191047499999996	15	1	0	0	0	0
2024-06-05 23:25:20	58.640987766	55.470587384000005	15	1	0	0	0	0
2024-06-05 23:25:30	58.98429071458333	56.107320385416664	15	1	0	0	0	0
2024-06-05 23:25:40	58.8825564278481	55.933414925316455	15	1	0	0	0	0
2024-06-05 23:25:50	58.88030469142857	55.91949158571428	15	1	0	0	0	0
2024-06-05 23:26:00	60.167022275409835	58.3273123409836	15	1	0	0	0	0
2024-06-05 23:26:10	58.719185714285715	55.59923800204081	15	1	0	0	0	0
2024-06-05 23:26:20	58.91559916734694	55.89476822040816	15	1	0	0	0	0
2024-06-05 23:26:30	58.28058742	54.67092593	15	1	0	0	0	0
2024-06-05 23:26:40	59.51656450888889	56.96380909222222	15	1	0	0	0	0
2024-06-05 23:26:50	59.57310566	57.11453876	15	1	0	0	0	0
2024-06-05 23:27:00	59.174394	56.380530400000005	15	1	0	0	0	0
2024-06-05 23:27:10	58.57508377042253	55.25364267605634	15	1	0	0	0	0
2024-06-05 23:27:20	59.49963966666667	56.958245166666664	15	1	0	0	0	0
2024-06-05 23:27:30	59.31727718048781	56.61210804878049	15	1	0	0	0	0
2024-06-05 23:27:40	58.50995689506173	55.09745542962963	15	1	0	0	0	0
2024-06-05 23:27:50	58.90595203417722	55.90857493924051	15	1	0	0	0	0
2024-06-05 23:28:00	58.40419177125	55.1021446775	15	1	0	0	0	0
2024-06-05 23:28:10	59.44859595	57.170926516	15	1	0	0	0	0
2024-06-05 23:28:20	59.071622756000004	56.57592881	15	1	0	0	0	0
2024-06-05 23:28:30	57.80433635	54.25576555	15	1	0	0	0	0
2024-06-05 23:28:40	58.662271125	55.869114835000005	15	1	0	0	0	0
2024-06-05 23:28:50	59.40130122	57.312729600000004	15	1	0	0	0	0
2024-06-05 23:29:00	58.99940277285714	56.600172130000004	15	1	0	0	0	0
2024-06-05 23:29:10	58.99940277285714	56.600172130000004	15	1	0	0	0	0
2024-06-05 23:29:20	58.99940277285714	56.600172130000004	15	1	0	0	0	0
2024-06-05 23:29:30	58.99940277285714	56.600172130000004	15	1	0	0	0	0
2024-06-05 23:29:40	58.99940277285714	56.600172130000004	15	1	0	0	0	0
2024-06-05 23:29:50	58.99940277285714	56.600172130000004	15	1	0	0	0	0
2024-06-05 23:30:00	58.99940277285714	56.600172130000004	15	1	0	0	0	0
2024-06-05 23:30:10	57.91176428651685	54.19864881797753	15	1	0	0	0	0
2024-06-05 23:30:20	58.75975254285714	55.754258285714286	15	1	0	0	0	0
2024-06-05 23:30:30	58.686028086	55.652290254	15	1	0	0	0	0
2024-06-05 23:30:40	58.950011683999996	56.1399444	15	1	0	0	0	0
2024-06-05 23:30:50	58.499881800000004	55.292802881250005	15	1	0	0	0	0
2024-06-05 23:31:00	58.570011474157305	55.4534397752809	15	1	0	0	0	0
2024-06-05 23:31:10	59.045284	56.398648	15	1	0	0	0	0
2024-06-05 23:31:20	59.37932068405797	57.05478822028986	15	1	0	0	0	0
2024-06-05 23:31:30	58.78111142857143	55.90997989795918	15	1	0	0	0	0
2024-06-05 23:31:40	59.173041508	56.649217064000005	15	1	0	0	0	0
2024-06-05 23:31:50	59.21068750491803	56.68082502131148	15	1	0	0	0	0
2024-06-05 23:32:00	60.168787325714284	58.52705298	15	1	0	0	0	0
2024-06-05 23:32:10	58.80716994285714	56.03198628571429	15	1	0	0	0	0
2024-06-05 23:32:20	57.84644994	54.26862916666667	15	1	0	0	0	0
2024-06-05 23:32:30	58.82593088666667	56.13787389166667	15	1	0	0	0	0
2024-06-05 23:32:40	59.646103964	57.71948786	15	1	0	0	0	0
2024-06-05 23:32:50	57.957986544927536	54.585452223188405	15	1	0	0	0	0
2024-06-05 23:33:00	58.63967996875	55.79992695625	15	1	0	0	0	0
2024-06-05 23:33:10	59.06044716049383	56.581741706172835	15	1	0	0	0	0
2024-06-05 23:33:20	60.30078310985916	58.87028422535211	15	1	0	0	0	0
2024-06-05 23:33:30	59.66663732682927	57.73666136585366	15	1	0	0	0	0
2024-06-05 23:33:40	57.47460305111111	53.65201505777778	15	1	0	0	0	0
2024-06-05 23:33:50	58.22927476	55.042697149999995	15	1	0	0	0	0
2024-06-05 23:34:00	58.65619462428571	55.840518911428575	15	1	0	0	0	0
2024-06-05 23:34:10	58.65619462428571	55.840518911428575	15	1	0	0	0	0
2024-06-05 23:34:20	58.65619462428571	55.840518911428575	15	1	0	0	0	0
2024-06-05 23:34:30	58.65619462428571	55.840518911428575	15	1	0	0	0	0
2024-06-05 23:34:40	58.65619462428571	55.840518911428575	15	1	0	0	0	0
2024-06-05 23:34:50	58.65619462428571	55.840518911428575	15	1	0	0	0	0
2024-06-05 23:35:00	58.65619462428571	55.840518911428575	15	1	0	0	0	0
2024-06-05 23:35:10	59.45112785915493	57.205696236619715	15	1	0	0	0	0
2024-06-05 23:35:20	59.541766311428574	57.30217541571429	15	1	0	0	0	0
2024-06-05 23:35:30	57.85551700714286	54.13744692142857	15	1	0	0	0	0
2024-06-05 23:35:40	58.81046411764706	55.93386375882353	15	1	0	0	0	0
2024-06-05 23:35:50	57.62590658285714	53.74113647142857	15	1	0	0	0	0
2024-06-05 23:36:00	57.529293	53.567094228	15	1	0	0	0	0
2024-06-05 23:36:10	58.557357024285714	55.522637644285716	15	1	0	0	0	0
2024-06-05 23:36:20	59.11348116142857	56.624462401428566	15	1	0	0	0	0
2024-06-05 23:36:30	58.80181467125	56.02550958625	15	1	0	0	0	0
2024-06-05 23:36:40	58.78886444509804	55.94369414117647	15	1	0	0	0	0
2024-06-05 23:36:50	58.56526328823529	55.487892352941174	15	1	0	0	0	0
2024-06-05 23:37:00	59.46739081818182	57.124547263636366	15	1	0	0	0	0
2024-06-05 23:37:10	58.972856137704916	56.13745572459016	15	1	0	0	0	0
2024-06-05 23:37:20	58.540061381690144	55.23714591549296	15	1	0	0	0	0
2024-06-05 23:37:30	59.027033244	56.10097856	15	1	0	0	0	0
2024-06-05 23:37:40	59.898441999999996	57.804332884	15	1	0	0	0	0
2024-06-05 23:37:50	59.495109688	57.189981944	15	1	0	0	0	0
2024-06-05 23:38:00	58.784014705	55.922968745	15	1	0	0	0	0
2024-06-05 23:38:10	58.86033229	56.010635345714284	15	1	0	0	0	0
2024-06-05 23:38:20	58.29490083375	54.840178945000005	15	1	0	0	0	0
2024-06-05 23:38:30	60.10553784637681	58.22685594057971	15	1	0	0	0	0
2024-06-05 23:38:40	58.2546635	54.856318013333336	15	1	0	0	0	0
2024-06-05 23:38:50	58.379871	55.0645765	15	1	0	0	0	0
2024-06-05 23:39:00	58.71101620408163	55.68765440204081	15	1	0	0	0	0
2024-06-05 23:39:10	58.71101620408163	55.68765440204081	15	1	0	0	0	0
2024-06-05 23:39:20	58.71101620408163	55.68765440204081	15	1	0	0	0	0
2024-06-05 23:39:30	58.71101620408163	55.68765440204081	15	1	0	0	0	0
2024-06-05 23:39:40	58.71101620408163	55.68765440204081	15	1	0	0	0	0
2024-06-05 23:39:50	58.71101620408163	55.68765440204081	15	1	0	0	0	0
2024-06-05 23:40:00	58.71101620408163	55.68765440204081	15	1	0	0	0	0
2024-06-05 23:40:10	59.317037272131145	57.041729691803276	15	1	0	0	0	0
2024-06-05 23:40:20	58.279212477142856	55.100176337142855	15	1	0	0	0	0
2024-06-05 23:40:30	58.620108352173915	55.701537413043475	15	1	0	0	0	0
2024-06-05 23:40:40	60.62936414285714	59.48093228571428	15	1	0	0	0	0
2024-06-05 23:40:50	59.4605054409836	57.31850672131148	15	1	0	0	0	0
2024-06-05 23:41:00	58.91847478	56.284013542000004	15	1	0	0	0	0
2024-06-05 23:41:10	58.491554550000004	55.4231621	15	1	0	0	0	0
2024-06-05 23:41:20	58.1899781925	54.818485592500004	15	1	0	0	0	0
2024-06-05 23:41:30	59.346204988	57.027465668	15	1	0	0	0	0
2024-06-05 23:41:40	59.48602004125	57.3917652325	15	1	0	0	0	0
2024-06-05 23:41:50	58.605506206	55.73765323	15	1	0	0	0	0
2024-06-05 23:42:00	58.85170266101695	56.0776355338983	15	1	0	0	0	0
2024-06-05 23:42:10	59.04577235	56.375731290000004	15	1	0	0	0	0
2024-06-05 23:42:20	58.89206536125	56.0182239175	15	1	0	0	0	0
2024-06-05 23:42:30	58.07318819	54.4047249	15	1	0	0	0	0
2024-06-05 23:42:40	58.76395991142857	55.63982092571429	15	1	0	0	0	0
2024-06-05 23:42:50	59.82719795072464	57.64499184492753	15	1	0	0	0	0
2024-06-05 23:43:00	59.86489664390244	57.778785141463416	15	1	0	0	0	0
2024-06-05 23:43:10	58.62600529803922	55.442740698039216	15	1	0	0	0	0
2024-06-05 23:43:20	58.856536595	55.87903449125	15	1	0	0	0	0
2024-06-05 23:43:30	60.171981167999995	58.391143788	15	1	0	0	0	0
2024-06-05 23:43:40	59.469826177142856	57.151941134285714	15	1	0	0	0	0
2024-06-05 23:43:50	60.63437313	59.33019144	15	1	0	0	0	0
2024-06-05 23:44:00	60.701029756862745	59.46992416470588	15	1	0	0	0	0
2024-06-05 23:44:10	60.701029756862745	59.46992416470588	15	1	0	0	0	0
2024-06-05 23:44:20	60.701029756862745	59.46992416470588	15	1	0	0	0	0
2024-06-05 23:44:30	60.701029756862745	59.46992416470588	15	1	0	0	0	0
2024-06-05 23:44:40	60.701029756862745	59.46992416470588	15	1	0	0	0	0
2024-06-05 23:44:50	60.701029756862745	59.46992416470588	15	1	0	0	0	0
2024-06-05 23:45:00	60.701029756862745	59.46992416470588	15	1	0	0	0	0
2024-06-05 23:45:10	59.91483436666667	57.765137777777774	15	1	0	0	0	0
2024-06-05 23:45:20	60.59125195932203	58.88486575084746	15	1	0	0	0	0
2024-06-05 23:45:30	60.821569153999995	59.226872446	15	1	0	0	0	0
2024-06-05 23:45:40	59.916757503	57.440652864	15	1	0	0	0	0
2024-06-05 23:45:50	59.643161748000004	56.841486456	15	1	0	0	0	0
2024-06-05 23:46:00	60.519309	58.477087499999996	15	1	0	0	0	0
2024-06-05 23:46:10	60.90436340655738	59.19202932622951	15	1	0	0	0	0
2024-06-05 23:46:20	60.2578496	58.01205	15	1	0	0	0	0
2024-06-05 23:46:30	58.711496857142855	55.17885623428572	15	1	0	0	0	0
2024-06-05 23:46:40	59.594523286956516	56.962662423188405	15	1	0	0	0	0
2024-06-05 23:46:50	60.3940571775	58.62262757125	15	1	0	0	0	0
2024-06-05 23:47:00	59.06916923529412	56.235235311764704	15	1	0	0	0	0
2024-06-05 23:47:10	58.39970400898876	55.0031482235955	15	1	0	0	0	0
2024-06-05 23:47:20	58.837888	55.78328410666666	15	1	0	0	0	0
2024-06-05 23:47:30	58.46413452857143	54.99304336428571	15	1	0	0	0	0
2024-06-05 23:47:40	59.37492496428572	56.636219857142855	15	1	0	0	0	0
2024-06-05 23:47:50	58.7625474056338	55.44952533521127	15	1	0	0	0	0
2024-06-05 23:48:00	59.104850400000004	56.100566	15	1	0	0	0	0
2024-06-05 23:48:10	59.66356775	57.198833455	15	1	0	0	0	0
2024-06-05 23:48:20	58.84277222745098	55.68631014901961	15	1	0	0	0	0
2024-06-05 23:48:30	57.96891265428572	54.068479128571425	15	1	0	0	0	0
2024-06-05 23:48:40	58.483106250000006	55.06473039	15	1	0	0	0	0
2024-06-05 23:48:50	58.13248195652174	54.404050347826086	15	1	0	0	0	0
2024-06-05 23:49:00	58.676300999999995	55.4011694	15	1	0	0	0	0
2024-06-05 23:49:10	58.676300999999995	55.4011694	15	1	0	0	0	0
2024-06-05 23:49:20	58.676300999999995	55.4011694	15	1	0	0	0	0
2024-06-05 23:49:30	58.676300999999995	55.4011694	15	1	0	0	0	0
2024-06-05 23:49:40	58.676300999999995	55.4011694	15	1	0	0	0	0
2024-06-05 23:49:50	58.676300999999995	55.4011694	15	1	0	0	0	0
2024-06-05 23:50:00	58.676300999999995	55.4011694	15	1	0	0	0	0
2024-06-05 23:50:10	59.17695518166667	56.62082566666666	15	1	0	0	0	0
2024-06-05 23:50:20	59.686373145833336	57.615047358333335	15	1	0	0	0	0
2024-06-05 23:50:30	58.52385305352113	55.426388788732396	15	1	0	0	0	0
2024-06-05 23:50:40	59.54938249855072	57.35284737101449	15	1	0	0	0	0
2024-06-05 23:50:50	59.84986066056338	57.915253521126765	15	1	0	0	0	0
2024-06-05 23:51:00	59.47838023291139	57.15081683544304	15	1	0	0	0	0
2024-06-05 23:51:10	60.74445826714285	59.47057885142857	15	1	0	0	0	0
2024-06-05 23:51:20	59.39071720163934	56.94915797377049	15	1	0	0	0	0
2024-06-05 23:51:30	59.21934170731708	56.56066096585366	15	1	0	0	0	0
2024-06-05 23:51:40	59.193986	56.417835584	15	1	0	0	0	0
2024-06-05 23:51:50	59.688434029508194	57.30234098360656	15	1	0	0	0	0
2024-06-05 23:52:00	59.76138440677966	57.427225362711866	15	1	0	0	0	0
2024-06-05 23:52:10	60.62909966666666	59.028304993333336	15	1	0	0	0	0
2024-06-05 23:52:20	60.716529874	59.227284134	15	1	0	0	0	0
2024-06-05 23:52:30	60.89365685217392	59.51548173043478	15	1	0	0	0	0
2024-06-05 23:52:40	60.96918560980392	59.55300712352941	15	1	0	0	0	0
2024-06-05 23:52:50	61.2042286164557	59.91571079873418	15	1	0	0	0	0
2024-06-05 23:53:00	61.40433537721519	60.23584830886076	15	1	0	0	0	0
2024-06-05 23:53:10	60.34407556857143	58.199638545714286	15	1	0	0	0	0
2024-06-05 23:53:20	59.684676126	56.982996148	15	1	0	0	0	0
2024-06-05 23:53:30	60.400851681249996	58.32365333333333	15	1	0	0	0	0
2024-06-05 23:53:40	61.17605035102041	59.75423476734694	15	1	0	0	0	0
2024-06-05 23:53:50	62.1156235	61.4912224	15	1	0	0	0	0
2024-06-05 23:54:00	60.160585	57.760395374285714	15	1	0	0	0	0
2024-06-05 23:54:10	60.160585	57.760395374285714	15	1	0	0	0	0
2024-06-05 23:54:20	60.160585	57.760395374285714	15	1	0	0	0	0
2024-06-05 23:54:30	60.160585	57.760395374285714	15	1	0	0	0	0
2024-06-05 23:54:40	60.160585	57.760395374285714	15	1	0	0	0	0
2024-06-05 23:54:50	60.160585	57.760395374285714	15	1	0	0	0	0
2024-06-05 23:55:00	60.160585	57.760395374285714	15	1	0	0	0	0
2024-06-05 23:55:10	60.395410285714284	58.18233821142857	15	1	0	0	0	0
2024-06-05 23:55:20	61.32021188405797	59.89043141449275	15	1	0	0	0	0
2024-06-05 23:55:30	59.798994414285715	56.97456688571429	15	1	0	0	0	0
2024-06-05 23:55:40	60.3472872	57.926191259999996	15	1	0	0	0	0
2024-06-05 23:55:50	60.51792192	58.219754532	15	1	0	0	0	0
2024-06-05 23:56:00	59.68102783	56.62547501571429	15	1	0	0	0	0
2024-06-05 23:56:10	60.356810991549295	57.918154084507044	15	1	0	0	0	0
2024-06-05 23:56:20	60.813419933333336	58.801927930000005	15	1	0	0	0	0
2024-06-05 23:56:30	60.024318883999996	57.2836838	15	1	0	0	0	0
2024-06-05 23:56:40	59.630803870370364	56.5061730574074	15	1	0	0	0	0
2024-06-05 23:56:50	59.72537440909091	56.595949000000005	15	1	0	0	0	0
2024-06-05 23:57:00	58.99976873483146	55.18003231011236	15	1	0	0	0	0
2024-06-05 23:57:10	59.91590857142857	56.89900880857142	15	1	0	0	0	0
2024-06-05 23:57:20	60.28734156419753	57.64863859259259	15	1	0	0	0	0
2024-06-05 23:57:30	60.888410828	58.759025264	15	1	0	0	0	0
2024-06-05 23:57:40	59.84611	56.854198284	15	1	0	0	0	0
2024-06-05 23:57:50	58.450847496	54.163970809999995	15	1	0	0	0	0
2024-06-05 23:58:00	59.48206974590164	56.03272500655738	15	1	0	0	0	0
2024-06-05 23:58:10	59.74034249240506	56.45654346835443	15	1	0	0	0	0
2024-06-05 23:58:20	59.510059125	55.998772575	15	1	0	0	0	0
2024-06-05 23:58:30	59.577777624285716	56.184847	15	1	0	0	0	0
2024-06-05 23:58:40	58.7690133490196	54.704997866666666	15	1	0	0	0	0
2024-06-05 23:58:50	58.695212605882354	54.64584795882353	15	1	0	0	0	0
2024-06-05 23:59:00	59.734970385507246	56.68525035362319	15	1	0	0	0	0
2024-06-05 23:59:10	59.77904909	56.89335950428571	15	1	0	0	0	0
2024-06-05 23:59:20	59.86093213	56.95279849	15	1	0	0	0	0
2024-06-05 23:59:30	59.291741	55.743711231999995	15	1	0	0	0	0
2024-06-05 23:59:40	58.705022248	54.4377826	15	1	0	0	0	0
2024-06-05 23:59:50	58.751124552	54.380146024000005	15	1	0	0	0	0
2024-06-06 00:00:00	59.48594119655173	55.77634190172414	15	1	0	0	0	0
