PROCESSDATA	2111LIC42502 Data	yyyy-MM-dd HH:mm:ss
8	10	2024-06-19 21:55:00	751
tagname	2111LIC42502.MV	2111LIC42502.PV	2111LIC42502.SV	2111LIC42502.MODE	bOpOFL	bPvOFL	bSpOFL	bAutOFL
desc	D401液包_OP	D401液包_PV	D401液包_SP	Aut	bOpOFL	bPvOFL	bSpOFL	bAutOFL
fsMax=1.8648795899999975	fsMin=0	fsGridNum=10	fdMax=1.8648795899999975tfdMin=0	fdGridNum=10	v0GridNum=10	L=24
2024-06-19 21:55:00	35.0768474375	60.4409100675	60.2682266	1	0	0	0	0
2024-06-19 21:55:10	34.723086620000004	60.0919786925	60.2682266	1	0	0	0	0
2024-06-19 21:55:20	34.525219820000004	60.034449242499996	60.2682266	1	0	0	0	0
2024-06-19 21:55:30	34.437969172500004	60.049910104999995	60.2682266	1	0	0	0	0
2024-06-19 21:55:40	34.5561485225	60.200924404999995	60.2682266	1	0	0	0	0
2024-06-19 21:55:50	34.7827248675	60.35414437	60.2682266	1	0	0	0	0
2024-06-19 21:56:00	35.2106099175	60.51146057	60.2682266	1	0	0	0	0
2024-06-19 21:56:10	35.432073682500004	60.578729994999996	60.2682266	1	0	0	0	0
2024-06-19 21:56:20	35.2701836325	60.478769695	60.2682266	1	0	0	0	0
2024-06-19 21:56:30	35.168461855	60.420355725	60.2682266	1	0	0	0	0
2024-06-19 21:56:40	35.178481155	60.439099225	60.2682266	1	0	0	0	0
2024-06-19 21:56:50	35.199083475	60.4537303125	60.2682266	1	0	0	0	0
2024-06-19 21:57:00	35.239339975	60.4607240625	60.2682266	1	0	0	0	0
2024-06-19 21:57:10	35.180957375000006	60.422229134999995	60.2682266	1	0	0	0	0
2024-06-19 21:57:20	35.180957375000006	60.422229134999995	60.2682266	1	0	0	0	0
2024-06-19 21:57:30	35.180957375000006	60.422229134999995	60.2682266	1	0	0	0	0
2024-06-19 21:57:40	35.180957375000006	60.422229134999995	60.2682266	1	0	0	0	0
2024-06-19 21:57:50	35.180957375000006	60.422229134999995	60.2682266	1	0	0	0	0
2024-06-19 21:58:00	35.180957375000006	60.422229134999995	60.2682266	1	0	0	0	0
2024-06-19 21:58:10	35.180957375000006	60.422229134999995	60.2682266	1	0	0	0	0
2024-06-19 21:58:20	35.180957375000006	60.422229134999995	60.2682266	1	0	0	0	0
2024-06-19 21:58:30	35.180957375000006	60.422229134999995	60.2682266	1	0	0	0	0
2024-06-19 21:58:40	35.180957375000006	60.422229134999995	60.2682266	1	0	0	0	0
2024-06-19 21:58:50	35.180957375000006	60.422229134999995	60.2682266	1	0	0	0	0
2024-06-19 21:59:00	35.180957375000006	60.422229134999995	60.2682266	1	0	0	0	0
2024-06-19 21:59:10	35.180957375000006	60.422229134999995	60.2682266	1	0	0	0	0
2024-06-19 21:59:20	35.180957375000006	60.422229134999995	60.2682266	1	0	0	0	0
2024-06-19 21:59:30	35.180957375000006	60.422229134999995	60.2682266	1	0	0	0	0
2024-06-19 21:59:40	35.180957375000006	60.422229134999995	60.2682266	1	0	0	0	0
2024-06-19 21:59:50	35.180957375000006	60.422229134999995	60.2682266	1	0	0	0	0
2024-06-19 22:00:00	35.180957375000006	60.422229134999995	60.2682266	1	0	0	0	0
2024-06-19 22:00:10	35.352567205	60.563523	60.2682266	1	0	0	0	0
2024-06-19 22:00:20	35.330073505	60.554903	60.2682266	1	0	0	0	0
2024-06-19 22:00:30	35.330268695	60.550547225	60.2682266	1	0	0	0	0
2024-06-19 22:00:40	35.372600395	60.554110725	60.2682266	1	0	0	0	0
2024-06-19 22:00:50	35.311907039999994	60.500750155	60.2682266	1	0	0	0	0
2024-06-19 22:01:00	35.05988144	60.341673455	60.2682266	1	0	0	0	0
2024-06-19 22:01:10	34.844954807499995	60.2150654675	60.2682266	1	0	0	0	0
2024-06-19 22:01:20	34.6989262575	60.1487565175	60.2682266	1	0	0	0	0
2024-06-19 22:01:30	34.598365385	60.1151992025	60.2682266	1	0	0	0	0
2024-06-19 22:01:40	34.582244485000004	60.1424663525	60.2682266	1	0	0	0	0
2024-06-19 22:01:50	34.645367050000004	60.1927015	60.2682266	1	0	0	0	0
2024-06-19 22:02:00	34.85565605	60.2855915	60.2682266	1	0	0	0	0
2024-06-19 22:02:10	35.0083983475	60.3417957075	60.2682266	1	0	0	0	0
2024-06-19 22:02:20	35.0083983475	60.3417957075	60.2682266	1	0	0	0	0
2024-06-19 22:02:30	35.0083983475	60.3417957075	60.2682266	1	0	0	0	0
2024-06-19 22:02:40	35.0083983475	60.3417957075	60.2682266	1	0	0	0	0
2024-06-19 22:02:50	35.0083983475	60.3417957075	60.2682266	1	0	0	0	0
2024-06-19 22:03:00	35.0083983475	60.3417957075	60.2682266	1	0	0	0	0
2024-06-19 22:03:10	35.0083983475	60.3417957075	60.2682266	1	0	0	0	0
2024-06-19 22:03:20	35.0083983475	60.3417957075	60.2682266	1	0	0	0	0
2024-06-19 22:03:30	35.0083983475	60.3417957075	60.2682266	1	0	0	0	0
2024-06-19 22:03:40	35.0083983475	60.3417957075	60.2682266	1	0	0	0	0
2024-06-19 22:03:50	35.0083983475	60.3417957075	60.2682266	1	0	0	0	0
2024-06-19 22:04:00	35.0083983475	60.3417957075	60.2682266	1	0	0	0	0
2024-06-19 22:04:10	35.0083983475	60.3417957075	60.2682266	1	0	0	0	0
2024-06-19 22:04:20	35.0083983475	60.3417957075	60.2682266	1	0	0	0	0
2024-06-19 22:04:30	35.0083983475	60.3417957075	60.2682266	1	0	0	0	0
2024-06-19 22:04:40	35.0083983475	60.3417957075	60.2682266	1	0	0	0	0
2024-06-19 22:04:50	35.0083983475	60.3417957075	60.2682266	1	0	0	0	0
2024-06-19 22:05:00	35.0083983475	60.3417957075	60.2682266	1	0	0	0	0
2024-06-19 22:05:10	34.7037867625	60.168008317500004	60.2682266	1	0	0	0	0
2024-06-19 22:05:20	34.6421355125	60.1634783675	60.2682266	1	0	0	0	0
2024-06-19 22:05:30	34.61901787164179	60.1589974	60.2682266	1	0	0	0	0
2024-06-19 22:05:40	34.66746264776119	60.1546074	60.2682266	1	0	0	0	0
2024-06-19 22:05:50	34.619659864321605	60.11456187336684	60.2682266	1	0	0	0	0
2024-06-19 22:06:00	34.38502358291457	60.005302677386936	60.2682266	1	0	0	0	0
2024-06-19 22:06:10	34.3208664325	59.999014215	60.2682266	1	0	0	0	0
2024-06-19 22:06:20	34.5733133825	60.183957115	60.2682266	1	0	0	0	0
2024-06-19 22:06:30	34.750385505	60.292738265	60.2682266	1	0	0	0	0
2024-06-19 22:06:40	34.787475805	60.260076165	60.2682266	1	0	0	0	0
2024-06-19 22:06:50	34.788946465	60.22073792	60.2682266	1	0	0	0	0
2024-06-19 22:07:00	34.724266365	60.16900112	60.2682266	1	0	0	0	0
2024-06-19 22:07:10	34.6893967975	60.146621445	60.2682266	1	0	0	0	0
2024-06-19 22:07:20	34.6893967975	60.146621445	60.2682266	1	0	0	0	0
2024-06-19 22:07:30	34.6893967975	60.146621445	60.2682266	1	0	0	0	0
2024-06-19 22:07:40	34.6893967975	60.146621445	60.2682266	1	0	0	0	0
2024-06-19 22:07:50	34.6893967975	60.146621445	60.2682266	1	0	0	0	0
2024-06-19 22:08:00	34.6893967975	60.146621445	60.2682266	1	0	0	0	0
2024-06-19 22:08:10	34.6893967975	60.146621445	60.2682266	1	0	0	0	0
2024-06-19 22:08:20	34.6893967975	60.146621445	60.2682266	1	0	0	0	0
2024-06-19 22:08:30	34.6893967975	60.146621445	60.2682266	1	0	0	0	0
2024-06-19 22:08:40	34.6893967975	60.146621445	60.2682266	1	0	0	0	0
2024-06-19 22:08:50	34.6893967975	60.146621445	60.2682266	1	0	0	0	0
2024-06-19 22:09:00	34.6893967975	60.146621445	60.2682266	1	0	0	0	0
2024-06-19 22:09:10	34.6893967975	60.146621445	60.2682266	1	0	0	0	0
2024-06-19 22:09:20	34.6893967975	60.146621445	60.2682266	1	0	0	0	0
2024-06-19 22:09:30	34.6893967975	60.146621445	60.2682266	1	0	0	0	0
2024-06-19 22:09:40	34.6893967975	60.146621445	60.2682266	1	0	0	0	0
2024-06-19 22:09:50	34.6893967975	60.146621445	60.2682266	1	0	0	0	0
2024-06-19 22:10:00	34.6893967975	60.146621445	60.2682266	1	0	0	0	0
2024-06-19 22:10:10	34.024417565	59.858706097500004	60.2682266	1	0	0	0	0
2024-06-19 22:10:20	34.246061465	60.0096949475	60.2682266	1	0	0	0	0
2024-06-19 22:10:30	34.42637299	60.1210191025	60.2682266	1	0	0	0	0
2024-06-19 22:10:40	34.52992439	60.1586802525	60.2682266	1	0	0	0	0
2024-06-19 22:10:50	34.62977181	60.2230151825	60.2682266	1	0	0	0	0
2024-06-19 22:11:00	34.72274041	60.3368871325	60.2682266	1	0	0	0	0
2024-06-19 22:11:10	34.824251249999996	60.4046674425	60.2682266	1	0	0	0	0
2024-06-19 22:11:20	34.94162625	60.3868489925	60.2682266	1	0	0	0	0
2024-06-19 22:11:30	34.978655249999996	60.388028525	60.2682266	1	0	0	0	0
2024-06-19 22:11:40	34.86647025	60.424490025	60.2682266	1	0	0	0	0
2024-06-19 22:11:50	34.7266383475	60.377073499999995	60.2682266	1	0	0	0	0
2024-06-19 22:12:00	34.5354621975	60.173883499999995	60.2682266	1	0	0	0	0
2024-06-19 22:12:10	34.425143275	60.061375	60.2682266	1	0	0	0	0
2024-06-19 22:12:20	34.425143275	60.061375	60.2682266	1	0	0	0	0
2024-06-19 22:12:30	34.425143275	60.061375	60.2682266	1	0	0	0	0
2024-06-19 22:12:40	34.425143275	60.061375	60.2682266	1	0	0	0	0
2024-06-19 22:12:50	34.425143275	60.061375	60.2682266	1	0	0	0	0
2024-06-19 22:13:00	34.425143275	60.061375	60.2682266	1	0	0	0	0
2024-06-19 22:13:10	34.425143275	60.061375	60.2682266	1	0	0	0	0
2024-06-19 22:13:20	34.425143275	60.061375	60.2682266	1	0	0	0	0
2024-06-19 22:13:30	34.425143275	60.061375	60.2682266	1	0	0	0	0
2024-06-19 22:13:40	34.425143275	60.061375	60.2682266	1	0	0	0	0
2024-06-19 22:13:50	34.425143275	60.061375	60.2682266	1	0	0	0	0
2024-06-19 22:14:00	34.425143275	60.061375	60.2682266	1	0	0	0	0
2024-06-19 22:14:10	34.425143275	60.061375	60.2682266	1	0	0	0	0
2024-06-19 22:14:20	34.425143275	60.061375	60.2682266	1	0	0	0	0
2024-06-19 22:14:30	34.425143275	60.061375	60.2682266	1	0	0	0	0
2024-06-19 22:14:40	34.425143275	60.061375	60.2682266	1	0	0	0	0
2024-06-19 22:14:50	34.425143275	60.061375	60.2682266	1	0	0	0	0
2024-06-19 22:15:00	34.425143275	60.061375	60.2682266	1	0	0	0	0
2024-06-19 22:15:10	34.712175432500004	60.2240981625	60.2682266	1	0	0	0	0
2024-06-19 22:15:20	34.7947963825	60.2575149125	60.2682266	1	0	0	0	0
2024-06-19 22:15:30	34.8486621025	60.287230535	60.2682266	1	0	0	0	0
2024-06-19 22:15:40	34.8491252525	60.310072635	60.2682266	1	0	0	0	0
2024-06-19 22:15:50	34.8708644475	60.328481617499996	60.2682266	1	0	0	0	0
2024-06-19 22:16:00	34.9321162975	60.3386576675	60.2682266	1	0	0	0	0
2024-06-19 22:16:10	34.964689095	60.3503376325	60.2682266	1	0	0	0	0
2024-06-19 22:16:20	34.944000795	60.3648105825	60.2682266	1	0	0	0	0
2024-06-19 22:16:30	34.93102471	60.36397945	60.2682266	1	0	0	0	0
2024-06-19 22:16:40	34.93237131	60.33472645	60.2682266	1	0	0	0	0
2024-06-19 22:16:50	34.905102434999996	60.3063684	60.2682266	1	0	0	0	0
2024-06-19 22:17:00	34.824690535	60.2796724	60.2682266	1	0	0	0	0
2024-06-19 22:17:10	34.728239644221105	60.23207488190955	60.2682266	1	0	0	0	0
2024-06-19 22:17:20	34.728239644221105	60.23207488190955	60.2682266	1	0	0	0	0
2024-06-19 22:17:30	34.728239644221105	60.23207488190955	60.2682266	1	0	0	0	0
2024-06-19 22:17:40	34.728239644221105	60.23207488190955	60.2682266	1	0	0	0	0
2024-06-19 22:17:50	34.728239644221105	60.23207488190955	60.2682266	1	0	0	0	0
2024-06-19 22:18:00	34.728239644221105	60.23207488190955	60.2682266	1	0	0	0	0
2024-06-19 22:18:10	34.728239644221105	60.23207488190955	60.2682266	1	0	0	0	0
2024-06-19 22:18:20	34.728239644221105	60.23207488190955	60.2682266	1	0	0	0	0
2024-06-19 22:18:30	34.728239644221105	60.23207488190955	60.2682266	1	0	0	0	0
2024-06-19 22:18:40	34.728239644221105	60.23207488190955	60.2682266	1	0	0	0	0
2024-06-19 22:18:50	34.728239644221105	60.23207488190955	60.2682266	1	0	0	0	0
2024-06-19 22:19:00	34.728239644221105	60.23207488190955	60.2682266	1	0	0	0	0
2024-06-19 22:19:10	34.728239644221105	60.23207488190955	60.2682266	1	0	0	0	0
2024-06-19 22:19:20	34.728239644221105	60.23207488190955	60.2682266	1	0	0	0	0
2024-06-19 22:19:30	34.728239644221105	60.23207488190955	60.2682266	1	0	0	0	0
2024-06-19 22:19:40	34.728239644221105	60.23207488190955	60.2682266	1	0	0	0	0
2024-06-19 22:19:50	34.728239644221105	60.23207488190955	60.2682266	1	0	0	0	0
2024-06-19 22:20:00	34.728239644221105	60.23207488190955	60.2682266	1	0	0	0	0
2024-06-19 22:20:10	34.5868378	60.1511841	60.2682266	1	0	0	0	0
2024-06-19 22:20:20	34.51353829139073	60.11995977814569	60.2682266	1	0	0	0	0
2024-06-19 22:20:30	34.4796979375	60.117082642499994	60.2682266	1	0	0	0	0
2024-06-19 22:20:40	34.541299187499995	60.1762901925	60.2682266	1	0	0	0	0
2024-06-19 22:20:50	34.6665463625	60.27034313	60.2682266	1	0	0	0	0
2024-06-19 22:21:00	34.9099931125	60.42910893	60.2682266	1	0	0	0	0
2024-06-19 22:21:10	35.1035653875	60.53511384	60.2682266	1	0	0	0	0
2024-06-19 22:21:20	35.2045136375	60.54313424	60.2682266	1	0	0	0	0
2024-06-19 22:21:30	35.23812075	60.532951437499996	60.2682266	1	0	0	0	0
2024-06-19 22:21:40	35.146665750000004	60.4889626875	60.2682266	1	0	0	0	0
2024-06-19 22:21:50	35.113607655	60.467490749999996	60.2682266	1	0	0	0	0
2024-06-19 22:22:00	35.189000955	60.48783575	60.2682266	1	0	0	0	0
2024-06-19 22:22:10	35.1753769875	60.456126475000005	60.2682266	1	0	0	0	0
2024-06-19 22:22:20	35.1753769875	60.456126475000005	60.2682266	1	0	0	0	0
2024-06-19 22:22:30	35.1753769875	60.456126475000005	60.2682266	1	0	0	0	0
2024-06-19 22:22:40	35.1753769875	60.456126475000005	60.2682266	1	0	0	0	0
2024-06-19 22:22:50	35.1753769875	60.456126475000005	60.2682266	1	0	0	0	0
2024-06-19 22:23:00	35.1753769875	60.456126475000005	60.2682266	1	0	0	0	0
2024-06-19 22:23:10	35.1753769875	60.456126475000005	60.2682266	1	0	0	0	0
2024-06-19 22:23:20	35.1753769875	60.456126475000005	60.2682266	1	0	0	0	0
2024-06-19 22:23:30	35.1753769875	60.456126475000005	60.2682266	1	0	0	0	0
2024-06-19 22:23:40	35.1753769875	60.456126475000005	60.2682266	1	0	0	0	0
2024-06-19 22:23:50	35.1753769875	60.456126475000005	60.2682266	1	0	0	0	0
2024-06-19 22:24:00	35.1753769875	60.456126475000005	60.2682266	1	0	0	0	0
2024-06-19 22:24:10	35.1753769875	60.456126475000005	60.2682266	1	0	0	0	0
2024-06-19 22:24:20	35.1753769875	60.456126475000005	60.2682266	1	0	0	0	0
2024-06-19 22:24:30	35.1753769875	60.456126475000005	60.2682266	1	0	0	0	0
2024-06-19 22:24:40	35.1753769875	60.456126475000005	60.2682266	1	0	0	0	0
2024-06-19 22:24:50	35.1753769875	60.456126475000005	60.2682266	1	0	0	0	0
2024-06-19 22:25:00	35.1753769875	60.456126475000005	60.2682266	1	0	0	0	0
2024-06-19 22:25:10	34.288796	59.9973168075	60.2682266	1	0	0	0	0
2024-06-19 22:25:20	34.305355999999996	60.0209202575	60.2682266	1	0	0	0	0
2024-06-19 22:25:30	34.3296637225	60.0404441775	60.2682266	1	0	0	0	0
2024-06-19 22:25:40	34.3683600725	60.052391827499996	60.2682266	1	0	0	0	0
2024-06-19 22:25:50	34.3512602275	60.037682935	60.2682266	1	0	0	0	0
2024-06-19 22:26:00	34.2305388775	59.973469035	60.2682266	1	0	0	0	0
2024-06-19 22:26:10	34.17267625	59.95506737	60.2682266	1	0	0	0	0
2024-06-19 22:26:20	34.23155125	60.02174557	60.2682266	1	0	0	0	0
2024-06-19 22:26:30	34.319212525000005	60.081431225	60.2682266	1	0	0	0	0
2024-06-19 22:26:40	34.460334025	60.128130725000005	60.2682266	1	0	0	0	0
2024-06-19 22:26:50	34.511176875	60.1348773925	60.2682266	1	0	0	0	0
2024-06-19 22:27:00	34.394359375	60.0674259425	60.2682266	1	0	0	0	0
2024-06-19 22:27:10	34.2869900375	60.007587465	60.2682266	1	0	0	0	0
2024-06-19 22:27:20	34.2869900375	60.007587465	60.2682266	1	0	0	0	0
2024-06-19 22:27:30	34.2869900375	60.007587465	60.2682266	1	0	0	0	0
2024-06-19 22:27:40	34.2869900375	60.007587465	60.2682266	1	0	0	0	0
2024-06-19 22:27:50	34.2869900375	60.007587465	60.2682266	1	0	0	0	0
2024-06-19 22:28:00	34.2869900375	60.007587465	60.2682266	1	0	0	0	0
2024-06-19 22:28:10	34.2869900375	60.007587465	60.2682266	1	0	0	0	0
2024-06-19 22:28:20	34.2869900375	60.007587465	60.2682266	1	0	0	0	0
2024-06-19 22:28:30	34.2869900375	60.007587465	60.2682266	1	0	0	0	0
2024-06-19 22:28:40	34.2869900375	60.007587465	60.2682266	1	0	0	0	0
2024-06-19 22:28:50	34.2869900375	60.007587465	60.2682266	1	0	0	0	0
2024-06-19 22:29:00	34.2869900375	60.007587465	60.2682266	1	0	0	0	0
2024-06-19 22:29:10	34.2869900375	60.007587465	60.2682266	1	0	0	0	0
2024-06-19 22:29:20	34.2869900375	60.007587465	60.2682266	1	0	0	0	0
2024-06-19 22:29:30	34.2869900375	60.007587465	60.2682266	1	0	0	0	0
2024-06-19 22:29:40	34.2869900375	60.007587465	60.2682266	1	0	0	0	0
2024-06-19 22:29:50	34.2869900375	60.007587465	60.2682266	1	0	0	0	0
2024-06-19 22:30:00	34.2869900375	60.007587465	60.2682266	1	0	0	0	0
2024-06-19 22:30:10	34.9811835	60.4852749	60.2682266	1	0	0	0	0
2024-06-19 22:30:20	35.066193500000004	60.5067669	60.2682266	1	0	0	0	0
2024-06-19 22:30:30	35.072086000000006	60.494672025	60.2682266	1	0	0	0	0
2024-06-19 22:30:40	34.931046	60.420201525	60.2682266	1	0	0	0	0
2024-06-19 22:30:50	34.8013726	60.3582007025	60.2682266	1	0	0	0	0
2024-06-19 22:31:00	34.6928086	60.319357852500005	60.2682266	1	0	0	0	0
2024-06-19 22:31:10	34.58297074	60.2596945	60.2682266	1	0	0	0	0
2024-06-19 22:31:20	34.47076714	60.161364500000005	60.2682266	1	0	0	0	0
2024-06-19 22:31:30	34.40987746	60.114924415000004	60.2682266	1	0	0	0	0
2024-06-19 22:31:40	34.44428506	60.164851315	60.2682266	1	0	0	0	0
2024-06-19 22:31:50	34.4754896525	60.199084215	60.2682266	1	0	0	0	0
2024-06-19 22:32:00	34.5007458025	60.204171115	60.2682266	1	0	0	0	0
2024-06-19 22:32:10	34.471794110000005	60.1304591375	60.2682266	1	0	0	0	0
2024-06-19 22:32:20	34.471794110000005	60.1304591375	60.2682266	1	0	0	0	0
2024-06-19 22:32:30	34.471794110000005	60.1304591375	60.2682266	1	0	0	0	0
2024-06-19 22:32:40	34.471794110000005	60.1304591375	60.2682266	1	0	0	0	0
2024-06-19 22:32:50	34.471794110000005	60.1304591375	60.2682266	1	0	0	0	0
2024-06-19 22:33:00	34.471794110000005	60.1304591375	60.2682266	1	0	0	0	0
2024-06-19 22:33:10	34.471794110000005	60.1304591375	60.2682266	1	0	0	0	0
2024-06-19 22:33:20	34.471794110000005	60.1304591375	60.2682266	1	0	0	0	0
2024-06-19 22:33:30	34.471794110000005	60.1304591375	60.2682266	1	0	0	0	0
2024-06-19 22:33:40	34.471794110000005	60.1304591375	60.2682266	1	0	0	0	0
2024-06-19 22:33:50	34.471794110000005	60.1304591375	60.2682266	1	0	0	0	0
2024-06-19 22:34:00	34.471794110000005	60.1304591375	60.2682266	1	0	0	0	0
2024-06-19 22:34:10	34.471794110000005	60.1304591375	60.2682266	1	0	0	0	0
2024-06-19 22:34:20	34.471794110000005	60.1304591375	60.2682266	1	0	0	0	0
2024-06-19 22:34:30	34.471794110000005	60.1304591375	60.2682266	1	0	0	0	0
2024-06-19 22:34:40	34.471794110000005	60.1304591375	60.2682266	1	0	0	0	0
2024-06-19 22:34:50	34.471794110000005	60.1304591375	60.2682266	1	0	0	0	0
2024-06-19 22:35:00	34.471794110000005	60.1304591375	60.2682266	1	0	0	0	0
2024-06-19 22:35:10	35.067705669999995	60.480384125	60.2682266	1	0	0	0	0
2024-06-19 22:35:20	34.95809987	60.427281625	60.2682266	1	0	0	0	0
2024-06-19 22:35:30	34.8778302825	60.387903079999994	60.2682266	1	0	0	0	0
2024-06-19 22:35:40	34.8520422325	60.37401188	60.2682266	1	0	0	0	0
2024-06-19 22:35:50	34.8021455	60.34383259	60.2682266	1	0	0	0	0
2024-06-19 22:36:00	34.7074755	60.283403990000004	60.2682266	1	0	0	0	0
2024-06-19 22:36:10	34.623928500000005	60.226207955	60.2682266	1	0	0	0	0
2024-06-19 22:36:20	34.5610385	60.175015255	60.2682266	1	0	0	0	0
2024-06-19 22:36:30	34.503448678391955	60.1396048241206	60.2682266	1	0	0	0	0
2024-06-19 22:36:40	34.455702045226126	60.133504321608044	60.2682266	1	0	0	0	0
2024-06-19 22:36:50	34.42183941791045	60.13439462686568	60.2682266	1	0	0	0	0
2024-06-19 22:37:00	34.41265946766169	60.14771303482588	60.2682266	1	0	0	0	0
2024-06-19 22:37:10	34.3985661475	60.143093695000005	60.2682266	1	0	0	0	0
2024-06-19 22:37:20	34.3985661475	60.143093695000005	60.2682266	1	0	0	0	0
2024-06-19 22:37:30	34.3985661475	60.143093695000005	60.2682266	1	0	0	0	0
2024-06-19 22:37:40	34.3985661475	60.143093695000005	60.2682266	1	0	0	0	0
2024-06-19 22:37:50	34.3985661475	60.143093695000005	60.2682266	1	0	0	0	0
2024-06-19 22:38:00	34.3985661475	60.143093695000005	60.2682266	1	0	0	0	0
2024-06-19 22:38:10	34.3985661475	60.143093695000005	60.2682266	1	0	0	0	0
2024-06-19 22:38:20	34.3985661475	60.143093695000005	60.2682266	1	0	0	0	0
2024-06-19 22:38:30	34.3985661475	60.143093695000005	60.2682266	1	0	0	0	0
2024-06-19 22:38:40	34.3985661475	60.143093695000005	60.2682266	1	0	0	0	0
2024-06-19 22:38:50	34.3985661475	60.143093695000005	60.2682266	1	0	0	0	0
2024-06-19 22:39:00	34.3985661475	60.143093695000005	60.2682266	1	0	0	0	0
2024-06-19 22:39:10	34.3985661475	60.143093695000005	60.2682266	1	0	0	0	0
2024-06-19 22:39:20	34.3985661475	60.143093695000005	60.2682266	1	0	0	0	0
2024-06-19 22:39:30	34.3985661475	60.143093695000005	60.2682266	1	0	0	0	0
2024-06-19 22:39:40	34.3985661475	60.143093695000005	60.2682266	1	0	0	0	0
2024-06-19 22:39:50	34.3985661475	60.143093695000005	60.2682266	1	0	0	0	0
2024-06-19 22:40:00	34.3985661475	60.143093695000005	60.2682266	1	0	0	0	0
2024-06-19 22:40:10	34.2626330725	60.07853625	60.2682266	1	0	0	0	0
2024-06-19 22:40:20	34.369942422499996	60.123611249999996	60.2682266	1	0	0	0	0
2024-06-19 22:40:30	34.477023887499996	60.19624581	60.2682266	1	0	0	0	0
2024-06-19 22:40:40	34.5836821375	60.32006241	60.2682266	1	0	0	0	0
2024-06-19 22:40:50	34.756785	60.445132640000004	60.2682266	1	0	0	0	0
2024-06-19 22:41:00	35.053285	60.57253104	60.2682266	1	0	0	0	0
2024-06-19 22:41:10	35.236541134999996	60.651037205	60.2682266	1	0	0	0	0
2024-06-19 22:41:20	35.209487235	60.638743505	60.2682266	1	0	0	0	0
2024-06-19 22:41:30	35.182913815	60.6302031875	60.2682266	1	0	0	0	0
2024-06-19 22:41:40	35.157232715	60.6286334375	60.2682266	1	0	0	0	0
2024-06-19 22:41:50	35.1322275	60.6098710575	60.2682266	1	0	0	0	0
2024-06-19 22:42:00	35.1084775	60.5591795075	60.2682266	1	0	0	0	0
2024-06-19 22:42:10	35.0739448575	60.50685925	60.2682266	1	0	0	0	0
2024-06-19 22:42:20	35.0739448575	60.50685925	60.2682266	1	0	0	0	0
2024-06-19 22:42:30	35.0739448575	60.50685925	60.2682266	1	0	0	0	0
2024-06-19 22:42:40	35.0739448575	60.50685925	60.2682266	1	0	0	0	0
2024-06-19 22:42:50	35.0739448575	60.50685925	60.2682266	1	0	0	0	0
2024-06-19 22:43:00	35.0739448575	60.50685925	60.2682266	1	0	0	0	0
2024-06-19 22:43:10	35.0739448575	60.50685925	60.2682266	1	0	0	0	0
2024-06-19 22:43:20	35.0739448575	60.50685925	60.2682266	1	0	0	0	0
2024-06-19 22:43:30	35.0739448575	60.50685925	60.2682266	1	0	0	0	0
2024-06-19 22:43:40	35.0739448575	60.50685925	60.2682266	1	0	0	0	0
2024-06-19 22:43:50	35.0739448575	60.50685925	60.2682266	1	0	0	0	0
2024-06-19 22:44:00	35.0739448575	60.50685925	60.2682266	1	0	0	0	0
2024-06-19 22:44:10	35.0739448575	60.50685925	60.2682266	1	0	0	0	0
2024-06-19 22:44:20	35.0739448575	60.50685925	60.2682266	1	0	0	0	0
2024-06-19 22:44:30	35.0739448575	60.50685925	60.2682266	1	0	0	0	0
2024-06-19 22:44:40	35.0739448575	60.50685925	60.2682266	1	0	0	0	0
2024-06-19 22:44:50	35.0739448575	60.50685925	60.2682266	1	0	0	0	0
2024-06-19 22:45:00	35.0739448575	60.50685925	60.2682266	1	0	0	0	0
2024-06-19 22:45:10	34.309325	60.148539985	60.2682266	1	0	0	0	0
2024-06-19 22:45:20	34.486025	60.244985085	60.2682266	1	0	0	0	0
2024-06-19 22:45:30	34.610281367499994	60.30861513	60.2682266	1	0	0	0	0
2024-06-19 22:45:40	34.637142417499994	60.31130293	60.2682266	1	0	0	0	0
2024-06-19 22:45:50	34.685172885	60.321154879999995	60.2682266	1	0	0	0	0
2024-06-19 22:46:00	34.772517985	60.34431168	60.2682266	1	0	0	0	0
2024-06-19 22:46:10	34.766781897499996	60.3249415725	60.2682266	1	0	0	0	0
2024-06-19 22:46:20	34.5881807475	60.2265929225	60.2682266	1	0	0	0	0
2024-06-19 22:46:30	34.4412765075	60.14800109	60.2682266	1	0	0	0	0
2024-06-19 22:46:40	34.3532379575	60.10610049	60.2682266	1	0	0	0	0
2024-06-19 22:46:50	34.28979046	60.0727567075	60.2682266	1	0	0	0	0
2024-06-19 22:47:00	34.27201206	60.0553041575	60.2682266	1	0	0	0	0
2024-06-19 22:47:10	34.2876972825	60.06579825	60.2682266	1	0	0	0	0
2024-06-19 22:47:20	34.2876972825	60.06579825	60.2682266	1	0	0	0	0
2024-06-19 22:47:30	34.2876972825	60.06579825	60.2682266	1	0	0	0	0
2024-06-19 22:47:40	34.2876972825	60.06579825	60.2682266	1	0	0	0	0
2024-06-19 22:47:50	34.2876972825	60.06579825	60.2682266	1	0	0	0	0
2024-06-19 22:48:00	34.2876972825	60.06579825	60.2682266	1	0	0	0	0
2024-06-19 22:48:10	34.2876972825	60.06579825	60.2682266	1	0	0	0	0
2024-06-19 22:48:20	34.2876972825	60.06579825	60.2682266	1	0	0	0	0
2024-06-19 22:48:30	34.2876972825	60.06579825	60.2682266	1	0	0	0	0
2024-06-19 22:48:40	34.2876972825	60.06579825	60.2682266	1	0	0	0	0
2024-06-19 22:48:50	34.2876972825	60.06579825	60.2682266	1	0	0	0	0
2024-06-19 22:49:00	34.2876972825	60.06579825	60.2682266	1	0	0	0	0
2024-06-19 22:49:10	34.2876972825	60.06579825	60.2682266	1	0	0	0	0
2024-06-19 22:49:20	34.2876972825	60.06579825	60.2682266	1	0	0	0	0
2024-06-19 22:49:30	34.2876972825	60.06579825	60.2682266	1	0	0	0	0
2024-06-19 22:49:40	34.2876972825	60.06579825	60.2682266	1	0	0	0	0
2024-06-19 22:49:50	34.2876972825	60.06579825	60.2682266	1	0	0	0	0
2024-06-19 22:50:00	34.2876972825	60.06579825	60.2682266	1	0	0	0	0
2024-06-19 22:50:10	33.8947067	59.90657	60.2682266	1	0	0	0	0
2024-06-19 22:50:20	33.81775541428571	59.85037769642857	60.2682266	1	0	0	0	0
2024-06-19 22:50:30	33.859366515000005	59.873416325	60.2682266	1	0	0	0	0
2024-06-19 22:50:40	34.168801415000004	60.078383825	60.2682266	1	0	0	0	0
2024-06-19 22:50:50	34.4398161325	60.2666427275	60.2682266	1	0	0	0	0
2024-06-19 22:51:00	34.6394790825	60.4238713775	60.2682266	1	0	0	0	0
2024-06-19 22:51:10	34.782973000000005	60.517734749999995	60.2682266	1	0	0	0	0
2024-06-19 22:51:20	34.822153	60.493919749999996	60.2682266	1	0	0	0	0
2024-06-19 22:51:30	34.84080025	60.44531775	60.2682266	1	0	0	0	0
2024-06-19 22:51:40	34.82131525	60.35068275	60.2682266	1	0	0	0	0
2024-06-19 22:51:50	34.7523945	60.281217999999996	60.2682266	1	0	0	0	0
2024-06-19 22:52:00	34.5916645	60.258497999999996	60.2682266	1	0	0	0	0
2024-06-19 22:52:10	34.4951675325	60.260726805	60.2682266	1	0	0	0	0
2024-06-19 22:52:20	34.4951675325	60.260726805	60.2682266	1	0	0	0	0
2024-06-19 22:52:30	34.4951675325	60.260726805	60.2682266	1	0	0	0	0
2024-06-19 22:52:40	34.4951675325	60.260726805	60.2682266	1	0	0	0	0
2024-06-19 22:52:50	34.4951675325	60.260726805	60.2682266	1	0	0	0	0
2024-06-19 22:53:00	34.4951675325	60.260726805	60.2682266	1	0	0	0	0
2024-06-19 22:53:10	34.4951675325	60.260726805	60.2682266	1	0	0	0	0
2024-06-19 22:53:20	34.4951675325	60.260726805	60.2682266	1	0	0	0	0
2024-06-19 22:53:30	34.4951675325	60.260726805	60.2682266	1	0	0	0	0
2024-06-19 22:53:40	34.4951675325	60.260726805	60.2682266	1	0	0	0	0
2024-06-19 22:53:50	34.4951675325	60.260726805	60.2682266	1	0	0	0	0
2024-06-19 22:54:00	34.4951675325	60.260726805	60.2682266	1	0	0	0	0
2024-06-19 22:54:10	34.4951675325	60.260726805	60.2682266	1	0	0	0	0
2024-06-19 22:54:20	34.4951675325	60.260726805	60.2682266	1	0	0	0	0
2024-06-19 22:54:30	34.4951675325	60.260726805	60.2682266	1	0	0	0	0
2024-06-19 22:54:40	34.4951675325	60.260726805	60.2682266	1	0	0	0	0
2024-06-19 22:54:50	34.4951675325	60.260726805	60.2682266	1	0	0	0	0
2024-06-19 22:55:00	34.4951675325	60.260726805	60.2682266	1	0	0	0	0
2024-06-19 22:55:10	35.368943362500005	60.659021872500006	60.2682266	1	0	0	0	0
2024-06-19 22:55:20	35.351610112500005	60.6466692225	60.2682266	1	0	0	0	0
2024-06-19 22:55:30	35.3178291375	60.62962267	60.2682266	1	0	0	0	0
2024-06-19 22:55:40	35.2535023875	60.60385887	60.2682266	1	0	0	0	0
2024-06-19 22:55:50	35.16759249748743	60.553990369849245	60.2682266	1	0	0	0	0
2024-06-19 22:56:00	35.04159963316583	60.45935599798995	60.2682266	1	0	0	0	0
2024-06-19 22:56:10	34.97521568656716	60.40872728955224	60.2682266	1	0	0	0	0
2024-06-19 22:56:20	35.01480314925373	60.43633087164179	60.2682266	1	0	0	0	0
2024-06-19 22:56:30	35.0411858775	60.450833890000006	60.2682266	1	0	0	0	0
2024-06-19 22:56:40	35.0430455275	60.44100729	60.2682266	1	0	0	0	0
2024-06-19 22:56:50	35.0028415475	60.40796316	60.2682266	1	0	0	0	0
2024-06-19 22:57:00	34.8845193975	60.33180076	60.2682266	1	0	0	0	0
2024-06-19 22:57:10	34.830181499999995	60.298324290000004	60.2682266	1	0	0	0	0
2024-06-19 22:57:20	34.830181499999995	60.298324290000004	60.2682266	1	0	0	0	0
2024-06-19 22:57:30	34.830181499999995	60.298324290000004	60.2682266	1	0	0	0	0
2024-06-19 22:57:40	34.830181499999995	60.298324290000004	60.2682266	1	0	0	0	0
2024-06-19 22:57:50	34.830181499999995	60.298324290000004	60.2682266	1	0	0	0	0
2024-06-19 22:58:00	34.830181499999995	60.298324290000004	60.2682266	1	0	0	0	0
2024-06-19 22:58:10	34.830181499999995	60.298324290000004	60.2682266	1	0	0	0	0
2024-06-19 22:58:20	34.830181499999995	60.298324290000004	60.2682266	1	0	0	0	0
2024-06-19 22:58:30	34.830181499999995	60.298324290000004	60.2682266	1	0	0	0	0
2024-06-19 22:58:40	34.830181499999995	60.298324290000004	60.2682266	1	0	0	0	0
2024-06-19 22:58:50	34.830181499999995	60.298324290000004	60.2682266	1	0	0	0	0
2024-06-19 22:59:00	34.830181499999995	60.298324290000004	60.2682266	1	0	0	0	0
2024-06-19 22:59:10	34.830181499999995	60.298324290000004	60.2682266	1	0	0	0	0
2024-06-19 22:59:20	34.830181499999995	60.298324290000004	60.2682266	1	0	0	0	0
2024-06-19 22:59:30	34.830181499999995	60.298324290000004	60.2682266	1	0	0	0	0
2024-06-19 22:59:40	34.830181499999995	60.298324290000004	60.2682266	1	0	0	0	0
2024-06-19 22:59:50	34.830181499999995	60.298324290000004	60.2682266	1	0	0	0	0
2024-06-19 23:00:00	34.830181499999995	60.298324290000004	60.2682266	1	0	0	0	0
2024-06-19 23:00:10	35.0229064975	60.40327473	60.2682266	1	0	0	0	0
2024-06-19 23:00:20	35.0024393475	60.22376653	60.2682266	1	0	0	0	0
2024-06-19 23:00:30	34.8885472925	60.106882587499996	60.2682266	1	0	0	0	0
2024-06-19 23:00:40	34.6011518425	60.1063008375	60.2682266	1	0	0	0	0
2024-06-19 23:00:50	34.45430375477387	60.108900267839196	60.2682266	1	0	0	0	0
2024-06-19 23:01:00	34.56847219698493	60.11740760452261	60.2682266	1	0	0	0	0
2024-06-19 23:01:10	34.57606401980198	60.10349706039604	60.2682266	1	0	0	0	0
2024-06-19 23:01:20	34.394186297029705	60.0497325059406	60.2682266	1	0	0	0	0
2024-06-19 23:01:30	34.26999746231156	60.01468000753769	60.2682266	1	0	0	0	0
2024-06-19 23:01:40	34.25779293969849	60.0159509120603	60.2682266	1	0	0	0	0
2024-06-19 23:01:50	34.2996987225	60.04183098	60.2682266	1	0	0	0	0
2024-06-19 23:02:00	34.4420950725	60.11341378	60.2682266	1	0	0	0	0
2024-06-19 23:02:10	34.5221239775	60.160633395	60.2682266	1	0	0	0	0
2024-06-19 23:02:20	34.5221239775	60.160633395	60.2682266	1	0	0	0	0
2024-06-19 23:02:30	34.5221239775	60.160633395	60.2682266	1	0	0	0	0
2024-06-19 23:02:40	34.5221239775	60.160633395	60.2682266	1	0	0	0	0
2024-06-19 23:02:50	34.5221239775	60.160633395	60.2682266	1	0	0	0	0
2024-06-19 23:03:00	34.5221239775	60.160633395	60.2682266	1	0	0	0	0
2024-06-19 23:03:10	34.5221239775	60.160633395	60.2682266	1	0	0	0	0
2024-06-19 23:03:20	34.5221239775	60.160633395	60.2682266	1	0	0	0	0
2024-06-19 23:03:30	34.5221239775	60.160633395	60.2682266	1	0	0	0	0
2024-06-19 23:03:40	34.5221239775	60.160633395	60.2682266	1	0	0	0	0
2024-06-19 23:03:50	34.5221239775	60.160633395	60.2682266	1	0	0	0	0
2024-06-19 23:04:00	34.5221239775	60.160633395	60.2682266	1	0	0	0	0
2024-06-19 23:04:10	34.5221239775	60.160633395	60.2682266	1	0	0	0	0
2024-06-19 23:04:20	34.5221239775	60.160633395	60.2682266	1	0	0	0	0
2024-06-19 23:04:30	34.5221239775	60.160633395	60.2682266	1	0	0	0	0
2024-06-19 23:04:40	34.5221239775	60.160633395	60.2682266	1	0	0	0	0
2024-06-19 23:04:50	34.5221239775	60.160633395	60.2682266	1	0	0	0	0
2024-06-19 23:05:00	34.5221239775	60.160633395	60.2682266	1	0	0	0	0
2024-06-19 23:05:10	34.227568725	60.0565414075	60.2682266	1	0	0	0	0
2024-06-19 23:05:20	34.442422225	60.1570968575	60.2682266	1	0	0	0	0
2024-06-19 23:05:30	34.568245524999995	60.221610742500005	60.2682266	1	0	0	0	0
2024-06-19 23:05:40	34.528727024999995	60.2191902925	60.2682266	1	0	0	0	0
2024-06-19 23:05:50	34.546901545	60.243823215	60.2682266	1	0	0	0	0
2024-06-19 23:06:00	34.672220245	60.318698115	60.2682266	1	0	0	0	0
2024-06-19 23:06:10	34.7743407525	60.36691061	60.2682266	1	0	0	0	0
2024-06-19 23:06:20	34.8333789025	60.36560721	60.2682266	1	0	0	0	0
2024-06-19 23:06:30	34.8349470525	60.351245905	60.2682266	1	0	0	0	0
2024-06-19 23:06:40	34.729785202500004	60.312634205	60.2682266	1	0	0	0	0
2024-06-19 23:06:50	34.7341086375	60.33924539	60.2682266	1	0	0	0	0
2024-06-19 23:07:00	34.9417618875	60.48698479	60.2682266	1	0	0	0	0
2024-06-19 23:07:10	35.0513078625	60.5513050675	60.2682266	1	0	0	0	0
2024-06-19 23:07:20	35.0513078625	60.5513050675	60.2682266	1	0	0	0	0
2024-06-19 23:07:30	35.0513078625	60.5513050675	60.2682266	1	0	0	0	0
2024-06-19 23:07:40	35.0513078625	60.5513050675	60.2682266	1	0	0	0	0
2024-06-19 23:07:50	35.0513078625	60.5513050675	60.2682266	1	0	0	0	0
2024-06-19 23:08:00	35.0513078625	60.5513050675	60.2682266	1	0	0	0	0
2024-06-19 23:08:10	35.0513078625	60.5513050675	60.2682266	1	0	0	0	0
2024-06-19 23:08:20	35.0513078625	60.5513050675	60.2682266	1	0	0	0	0
2024-06-19 23:08:30	35.0513078625	60.5513050675	60.2682266	1	0	0	0	0
2024-06-19 23:08:40	35.0513078625	60.5513050675	60.2682266	1	0	0	0	0
2024-06-19 23:08:50	35.0513078625	60.5513050675	60.2682266	1	0	0	0	0
2024-06-19 23:09:00	35.0513078625	60.5513050675	60.2682266	1	0	0	0	0
2024-06-19 23:09:10	35.0513078625	60.5513050675	60.2682266	1	0	0	0	0
2024-06-19 23:09:20	35.0513078625	60.5513050675	60.2682266	1	0	0	0	0
2024-06-19 23:09:30	35.0513078625	60.5513050675	60.2682266	1	0	0	0	0
2024-06-19 23:09:40	35.0513078625	60.5513050675	60.2682266	1	0	0	0	0
2024-06-19 23:09:50	35.0513078625	60.5513050675	60.2682266	1	0	0	0	0
2024-06-19 23:10:00	35.0513078625	60.5513050675	60.2682266	1	0	0	0	0
2024-06-19 23:10:10	34.628957872499996	60.22591714	60.2682266	1	0	0	0	0
2024-06-19 23:10:20	34.559307222499996	60.16266754	60.2682266	1	0	0	0	0
2024-06-19 23:10:30	34.4906412975	60.116752372499995	60.2682266	1	0	0	0	0
2024-06-19 23:10:40	34.4238041475	60.1030297225	60.2682266	1	0	0	0	0
2024-06-19 23:10:50	34.4140615	60.1381281175	60.2682266	1	0	0	0	0
2024-06-19 23:11:00	34.510351500000006	60.2638941675	60.2682266	1	0	0	0	0
2024-06-19 23:11:10	34.692341415	60.3924903	60.2682266	1	0	0	0	0
2024-06-19 23:11:20	35.033488315	60.5263423	60.2682266	1	0	0	0	0
2024-06-19 23:11:30	35.3033851025	60.637548915	60.2682266	1	0	0	0	0
2024-06-19 23:11:40	35.4409602525	60.706699815	60.2682266	1	0	0	0	0
2024-06-19 23:11:50	35.54648459	60.745624767500004	60.2682266	1	0	0	0	0
2024-06-19 23:12:00	35.59248599	60.7284158175	60.2682266	1	0	0	0	0
2024-06-19 23:12:10	35.494377305	60.639908	60.2682266	1	0	0	0	0
2024-06-19 23:12:20	35.494377305	60.639908	60.2682266	1	0	0	0	0
2024-06-19 23:12:30	35.494377305	60.639908	60.2682266	1	0	0	0	0
2024-06-19 23:12:40	35.494377305	60.639908	60.2682266	1	0	0	0	0
2024-06-19 23:12:50	35.494377305	60.639908	60.2682266	1	0	0	0	0
2024-06-19 23:13:00	35.494377305	60.639908	60.2682266	1	0	0	0	0
2024-06-19 23:13:10	35.494377305	60.639908	60.2682266	1	0	0	0	0
2024-06-19 23:13:20	35.494377305	60.639908	60.2682266	1	0	0	0	0
2024-06-19 23:13:30	35.494377305	60.639908	60.2682266	1	0	0	0	0
2024-06-19 23:13:40	35.494377305	60.639908	60.2682266	1	0	0	0	0
2024-06-19 23:13:50	35.494377305	60.639908	60.2682266	1	0	0	0	0
2024-06-19 23:14:00	35.494377305	60.639908	60.2682266	1	0	0	0	0
2024-06-19 23:14:10	35.494377305	60.639908	60.2682266	1	0	0	0	0
2024-06-19 23:14:20	35.494377305	60.639908	60.2682266	1	0	0	0	0
2024-06-19 23:14:30	35.494377305	60.639908	60.2682266	1	0	0	0	0
2024-06-19 23:14:40	35.494377305	60.639908	60.2682266	1	0	0	0	0
2024-06-19 23:14:50	35.494377305	60.639908	60.2682266	1	0	0	0	0
2024-06-19 23:15:00	35.494377305	60.639908	60.2682266	1	0	0	0	0
2024-06-19 23:15:10	35.76300163582089	60.89514266865672	60.2682266	1	0	0	0	0
2024-06-19 23:15:20	35.26397840199005	60.54247674825871	60.2682266	1	0	0	0	0
2024-06-19 23:15:30	34.85524755	60.2639149875	60.2682266	1	0	0	0	0
2024-06-19 23:15:40	34.61420255	60.1229752375	60.2682266	1	0	0	0	0
2024-06-19 23:15:50	34.3756874725	59.99040488	60.2682266	1	0	0	0	0
2024-06-19 23:16:00	34.1418708225	59.873377680000004	60.2682266	1	0	0	0	0
2024-06-19 23:16:10	34.01467844221106	59.813592914572865	60.2682266	1	0	0	0	0
2024-06-19 23:16:20	34.08550256281407	59.86011552763819	60.2682266	1	0	0	0	0
2024-06-19 23:16:30	34.12827724179105	59.90286611940299	60.2682266	1	0	0	0	0
2024-06-19 23:16:40	34.12118624676617	59.93891089552238	60.2682266	1	0	0	0	0
2024-06-19 23:16:50	34.1655702225	59.95940959	60.2682266	1	0	0	0	0
2024-06-19 23:17:00	34.305550572499996	59.95103699	60.2682266	1	0	0	0	0
2024-06-19 23:17:10	34.37795652864321	59.96400325226131	60.2682266	1	0	0	0	0
2024-06-19 23:17:20	34.37795652864321	59.96400325226131	60.2682266	1	0	0	0	0
2024-06-19 23:17:30	34.37795652864321	59.96400325226131	60.2682266	1	0	0	0	0
2024-06-19 23:17:40	34.37795652864321	59.96400325226131	60.2682266	1	0	0	0	0
2024-06-19 23:17:50	34.37795652864321	59.96400325226131	60.2682266	1	0	0	0	0
2024-06-19 23:18:00	34.37795652864321	59.96400325226131	60.2682266	1	0	0	0	0
2024-06-19 23:18:10	34.37795652864321	59.96400325226131	60.2682266	1	0	0	0	0
2024-06-19 23:18:20	34.37795652864321	59.96400325226131	60.2682266	1	0	0	0	0
2024-06-19 23:18:30	34.37795652864321	59.96400325226131	60.2682266	1	0	0	0	0
2024-06-19 23:18:40	34.37795652864321	59.96400325226131	60.2682266	1	0	0	0	0
2024-06-19 23:18:50	34.37795652864321	59.96400325226131	60.2682266	1	0	0	0	0
2024-06-19 23:19:00	34.37795652864321	59.96400325226131	60.2682266	1	0	0	0	0
2024-06-19 23:19:10	34.37795652864321	59.96400325226131	60.2682266	1	0	0	0	0
2024-06-19 23:19:20	34.37795652864321	59.96400325226131	60.2682266	1	0	0	0	0
2024-06-19 23:19:30	34.37795652864321	59.96400325226131	60.2682266	1	0	0	0	0
2024-06-19 23:19:40	34.37795652864321	59.96400325226131	60.2682266	1	0	0	0	0
2024-06-19 23:19:50	34.37795652864321	59.96400325226131	60.2682266	1	0	0	0	0
2024-06-19 23:20:00	34.37795652864321	59.96400325226131	60.2682266	1	0	0	0	0
2024-06-19 23:20:10	33.6088181	59.643425	60.2682266	1	0	0	0	0
2024-06-19 23:20:20	33.650779835099335	59.658103149668875	60.2682266	1	0	0	0	0
2024-06-19 23:20:30	33.701191785	59.695317179999996	60.2682266	1	0	0	0	0
2024-06-19 23:20:40	33.754610885	59.769945979999996	60.2682266	1	0	0	0	0
2024-06-19 23:20:50	33.8721142325	59.86687704249999	60.2682266	1	0	0	0	0
2024-06-19 23:21:00	34.1086311825	60.005226592499994	60.2682266	1	0	0	0	0
2024-06-19 23:21:10	34.25344619	60.080050635	60.2682266	1	0	0	0	0
2024-06-19 23:21:20	34.22795759	60.036898735	60.2682266	1	0	0	0	0
2024-06-19 23:21:30	34.1182712925	59.969966750000005	60.2682266	1	0	0	0	0
2024-06-19 23:21:40	33.852217842499996	59.85887175	60.2682266	1	0	0	0	0
2024-06-19 23:21:50	33.7032229075	59.79723875	60.2682266	1	0	0	0	0
2024-06-19 23:22:00	33.7716223575	59.82746375	60.2682266	1	0	0	0	0
2024-06-19 23:22:10	33.86946841	59.872911125	60.2682266	1	0	0	0	0
2024-06-19 23:22:20	33.86946841	59.872911125	60.2682266	1	0	0	0	0
2024-06-19 23:22:30	33.86946841	59.872911125	60.2682266	1	0	0	0	0
2024-06-19 23:22:40	33.86946841	59.872911125	60.2682266	1	0	0	0	0
2024-06-19 23:22:50	33.86946841	59.872911125	60.2682266	1	0	0	0	0
2024-06-19 23:23:00	33.86946841	59.872911125	60.2682266	1	0	0	0	0
2024-06-19 23:23:10	33.86946841	59.872911125	60.2682266	1	0	0	0	0
2024-06-19 23:23:20	33.86946841	59.872911125	60.2682266	1	0	0	0	0
2024-06-19 23:23:30	33.86946841	59.872911125	60.2682266	1	0	0	0	0
2024-06-19 23:23:40	33.86946841	59.872911125	60.2682266	1	0	0	0	0
2024-06-19 23:23:50	33.86946841	59.872911125	60.2682266	1	0	0	0	0
2024-06-19 23:24:00	33.86946841	59.872911125	60.2682266	1	0	0	0	0
2024-06-19 23:24:10	33.86946841	59.872911125	60.2682266	1	0	0	0	0
2024-06-19 23:24:20	33.86946841	59.872911125	60.2682266	1	0	0	0	0
2024-06-19 23:24:30	33.86946841	59.872911125	60.2682266	1	0	0	0	0
2024-06-19 23:24:40	33.86946841	59.872911125	60.2682266	1	0	0	0	0
2024-06-19 23:24:50	33.86946841	59.872911125	60.2682266	1	0	0	0	0
2024-06-19 23:25:00	33.86946841	59.872911125	60.2682266	1	0	0	0	0
2024-06-19 23:25:10	33.64268766834171	59.72405123316583	60.2682266	1	0	0	0	0
2024-06-19 23:25:20	33.54566786934673	59.70093721306532	60.2682266	1	0	0	0	0
2024-06-19 23:25:30	33.4686500625	59.6857638075	60.2682266	1	0	0	0	0
2024-06-19 23:25:40	33.4287788125	59.6853372575	60.2682266	1	0	0	0	0
2024-06-19 23:25:50	33.413104812499995	59.6952862825	60.2682266	1	0	0	0	0
2024-06-19 23:26:00	33.4423685625	59.7245042325	60.2682266	1	0	0	0	0
2024-06-19 23:26:10	33.5124087825	59.7664356175	60.2682266	1	0	0	0	0
2024-06-19 23:26:20	33.6581767325	59.8319776675	60.2682266	1	0	0	0	0
2024-06-19 23:26:30	33.761070277500004	59.879732000000004	60.2682266	1	0	0	0	0
2024-06-19 23:26:40	33.7843399275	59.894452	60.2682266	1	0	0	0	0
2024-06-19 23:26:50	33.758535692500004	59.900044	60.2682266	1	0	0	0	0
2024-06-19 23:27:00	33.641594242500005	59.888684000000005	60.2682266	1	0	0	0	0
2024-06-19 23:27:10	33.750364887500005	59.994559265	60.2682266	1	0	0	0	0
2024-06-19 23:27:20	33.750364887500005	59.994559265	60.2682266	1	0	0	0	0
2024-06-19 23:27:30	33.750364887500005	59.994559265	60.2682266	1	0	0	0	0
2024-06-19 23:27:40	33.750364887500005	59.994559265	60.2682266	1	0	0	0	0
2024-06-19 23:27:50	33.750364887500005	59.994559265	60.2682266	1	0	0	0	0
2024-06-19 23:28:00	33.750364887500005	59.994559265	60.2682266	1	0	0	0	0
2024-06-19 23:28:10	33.750364887500005	59.994559265	60.2682266	1	0	0	0	0
2024-06-19 23:28:20	33.750364887500005	59.994559265	60.2682266	1	0	0	0	0
2024-06-19 23:28:30	33.750364887500005	59.994559265	60.2682266	1	0	0	0	0
2024-06-19 23:28:40	33.750364887500005	59.994559265	60.2682266	1	0	0	0	0
2024-06-19 23:28:50	33.750364887500005	59.994559265	60.2682266	1	0	0	0	0
2024-06-19 23:29:00	33.750364887500005	59.994559265	60.2682266	1	0	0	0	0
2024-06-19 23:29:10	33.750364887500005	59.994559265	60.2682266	1	0	0	0	0
2024-06-19 23:29:20	33.750364887500005	59.994559265	60.2682266	1	0	0	0	0
2024-06-19 23:29:30	33.750364887500005	59.994559265	60.2682266	1	0	0	0	0
2024-06-19 23:29:40	33.750364887500005	59.994559265	60.2682266	1	0	0	0	0
2024-06-19 23:29:50	33.750364887500005	59.994559265	60.2682266	1	0	0	0	0
2024-06-19 23:30:00	33.750364887500005	59.994559265	60.2682266	1	0	0	0	0
2024-06-19 23:30:10	34.37075446	60.326190135	60.2682266	1	0	0	0	0
2024-06-19 23:30:20	34.56806206	60.407408235	60.2682266	1	0	0	0	0
2024-06-19 23:30:30	34.6414964	60.4316394925	60.2682266	1	0	0	0	0
2024-06-19 23:30:40	34.4848804	60.350038042499996	60.2682266	1	0	0	0	0
2024-06-19 23:30:50	34.359381115	60.275493607499996	60.2682266	1	0	0	0	0
2024-06-19 23:31:00	34.291670015	60.2140550575	60.2682266	1	0	0	0	0
2024-06-19 23:31:10	34.26587814924623	60.19470369346734	60.2682266	1	0	0	0	0
2024-06-19 23:31:20	34.31793628994975	60.253514246231155	60.2682266	1	0	0	0	0
2024-06-19 23:31:30	34.35848070597015	60.298611125373135	60.2682266	1	0	0	0	0
2024-06-19 23:31:40	34.37855627810946	60.31932814029851	60.2682266	1	0	0	0	0
2024-06-19 23:31:50	34.406607747500004	60.336897215	60.2682266	1	0	0	0	0
2024-06-19 23:32:00	34.4494715975	60.348620115	60.2682266	1	0	0	0	0
2024-06-19 23:32:10	34.4630823075	60.34701575	60.2682266	1	0	0	0	0
2024-06-19 23:32:20	34.4630823075	60.34701575	60.2682266	1	0	0	0	0
2024-06-19 23:32:30	34.4630823075	60.34701575	60.2682266	1	0	0	0	0
2024-06-19 23:32:40	34.4630823075	60.34701575	60.2682266	1	0	0	0	0
2024-06-19 23:32:50	34.4630823075	60.34701575	60.2682266	1	0	0	0	0
2024-06-19 23:33:00	34.4630823075	60.34701575	60.2682266	1	0	0	0	0
2024-06-19 23:33:10	34.4630823075	60.34701575	60.2682266	1	0	0	0	0
2024-06-19 23:33:20	34.4630823075	60.34701575	60.2682266	1	0	0	0	0
2024-06-19 23:33:30	34.4630823075	60.34701575	60.2682266	1	0	0	0	0
2024-06-19 23:33:40	34.4630823075	60.34701575	60.2682266	1	0	0	0	0
2024-06-19 23:33:50	34.4630823075	60.34701575	60.2682266	1	0	0	0	0
2024-06-19 23:34:00	34.4630823075	60.34701575	60.2682266	1	0	0	0	0
2024-06-19 23:34:10	34.4630823075	60.34701575	60.2682266	1	0	0	0	0
2024-06-19 23:34:20	34.4630823075	60.34701575	60.2682266	1	0	0	0	0
2024-06-19 23:34:30	34.4630823075	60.34701575	60.2682266	1	0	0	0	0
2024-06-19 23:34:40	34.4630823075	60.34701575	60.2682266	1	0	0	0	0
2024-06-19 23:34:50	34.4630823075	60.34701575	60.2682266	1	0	0	0	0
2024-06-19 23:35:00	34.4630823075	60.34701575	60.2682266	1	0	0	0	0
2024-06-19 23:35:10	34.399462845	60.2421716675	60.2682266	1	0	0	0	0
2024-06-19 23:35:20	33.770299545	59.8682207175	60.2682266	1	0	0	0	0
2024-06-19 23:35:30	33.287746922500006	59.61418038	60.2682266	1	0	0	0	0
2024-06-19 23:35:40	33.077471272500006	59.58283118	60.2682266	1	0	0	0	0
2024-06-19 23:35:50	33.0238589825	59.602969814999994	60.2682266	1	0	0	0	0
2024-06-19 23:36:00	33.2611929325	59.718728715	60.2682266	1	0	0	0	0
2024-06-19 23:36:10	33.46990894	59.823028072499994	60.2682266	1	0	0	0	0
2024-06-19 23:36:20	33.62547734	59.9060454225	60.2682266	1	0	0	0	0
2024-06-19 23:36:30	33.804328860000005	60.0095042775	60.2682266	1	0	0	0	0
2024-06-19 23:36:40	34.026420460000004	60.1509259275	60.2682266	1	0	0	0	0
2024-06-19 23:36:50	34.18208325	60.240785419999995	60.2682266	1	0	0	0	0
2024-06-19 23:37:00	34.21437825	60.23488662	60.2682266	1	0	0	0	0
2024-06-19 23:37:10	34.266954000000005	60.25169974	60.2682266	1	0	0	0	0
2024-06-19 23:37:20	34.266954000000005	60.25169974	60.2682266	1	0	0	0	0
2024-06-19 23:37:30	34.266954000000005	60.25169974	60.2682266	1	0	0	0	0
2024-06-19 23:37:40	34.266954000000005	60.25169974	60.2682266	1	0	0	0	0
2024-06-19 23:37:50	34.266954000000005	60.25169974	60.2682266	1	0	0	0	0
2024-06-19 23:38:00	34.266954000000005	60.25169974	60.2682266	1	0	0	0	0
2024-06-19 23:38:10	34.266954000000005	60.25169974	60.2682266	1	0	0	0	0
2024-06-19 23:38:20	34.266954000000005	60.25169974	60.2682266	1	0	0	0	0
2024-06-19 23:38:30	34.266954000000005	60.25169974	60.2682266	1	0	0	0	0
2024-06-19 23:38:40	34.266954000000005	60.25169974	60.2682266	1	0	0	0	0
2024-06-19 23:38:50	34.266954000000005	60.25169974	60.2682266	1	0	0	0	0
2024-06-19 23:39:00	34.266954000000005	60.25169974	60.2682266	1	0	0	0	0
2024-06-19 23:39:10	34.266954000000005	60.25169974	60.2682266	1	0	0	0	0
2024-06-19 23:39:20	34.266954000000005	60.25169974	60.2682266	1	0	0	0	0
2024-06-19 23:39:30	34.266954000000005	60.25169974	60.2682266	1	0	0	0	0
2024-06-19 23:39:40	34.266954000000005	60.25169974	60.2682266	1	0	0	0	0
2024-06-19 23:39:50	34.266954000000005	60.25169974	60.2682266	1	0	0	0	0
2024-06-19 23:40:00	34.266954000000005	60.25169974	60.2682266	1	0	0	0	0
2024-06-19 23:40:10	33.883571249999996	60.0906557575	60.2682266	1	0	0	0	0
2024-06-19 23:40:20	33.84514625	60.0646722075	60.2682266	1	0	0	0	0
2024-06-19 23:40:30	33.908825805	60.109170642500004	60.2682266	1	0	0	0	0
2024-06-19 23:40:40	34.162128105	60.2845641925	60.2682266	1	0	0	0	0
2024-06-19 23:40:50	34.347954045	60.378185195	60.2682266	1	0	0	0	0
2024-06-19 23:41:00	34.408466745	60.319942895	60.2682266	1	0	0	0	0
2024-06-19 23:41:10	34.417991959799	60.28380630954774	60.2682266	1	0	0	0	0
2024-06-19 23:41:20	34.33282613065327	60.28872319396985	60.2682266	1	0	0	0	0
2024-06-19 23:41:30	34.30479382686567	60.31381388059702	60.2682266	1	0	0	0	0
2024-06-19 23:41:40	34.37833223482587	60.37476910447761	60.2682266	1	0	0	0	0
2024-06-19 23:41:50	34.451548814999995	60.42658463	60.2682266	1	0	0	0	0
2024-06-19 23:42:00	34.524167715	60.46142643	60.2682266	1	0	0	0	0
2024-06-19 23:42:10	34.6191319625	60.5160216	60.2682266	1	0	0	0	0
2024-06-19 23:42:20	34.6191319625	60.5160216	60.2682266	1	0	0	0	0
2024-06-19 23:42:30	34.6191319625	60.5160216	60.2682266	1	0	0	0	0
2024-06-19 23:42:40	34.6191319625	60.5160216	60.2682266	1	0	0	0	0
2024-06-19 23:42:50	34.6191319625	60.5160216	60.2682266	1	0	0	0	0
2024-06-19 23:43:00	34.6191319625	60.5160216	60.2682266	1	0	0	0	0
2024-06-19 23:43:10	34.6191319625	60.5160216	60.2682266	1	0	0	0	0
2024-06-19 23:43:20	34.6191319625	60.5160216	60.2682266	1	0	0	0	0
2024-06-19 23:43:30	34.6191319625	60.5160216	60.2682266	1	0	0	0	0
2024-06-19 23:43:40	34.6191319625	60.5160216	60.2682266	1	0	0	0	0
2024-06-19 23:43:50	34.6191319625	60.5160216	60.2682266	1	0	0	0	0
2024-06-19 23:44:00	34.6191319625	60.5160216	60.2682266	1	0	0	0	0
2024-06-19 23:44:10	34.6191319625	60.5160216	60.2682266	1	0	0	0	0
2024-06-19 23:44:20	34.6191319625	60.5160216	60.2682266	1	0	0	0	0
2024-06-19 23:44:30	34.6191319625	60.5160216	60.2682266	1	0	0	0	0
2024-06-19 23:44:40	34.6191319625	60.5160216	60.2682266	1	0	0	0	0
2024-06-19 23:44:50	34.6191319625	60.5160216	60.2682266	1	0	0	0	0
2024-06-19 23:45:00	34.6191319625	60.5160216	60.2682266	1	0	0	0	0
2024-06-19 23:45:10	35.1511860375	60.6211622875	60.2682266	1	0	0	0	0
2024-06-19 23:45:20	35.1932732875	60.6751345375	60.2682266	1	0	0	0	0
2024-06-19 23:45:30	35.2392540425	60.706408675	60.2682266	1	0	0	0	0
2024-06-19 23:45:40	35.2924655925	60.695529175	60.2682266	1	0	0	0	0
2024-06-19 23:45:50	35.2339595575	60.63872873	60.2682266	1	0	0	0	0
2024-06-19 23:46:00	34.9679780075	60.49664653	60.2682266	1	0	0	0	0
2024-06-19 23:46:10	34.714631492500004	60.367995807499994	60.2682266	1	0	0	0	0
2024-06-19 23:46:20	34.4847500425	60.264289257499996	60.2682266	1	0	0	0	0
2024-06-19 23:46:30	34.4310176075	60.24519575	60.2682266	1	0	0	0	0
2024-06-19 23:46:40	34.7044190575	60.38324075	60.2682266	1	0	0	0	0
2024-06-19 23:46:50	34.86292375	60.454436695	60.2682266	1	0	0	0	0
2024-06-19 23:47:00	34.80804875	60.401484395	60.2682266	1	0	0	0	0
2024-06-19 23:47:10	34.755153	60.372050205	60.2682266	1	0	0	0	0
2024-06-19 23:47:20	34.755153	60.372050205	60.2682266	1	0	0	0	0
2024-06-19 23:47:30	34.755153	60.372050205	60.2682266	1	0	0	0	0
2024-06-19 23:47:40	34.755153	60.372050205	60.2682266	1	0	0	0	0
2024-06-19 23:47:50	34.755153	60.372050205	60.2682266	1	0	0	0	0
2024-06-19 23:48:00	34.755153	60.372050205	60.2682266	1	0	0	0	0
2024-06-19 23:48:10	34.755153	60.372050205	60.2682266	1	0	0	0	0
2024-06-19 23:48:20	34.755153	60.372050205	60.2682266	1	0	0	0	0
2024-06-19 23:48:30	34.755153	60.372050205	60.2682266	1	0	0	0	0
2024-06-19 23:48:40	34.755153	60.372050205	60.2682266	1	0	0	0	0
2024-06-19 23:48:50	34.755153	60.372050205	60.2682266	1	0	0	0	0
2024-06-19 23:49:00	34.755153	60.372050205	60.2682266	1	0	0	0	0
2024-06-19 23:49:10	34.755153	60.372050205	60.2682266	1	0	0	0	0
2024-06-19 23:49:20	34.755153	60.372050205	60.2682266	1	0	0	0	0
2024-06-19 23:49:30	34.755153	60.372050205	60.2682266	1	0	0	0	0
2024-06-19 23:49:40	34.755153	60.372050205	60.2682266	1	0	0	0	0
2024-06-19 23:49:50	34.755153	60.372050205	60.2682266	1	0	0	0	0
2024-06-19 23:50:00	34.755153	60.372050205	60.2682266	1	0	0	0	0
2024-06-19 23:50:10	35.2103043	60.64073	60.2682266	1	0	0	0	0
2024-06-19 23:50:20	35.07473065460526	60.58222822368421	60.2682266	1	0	0	0	0
2024-06-19 23:50:30	34.988078207499996	60.536423972499996	60.2682266	1	0	0	0	0
2024-06-19 23:50:40	35.0299016575	60.5304353225	60.2682266	1	0	0	0	0
2024-06-19 23:50:50	35.094322735	60.5520257275	60.2682266	1	0	0	0	0
2024-06-19 23:51:00	35.200710835	60.6248343775	60.2682266	1	0	0	0	0
2024-06-19 23:51:10	35.281055557500004	60.669929835	60.2682266	1	0	0	0	0
2024-06-19 23:51:20	35.3130340075	60.663557935	60.2682266	1	0	0	0	0
2024-06-19 23:51:30	35.322294500000005	60.655146865	60.2682266	1	0	0	0	0
2024-06-19 23:51:40	35.289364500000005	60.642948765	60.2682266	1	0	0	0	0
2024-06-19 23:51:50	35.26854625	60.633983475	60.2682266	1	0	0	0	0
2024-06-19 23:52:00	35.27022125	60.631021975	60.2682266	1	0	0	0	0
2024-06-19 23:52:10	35.27022125	60.631021975	60.2682266	1	0	0	0	0
2024-06-19 23:52:20	35.27022125	60.631021975	60.2682266	1	0	0	0	0
2024-06-19 23:52:30	35.27022125	60.631021975	60.2682266	1	0	0	0	0
2024-06-19 23:52:40	35.27022125	60.631021975	60.2682266	1	0	0	0	0
2024-06-19 23:52:50	35.27022125	60.631021975	60.2682266	1	0	0	0	0
2024-06-19 23:53:00	35.27022125	60.631021975	60.2682266	1	0	0	0	0
2024-06-19 23:53:10	35.27022125	60.631021975	60.2682266	1	0	0	0	0
2024-06-19 23:53:20	35.27022125	60.631021975	60.2682266	1	0	0	0	0
2024-06-19 23:53:30	35.27022125	60.631021975	60.2682266	1	0	0	0	0
2024-06-19 23:53:40	35.27022125	60.631021975	60.2682266	1	0	0	0	0
2024-06-19 23:53:50	35.27022125	60.631021975	60.2682266	1	0	0	0	0
2024-06-19 23:54:00	35.27022125	60.631021975	60.2682266	1	0	0	0	0
2024-06-19 23:54:10	35.27022125	60.631021975	60.2682266	1	0	0	0	0
2024-06-19 23:54:20	35.27022125	60.631021975	60.2682266	1	0	0	0	0
2024-06-19 23:54:30	35.27022125	60.631021975	60.2682266	1	0	0	0	0
2024-06-19 23:54:40	35.27022125	60.631021975	60.2682266	1	0	0	0	0
2024-06-19 23:54:50	35.27022125	60.631021975	60.2682266	1	0	0	0	0
2024-06-19 23:55:00	35.27022125	60.631021975	60.2682266	1	0	0	0	0
2024-06-19 23:55:10	35.8365020225	60.8424685325	60.2682266	1	0	0	0	0
2024-06-19 23:55:20	35.939858372500005	60.9099214825	60.2682266	1	0	0	0	0
2024-06-19 23:55:30	36.018716000000005	60.9451233675	60.2682266	1	0	0	0	0
2024-06-19 23:55:40	36.052076	60.9204304175	60.2682266	1	0	0	0	0
2024-06-19 23:55:50	36.0594040325	60.904033500000004	60.2682266	1	0	0	0	0
2024-06-19 23:56:00	36.0183869825	60.9030435	60.2682266	1	0	0	0	0
2024-06-19 23:56:10	36.0300201175	60.91857077	60.2682266	1	0	0	0	0
2024-06-19 23:56:20	36.1394321675	60.96477297	60.2682266	1	0	0	0	0
2024-06-19 23:56:30	36.1784768925	60.9754160975	60.2682266	1	0	0	0	0
2024-06-19 23:56:40	36.0868394425	60.9200209475	60.2682266	1	0	0	0	0
2024-06-19 23:56:50	36.0364214575	60.875147410000004	60.2682266	1	0	0	0	0
2024-06-19 23:57:00	36.0625539075	60.84981401	60.2682266	1	0	0	0	0
2024-06-19 23:57:10	36.006054	60.79598263	60.2682266	1	0	0	0	0
2024-06-19 23:57:20	35.796094	60.68922643	60.2682266	1	0	0	0	0
2024-06-19 23:57:30	35.6889294725	60.6314890425	60.2682266	1	0	0	0	0
2024-06-19 23:57:40	35.7726708225	60.6647865925	60.2682266	1	0	0	0	0
2024-06-19 23:57:50	35.842458844999996	60.7024775	60.2682266	1	0	0	0	0
2024-06-19 23:58:00	35.886333545	60.7483275	60.2682266	1	0	0	0	0
2024-06-19 23:58:10	35.8929084825	60.7498475675	60.2682266	1	0	0	0	0
2024-06-19 23:58:20	35.8302124325	60.669040617499995	60.2682266	1	0	0	0	0
2024-06-19 23:58:30	35.80385725	60.6294095925	60.2682266	1	0	0	0	0
2024-06-19 23:58:40	35.84499225	60.6662481425	60.2682266	1	0	0	0	0
2024-06-19 23:58:50	35.81335175	60.668438390000006	60.2682266	1	0	0	0	0
2024-06-19 23:59:00	35.64655675	60.606281790000004	60.2682266	1	0	0	0	0
2024-06-19 23:59:10	35.5429315	60.56192927	60.2682266	1	0	0	0	0
2024-06-19 23:59:20	35.5566215	60.550641469999995	60.2682266	1	0	0	0	0
2024-06-19 23:59:30	35.6144892875	60.574488034999995	60.2682266	1	0	0	0	0
2024-06-19 23:59:40	35.7544015375	60.663584135	60.2682266	1	0	0	0	0
2024-06-19 23:59:50	35.9225812575	60.768234445000004	60.2682266	1	0	0	0	0
2024-06-20 00:00:00	36.1432577075	60.901771145000005	60.2682266	1	0	0	0	0
