PROCESSDATA	2111FIC40102E Data	yyyy-MM-dd HH:mm:ss
8	10	2025-02-24 21:55:00	751
tagname	2111FIC40102E.MV	2111FIC40102E.PV	2111FIC40102E.SV	2111FIC40102E.MODE	bOpOFL	bPvOFL	bSpOFL	bAutOFL
desc	常底油进F401五路支管_OP	常底油进F401五路支管_PV	常底油进F401五路支管_SP	Aut	bOpOFL	bPvOFL	bSpOFL	bAutOFL
fsMax=21.93758230263158	fsMin=0	fsGridNum=10	fdMax=21.93758230263158tfdMin=0	fdGridNum=10	v0GridNum=10	L=24
2025-02-24 21:55:00	42.354907726	100.78663762000001	101.029722	1	1	1	1	1
2025-02-24 21:55:10	42.189673488000004	100.93745315999999	100.61853	1	0	0	0	0
2025-02-24 21:55:20	42.2702546875	100.744145171875	100.75805784375	1	0	0	0	0
2025-02-24 21:55:30	42.474651599999994	100.19498433999999	100.8206	1	0	0	0	0
2025-02-24 21:55:40	42.506218600000004	99.48414199999999	100.28784826	1	0	0	0	0
2025-02-24 21:55:50	42.02448321	100.6792738	99.62633	1	0	0	0	0
2025-02-24 21:56:00	41.706685754	100.09107374	98.10635	1	0	0	0	0
2025-02-24 21:56:10	41.557477026	99.61444900000001	97.7402702	1	0	0	0	0
2025-02-24 21:56:20	41.49872028888889	98.78523444444444	97.55464277777777	1	0	0	0	0
2025-02-24 21:56:30	41.329025222	98.1482498	97.06810352	1	0	0	0	0
2025-02-24 21:56:40	41.409373336	97.580372664	97.40928	1	0	0	0	0
2025-02-24 21:56:50	41.060380332	98.96061912399999	97.6159094	1	0	0	0	0
2025-02-24 21:57:00	41.179482400000005	98.2755006	97.780964	1	0	0	0	0
2025-02-24 21:57:10	41.232879584	98.0231194	98.0652847	1	0	0	0	0
2025-02-24 21:57:20	41.145253125	98.359413125	98.1525265625	1	0	0	0	0
2025-02-24 21:57:30	41.36452	98.5359566	99.06522	1	0	0	0	0
2025-02-24 21:57:40	41.595643777999996	98.91613939999999	99.52448	1	0	0	0	0
2025-02-24 21:57:50	41.677777246000005	99.007663688	99.628334	1	0	0	0	0
2025-02-24 21:58:00	41.736877394000004	98.8378106	99.3471392	1	0	0	0	0
2025-02-24 21:58:10	41.642830534375	98.89719890625	98.94238796875	1	0	0	0	0
2025-02-24 21:58:20	41.618776412	98.996071	98.99682779999999	1	0	0	0	0
2025-02-24 21:58:30	41.543269534	99.077696664	98.84957	1	0	0	0	0
2025-02-24 21:58:40	41.461516829999994	99.1795162	98.75113715399999	1	0	0	0	0
2025-02-24 21:58:50	41.471141838	98.618259	98.471370146	1	0	0	0	0
2025-02-24 21:59:00	42.086749956	98.58973160000001	100.624664	1	0	0	0	0
2025-02-24 21:59:10	42.02964171875	99.74811546875	100.866949828125	1	0	0	0	0
2025-02-24 21:59:20	41.731905158000004	99.94308724000001	99.55933	1	0	0	0	0
2025-02-24 21:59:30	41.920246418	99.0830296	99.429355	1	0	0	0	0
2025-02-24 21:59:40	42.336392476	99.824030432	101.524429	1	0	0	0	0
2025-02-24 21:59:50	42.523936638	99.89282366	101.531258	1	0	0	0	0
2025-02-24 22:00:00	42.523936638	99.89282366	101.531258	1	1	1	1	1
2025-02-24 22:00:10	41.9058551765625	100.36527103125	99.44901801249999	1	0	0	0	0
2025-02-24 22:00:20	41.951261362	99.58422399999999	99.2957152	1	0	0	0	0
2025-02-24 22:00:30	41.768109984	100.01978538	99.25479	1	0	0	0	0
2025-02-24 22:00:40	41.872741156	98.9524494	98.856667504	1	0	0	0	0
2025-02-24 22:00:50	41.83783471	99.3362944	99.145070924	1	0	0	0	0
2025-02-24 22:01:00	41.849304599999996	99.4880814	99.32242	1	0	0	0	0
2025-02-24 22:01:10	41.615059201562495	100.09540690624999	99.20740894375	1	0	0	0	0
2025-02-24 22:01:20	41.615059201562495	100.09540690624999	99.20740894375	1	1	1	1	1
2025-02-24 22:01:30	41.578223658	99.237975	98.5263062	1	0	0	0	0
2025-02-24 22:01:40	41.574562348	99.1831494	98.75230660000001	1	0	0	0	0
2025-02-24 22:01:50	42.069250648	99.1429794	100.636276	1	0	0	0	0
2025-02-24 22:02:00	41.876828118	100.29628292000001	100.488892	1	0	0	0	0
2025-02-24 22:02:10	42.00721253	99.75021100000001	100.193338	1	0	0	0	0
2025-02-24 22:02:20	41.904995666666665	100.05249266666667	99.92908754999999	1	0	0	0	0
2025-02-24 22:02:30	41.731421448	99.9105494	99.16229311800001	1	0	0	0	0
2025-02-24 22:02:40	41.8160456	98.96439099999999	98.56655	1	0	0	0	0
2025-02-24 22:02:50	41.7266744	99.3607676	98.86508236	1	0	0	0	0
2025-02-24 22:03:00	41.845148668	98.8229128	98.933358746	1	0	0	0	0
2025-02-24 22:03:10	41.71579832	99.081737488	98.81094	1	0	0	0	0
2025-02-24 22:03:20	41.7254235921875	99.1281765453125	99.09683685	1	0	0	0	0
2025-02-24 22:03:30	41.677590445999996	99.2051522	99.00742	1	0	0	0	0
2025-02-24 22:03:40	41.806877	98.7498614	99.06464279999999	1	0	0	0	0
2025-02-24 22:03:50	41.820171982	98.9146776	99.33323	1	0	0	0	0
2025-02-24 22:04:00	41.911045146	99.212154112	99.7387161	1	0	0	0	0
2025-02-24 22:04:10	41.874447416	99.450477042	99.71450272199999	1	0	0	0	0
2025-02-24 22:04:20	41.99196666666666	99.41771722222222	99.97887078333333	1	0	0	0	0
2025-02-24 22:04:30	42.0902	99.47334	100.174759	1	0	0	0	0
2025-02-24 22:04:40	42.275395848	99.56563132000001	100.576965	1	0	0	0	0
2025-02-24 22:04:50	42.035591818	100.16797946	100.04355764	1	0	0	0	0
2025-02-24 22:05:00	42.035591818	100.16797946	100.04355764	1	1	1	1	1
2025-02-24 22:05:10	41.999785396	99.619670052	99.52286	1	0	0	0	0
2025-02-24 22:05:20	41.999785396	99.619670052	99.52286	1	1	1	1	1
2025-02-24 22:05:30	41.8903275	100.118973	99.66751	1	0	0	0	0
2025-02-24 22:05:40	41.913549688	100.010188492	99.79086319999999	1	0	0	0	0
2025-02-24 22:05:50	42.031795868	99.8565988	100.06852	1	0	0	0	0
2025-02-24 22:06:00	42.185798999999996	99.3759202	100.05162	1	0	0	0	0
2025-02-24 22:06:10	41.966078089999996	100.2994614	99.9340082	1	0	0	0	0
2025-02-24 22:06:20	42.03498590555556	99.82998363333333	99.84335666666666	1	0	0	0	0
2025-02-24 22:06:30	41.970192	99.7862854	99.66562	1	0	0	0	0
2025-02-24 22:06:40	41.990092534	99.3848026	99.50795	1	0	0	0	0
2025-02-24 22:06:50	41.888576698	99.855399506	99.4931732	1	0	0	0	0
2025-02-24 22:07:00	42.042347219999996	99.075145	99.4820676	1	0	0	0	0
2025-02-24 22:07:10	41.981561156000005	99.64997690000001	99.7398453	1	0	0	0	0
2025-02-24 22:07:20	42.09973821111111	99.73110905555555	100.28998922222223	1	0	0	0	0
2025-02-24 22:07:30	42.038475	100.3359	100.4051	1	0	0	0	0
2025-02-24 22:07:40	42.098911801999996	99.8962513	100.11718993999999	1	0	0	0	0
2025-02-24 22:07:50	42.132786148	100.17707112	100.2496	1	0	0	0	0
2025-02-24 22:08:00	42.16370236	99.8158048	99.80446869400001	1	0	0	0	0
2025-02-24 22:08:10	42.14877613888889	99.9970533111111	99.95647392222222	1	0	0	0	0
2025-02-24 22:08:20	42.04264	100.104706	99.6766357	1	0	0	0	0
2025-02-24 22:08:30	42.073826396	99.962792196	99.90684	1	0	0	0	0
2025-02-24 22:08:40	42.097557702	99.818398	99.9418106	1	0	0	0	0
2025-02-24 22:08:50	42.123388240000004	99.781738628	99.867042736	1	0	0	0	0
2025-02-24 22:09:00	42.135140971999995	100.0120843	100.103867	1	0	0	0	0
2025-02-24 22:09:10	42.088396466666666	99.94221666666667	99.66371055555555	1	0	0	0	0
2025-02-24 22:09:20	41.990256666	100.18691240000001	99.74821	1	0	0	0	0
2025-02-24 22:09:30	42.042110222000005	100.13592530000001	99.84038944000001	1	0	0	0	0
2025-02-24 22:09:40	42.102860476	99.85497184	99.79895	1	0	0	0	0
2025-02-24 22:09:50	41.9932054	99.9514618	99.64955	1	0	0	0	0
2025-02-24 22:10:00	41.9932054	99.9514618	99.64955	1	1	1	1	1
2025-02-24 22:10:10	42.06644505	98.57813696666666	98.93882944444445	1	0	0	0	0
2025-02-24 22:10:20	41.73372138461538	99.25729953653847	98.70521788461538	1	0	0	0	0
2025-02-24 22:10:30	41.795843	99.060216	99.13819	1	0	0	0	0
2025-02-24 22:10:40	41.826237538	99.5976932	99.68301338	1	0	0	0	0
2025-02-24 22:10:50	42.108354129999995	100.10832628	100.8921667	1	0	0	0	0
2025-02-24 22:11:00	42.7093388	101.44041892	103.692627	1	0	0	0	0
2025-02-24 22:11:10	42.95801505	101.44041892	103.74952811111112	1	0	1	0	1
2025-02-24 22:11:20	42.95801505	101.71227894444445	103.74952811111112	1	1	0	1	0
2025-02-24 22:11:30	43.05886	101.844658	103.272	1	0	0	0	0
2025-02-24 22:11:40	43.122114509999996	101.82266382	102.90576816	1	0	0	0	0
2025-02-24 22:11:50	42.378947884	102.19158156	100.254219	1	0	0	0	0
2025-02-24 22:12:00	42.523871684	101.43766706000001	100.627625	1	0	0	0	0
2025-02-24 22:12:10	42.475343437999996	101.91952322	101.22633872	1	0	0	0	0
2025-02-24 22:12:20	42.379548388888885	101.81034722222222	100.8191726111111	1	0	0	0	0
2025-02-24 22:12:30	42.2521248	101.505951	100.178612	1	0	0	0	0
2025-02-24 22:12:40	41.9860066	100.94075606000001	99.45094574000001	1	0	0	0	0
2025-02-24 22:12:50	41.9860066	100.94075606000001	99.45094574000001	1	1	1	1	1
2025-02-24 22:13:00	42.388156856	100.61641128000001	100.74243416	1	0	0	0	0
2025-02-24 22:13:10	42.136800452	101.0295383	100.136848	1	0	0	0	0
2025-02-24 22:13:20	42.05349264444445	100.6554295	99.5664686	1	0	0	0	0
2025-02-24 22:13:30	42.075233728	100.1915508	99.5411148	1	0	0	0	0
2025-02-24 22:13:40	41.95243901	100.0398625	99.270890064	1	0	0	0	0
2025-02-24 22:13:50	41.822525222	99.62481074	98.86135	1	0	0	0	0
2025-02-24 22:14:00	41.7323558	99.14564659999999	98.57594	1	0	0	0	0
2025-02-24 22:14:10	41.779162	98.938038652	98.75647140000001	1	0	0	0	0
2025-02-24 22:14:20	41.757609477777784	99.98758355555556	99.73195077777777	1	0	0	0	0
2025-02-24 22:14:30	41.91031	99.71131	99.84292	1	0	0	0	0
2025-02-24 22:14:40	41.913924998	99.99114746800001	100.185669	1	0	0	0	0
2025-02-24 22:14:50	42.226526	99.86176309999999	101.03233482	1	0	0	0	0
2025-02-24 22:15:00	42.226526	99.86176309999999	101.03233482	1	1	1	1	1
2025-02-24 22:15:10	41.904245934	100.54955235999999	99.77182	1	0	0	0	0
2025-02-24 22:15:20	41.64770597222223	100.20757755555556	98.61666444444445	1	0	0	0	0
2025-02-24 22:15:30	41.726943958	98.9129008	98.27147	1	0	0	0	0
2025-02-24 22:15:40	41.652989237999996	99.231527658	98.4873538	1	0	0	0	0
2025-02-24 22:15:50	41.600418366	99.34542320599999	98.72153	1	0	0	0	0
2025-02-24 22:16:00	41.57548749	98.370749	97.9513	1	0	0	0	0
2025-02-24 22:16:10	41.6013726	98.671985	98.598319136	1	0	0	0	0
2025-02-24 22:16:20	41.63547431666667	99.77725254444445	99.68215205	1	0	0	0	0
2025-02-24 22:16:30	41.753955502	99.699342516	100.1494348	1	0	0	0	0
2025-02-24 22:16:40	41.661563076	99.9163926	99.494594	1	0	0	0	0
2025-02-24 22:16:50	41.793802038	98.7445584	99.0362366	1	0	0	0	0
2025-02-24 22:17:00	41.608086056000005	98.7445584	98.7987	1	0	1	0	1
2025-02-24 22:17:10	41.608086056000005	99.0620686	98.7987	1	1	0	1	0
2025-02-24 22:17:20	41.615289716	99.39704741666667	99.0132751	1	0	0	0	0
2025-02-24 22:17:30	41.654206978	98.97147632000001	99.096828294	1	0	0	0	0
2025-02-24 22:17:40	41.654206978	98.9133056	99.096828294	1	1	0	1	0
2025-02-24 22:17:50	41.77318228	99.41990860000001	99.8275757	1	0	0	0	0
2025-02-24 22:18:00	41.8430817	99.256325154	99.8588638	1	0	0	0	0
2025-02-24 22:18:10	41.80715205	99.821289	99.97215195999999	1	0	0	0	0
2025-02-24 22:18:20	41.85521055555555	99.24805816111112	99.52078888888889	1	0	0	0	0
2025-02-24 22:18:30	41.894121052	99.712845378	99.9441678	1	0	0	0	0
2025-02-24 22:18:40	42.220454077999996	99.233754572	100.630432	1	0	0	0	0
2025-02-24 22:18:50	42.27987684	100.52611574000001	101.51281646	1	0	0	0	0
2025-02-24 22:19:00	41.972167024	101.02467696	100.6008402	1	0	0	0	0
2025-02-24 22:19:10	41.67658633	100.60058685999999	99.24397	1	0	0	0	0
2025-02-24 22:19:20	42.06639882222222	99.84925455	100.18552249999999	1	0	0	0	0
2025-02-24 22:19:30	42.1564032	100.00467766	100.494438	1	0	0	0	0
2025-02-24 22:19:40	41.88516407	100.51286175999999	99.95955288	1	0	0	0	0
2025-02-24 22:19:50	42.313291792	100.57436026	101.685257	1	0	0	0	0
2025-02-24 22:20:00	42.313291792	100.57436026	101.685257	1	1	1	1	1
2025-02-24 22:20:10	42.414397462	101.08326114	101.3829328	1	0	0	0	0
2025-02-24 22:20:20	42.338653388888886	100.76540411111111	100.69661616666667	1	0	0	0	0
2025-02-24 22:20:30	41.9425049	101.1574	99.50623	1	0	0	0	0
2025-02-24 22:20:40	41.9143714	100.4132987	99.0906754	1	0	0	0	0
2025-02-24 22:20:50	41.978699199999994	99.79237298000001	99.1636854	1	0	0	0	0
2025-02-24 22:21:00	41.8213256	99.9700892	99.189686554	1	0	0	0	0
2025-02-24 22:21:10	41.978775204	99.735027336	99.80921	1	0	0	0	0
2025-02-24 22:21:20	42.096473744444445	99.63324888888889	100.07562655555554	1	0	0	0	0
2025-02-24 22:21:30	42.0247269	100.088562	100.111778	1	0	0	0	0
2025-02-24 22:21:40	41.836792626000005	100.02435996	99.4554024	1	0	0	0	0
2025-02-24 22:21:50	41.985122642	99.811846064	99.8470459	1	0	0	0	0
2025-02-24 22:22:00	42.130437506	99.58486532	100.116089	1	0	0	0	0
2025-02-24 22:22:10	42.063261864	99.9382646	100.0287238	1	0	0	0	0
2025-02-24 22:22:20	42.04305771666667	100.0155388888889	99.98298611111112	1	0	0	0	0
2025-02-24 22:22:30	42.1610222	99.76754	100.174965	1	0	0	0	0
2025-02-24 22:22:40	42.005713124	100.1631294	99.8415	1	0	0	0	0
2025-02-24 22:22:50	42.303727416	99.994877008	100.759977	1	0	0	0	0
2025-02-24 22:23:00	42.492136316	99.89120412	101.02533584	1	0	0	0	0
2025-02-24 22:23:10	42.342899200000005	101.0526922	101.020233	1	0	0	0	0
2025-02-24 22:23:20	42.114727438888885	101.3302541111111	100.37740244444444	1	0	0	0	0
2025-02-24 22:23:30	42.062027984	100.9399761	99.9128	1	0	0	0	0
2025-02-24 22:23:40	41.974892988	101.01358736	99.798278	1	0	0	0	0
2025-02-24 22:23:50	42.334241999999996	99.6273284	100.21312	1	0	0	0	0
2025-02-24 22:24:00	42.008185839999996	100.62558838	99.83006	1	0	0	0	0
2025-02-24 22:24:10	42.142026359999996	100.0837844	100.02379121999999	1	0	0	0	0
2025-02-24 22:24:20	42.173307655555554	99.95271349999999	100.01501494444445	1	0	0	0	0
2025-02-24 22:24:30	41.8318176	100.25209	98.97621	1	0	0	0	0
2025-02-24 22:24:40	41.899488832	99.74349	99.143	1	0	0	0	0
2025-02-24 22:24:50	41.89582762	99.983719476	99.5505834	1	0	0	0	0
2025-02-24 22:25:00	41.89582762	99.983719476	99.5505834	1	1	1	1	1
2025-02-24 22:25:10	42.078261622	100.109346	100.331795	1	0	0	0	0
2025-02-24 22:25:20	42.59440444444444	100.23939727777777	102.14473138888889	1	0	0	0	0
2025-02-24 22:25:30	42.7459145	101.1498	102.774452	1	0	0	0	0
2025-02-24 22:25:40	42.933776798000004	101.87573434	103.38567442	1	0	0	0	0
2025-02-24 22:25:50	43.065553200000004	102.38884338	103.442329	1	0	0	0	0
2025-02-24 22:26:00	43.357097002	102.42338884	103.943253	1	0	0	0	0
2025-02-24 22:26:10	43.135105682	102.87844948	103.13456866	1	0	0	0	0
2025-02-24 22:26:20	43.04424986666667	103.24665116666667	103.00705733333334	1	0	0	0	0
2025-02-24 22:26:30	43.2527733	102.678772	103.151031	1	0	0	0	0
2025-02-24 22:26:40	43.185009038000004	102.7209655	102.7431	1	0	0	0	0
2025-02-24 22:26:50	43.0766734	102.21850196	101.86709412	1	0	0	0	0
2025-02-24 22:27:00	42.5789944	102.1553586	100.464249	1	0	0	0	0
2025-02-24 22:27:10	42.5789944	102.1553586	100.464249	1	0	0	0	0
2025-02-24 22:27:20	42.052071104	101.30678766	99.08614	1	0	0	0	0
2025-02-24 22:27:30	42.052071104	101.30678766	99.08614	1	0	0	0	0
2025-02-24 22:27:40	41.770539964	100.66290784	98.73617	1	0	0	0	0
2025-02-24 22:27:50	41.730263185999995	99.7627328	98.4631	1	0	0	0	0
2025-02-24 22:28:00	41.6494048	99.5963074	98.5489126	1	0	0	0	0
2025-02-24 22:28:10	41.52272558333333	98.86826805000001	97.947655	1	0	0	0	0
2025-02-24 22:28:20	41.425019202	98.748934586	97.97809960000001	1	0	0	0	0
2025-02-24 22:28:30	41.340574086000004	98.845233	98.16083	1	0	0	0	0
2025-02-24 22:28:40	41.479997064	98.43265480000001	98.46900720000001	1	0	0	0	0
2025-02-24 22:28:50	41.359314368	99.06174376	98.616400658	1	0	0	0	0
2025-02-24 22:29:00	41.8125574	98.744801	100.081512	1	0	0	0	0
2025-02-24 22:29:10	41.80874463333333	99.05764833333333	99.84848756111111	1	0	0	0	0
2025-02-24 22:29:20	41.7498322	99.19534	99.6228561	1	0	0	0	0
2025-02-24 22:29:30	41.6121164	99.4138128	99.31059329600001	1	0	0	0	0
2025-02-24 22:29:40	41.718897286	98.774529	99.0011749	1	0	0	0	0
2025-02-24 22:29:50	41.8215006	98.67241465800001	99.29965	1	0	0	0	0
2025-02-24 22:30:00	41.8215006	98.67241465800001	99.29965	1	1	1	1	1
2025-02-24 22:30:10	41.77947311111111	99.67258972222221	99.86373344444445	1	0	0	0	0
2025-02-24 22:30:20	42.0800667	99.6233139	100.751228	1	0	0	0	0
2025-02-24 22:30:30	42.147261	99.535663484	100.415726	1	0	0	0	0
2025-02-24 22:30:40	41.9752189	99.93939420000001	99.86010896	1	0	0	0	0
2025-02-24 22:30:50	42.133896218000004	99.526681646	100.01991928	1	0	0	0	0
2025-02-24 22:31:00	41.960987044	100.078729786	99.755806	1	0	0	0	0
2025-02-24 22:31:10	42.0192175265625	99.6611128125	99.7140268265625	1	0	0	0	0
2025-02-24 22:31:20	41.947676598	100.15255468	100.058716	1	0	0	0	0
2025-02-24 22:31:30	41.947676598	100.15255468	100.058716	1	1	1	1	1
2025-02-24 22:31:40	42.035135956	100.09687064	100.25040828	1	0	0	0	0
2025-02-24 22:31:50	42.646106754	101.20980982	102.878616	1	0	0	0	0
2025-02-24 22:32:00	42.646106754	101.20980982	102.878616	1	1	1	1	1
2025-02-24 22:32:10	42.879548356	101.55454194000001	103.23825088	1	0	0	0	0
2025-02-24 22:32:20	42.65225	102.038383	101.446045	1	0	0	0	0
2025-02-24 22:32:30	42.675998984	101.3774458	100.947289	1	0	0	0	0
2025-02-24 22:32:40	42.675998984	101.3774458	100.947289	1	1	1	1	1
2025-02-24 22:32:50	42.616741837999996	101.53005148	101.10181014000001	1	0	0	0	0
2025-02-24 22:33:00	42.744594666000005	100.83098692	101.07856166	1	0	0	0	0
2025-02-24 22:33:10	43.113282649999995	100.040474692	101.888062	1	0	0	0	0
2025-02-24 22:33:20	43.137954638888885	100.10115894444445	101.8444885	1	0	0	0	0
2025-02-24 22:33:30	43.03817347115385	100.02378813461539	101.350052	1	0	0	0	0
2025-02-24 22:33:40	42.3456764	102.41214	100.961014	1	0	0	0	0
2025-02-24 22:33:50	42.542769926	101.66786431999999	101.151871	1	0	0	0	0
2025-02-24 22:34:00	42.578342574	102.10025106	101.629745	1	0	0	0	0
2025-02-24 22:34:10	42.636404778	101.28184996	101.02251356	1	0	0	0	0
2025-02-24 22:34:20	42.736130292187504	100.034792515625	100.397597375	1	0	0	0	0
2025-02-24 22:34:30	42.162689808163265	100.48507708163265	98.9991287755102	1	0	0	0	0
2025-02-24 22:34:40	42.000051264	99.75105961999999	98.39015	1	0	0	0	0
2025-02-24 22:34:50	41.960627792	99.360265134	98.6300116	1	0	0	0	0
2025-02-24 22:35:00	41.960627792	99.360265134	98.6300116	1	1	1	1	1
2025-02-24 22:35:10	42.289104314	99.68326728	100.562447	1	0	0	0	0
2025-02-24 22:35:20	42.14558203333333	100.37822433333334	100.46048455555555	1	0	0	0	0
2025-02-24 22:35:30	42.1591034	100.359253	100.418419	1	0	0	0	0
2025-02-24 22:35:40	42.352945508	100.13771224	100.76499774	1	0	0	0	0
2025-02-24 22:35:50	42.59995686	100.69961496	101.885086	1	0	0	0	0
2025-02-24 22:36:00	42.759019086	101.05883228	102.275284	1	0	0	0	0
2025-02-24 22:36:10	42.57237687	101.74324694	101.6985534	1	0	0	0	0
2025-02-24 22:36:20	42.57116652777778	100.87419794444445	100.99499975555555	1	0	0	0	0
2025-02-24 22:36:30	42.52429	99.14385	99.37683	1	0	0	0	0
2025-02-24 22:36:40	42.161199832	100.36670477999999	99.59612	1	0	0	0	0
2025-02-24 22:36:50	42.095009022	100.42310608	99.6710288	1	0	0	0	0
2025-02-24 22:37:00	42.10657226599999	99.27473223999999	98.9626596	1	0	0	0	0
2025-02-24 22:37:10	42.008566183999996	98.711662246	98.57969	1	0	0	0	0
2025-02-24 22:37:20	41.76082127777778	99.70379888888888	99.03229388888889	1	0	0	0	0
2025-02-24 22:37:30	42.0328979	98.89063	99.50275	1	0	0	0	0
2025-02-24 22:37:40	41.62361550999999	100.19891468	99.312702082	1	0	0	0	0
2025-02-24 22:37:50	41.807157600000004	99.132268	99.13306	1	0	0	0	0
2025-02-24 22:38:00	41.776382577999996	99.3177378	99.20335	1	0	0	0	0
2025-02-24 22:38:10	41.8216214	99.5699364	99.67179622	1	0	0	0	0
2025-02-24 22:38:20	42.01462047777778	99.37157555555555	100.02360463333333	1	0	0	0	0
2025-02-24 22:38:30	41.875247372000004	100.0674129	100.044426	1	0	0	0	0
2025-02-24 22:38:40	41.986571524	99.922856578	100.21369464	1	0	0	0	0
2025-02-24 22:38:50	42.22942552	99.98610308800001	100.91346054	1	0	0	0	0
2025-02-24 22:39:00	42.382942004	99.7906744	100.931923	1	0	0	0	0
2025-02-24 22:39:10	42.33744941111111	100.48904972222222	100.92000027777779	1	0	0	0	0
2025-02-24 22:39:20	42.4486351	100.88385	101.511078	1	0	0	0	0
2025-02-24 22:39:30	42.527540416	101.38832588	101.97229126	1	0	0	0	0
2025-02-24 22:39:40	42.944973501999996	101.30750842	102.901863	1	0	0	0	0
2025-02-24 22:39:50	42.850710047999996	102.13042951999999	102.711456	1	0	0	0	0
2025-02-24 22:40:00	42.850710047999996	102.13042951999999	102.711456	1	1	1	1	1
2025-02-24 22:40:10	42.773230636	102.11347318	102.0931528	1	0	0	0	0
2025-02-24 22:40:20	42.6616821	100.596512	100.481361	1	0	0	0	0
2025-02-24 22:40:30	42.6948058	101.92947018000001	102.112816	1	0	0	0	0
2025-02-24 22:40:40	42.6948058	101.92947018000001	102.112816	1	0	0	0	0
2025-02-24 22:40:50	42.994267308000005	102.08696828	103.02604756000001	1	0	0	0	0
2025-02-24 22:41:00	43.20290431	102.44890240000001	103.218941	1	0	0	0	0
2025-02-24 22:41:10	43.271459755555554	102.73122505555556	103.34080372222222	1	0	0	0	0
2025-02-24 22:41:20	43.271459755555554	102.73122505555556	103.34080372222222	1	1	1	1	1
2025-02-24 22:41:30	43.22442	102.617943	102.709793	1	0	0	0	0
2025-02-24 22:41:40	43.205358582	102.89274624000001	102.88911304	1	0	0	0	0
2025-02-24 22:41:50	42.88030124	102.2086417	100.9801	1	0	0	0	0
2025-02-24 22:42:00	42.463869855999995	101.85973906000001	99.6209259	1	0	0	0	0
2025-02-24 22:42:10	42.483019442	101.27461414	99.906017452	1	0	0	0	0
2025-02-24 22:42:20	42.31732583888889	100.30450561111111	99.04943833333333	1	0	0	0	0
2025-02-24 22:42:30	42.116967362	100.97697552000001	99.6675718	1	0	0	0	0
2025-02-24 22:42:40	42.540311898	100.64809828	101.166916	1	0	0	0	0
2025-02-24 22:42:50	42.35553058	101.10320444	100.84058084	1	0	0	0	0
2025-02-24 22:43:00	42.633559059999996	100.64403022	101.34409387999999	1	0	0	0	0
2025-02-24 22:43:10	42.40469786111111	100.8537498888889	100.770362	1	0	0	0	0
2025-02-24 22:43:20	42.5400543	101.017357	101.412758	1	0	0	0	0
2025-02-24 22:43:30	42.882227772	100.96548848	102.30747162	1	0	0	0	0
2025-02-24 22:43:40	42.96924508	102.04607302000001	103.183395	1	0	0	0	0
2025-02-24 22:43:50	42.559675199999994	102.34375718	101.388741	1	0	0	0	0
2025-02-24 22:44:00	42.398398	101.50557989999999	100.20057458	1	0	0	0	0
2025-02-24 22:44:10	42.18200155	101.09013117222221	99.59326944444445	1	0	0	0	0
2025-02-24 22:44:20	42.2377129	100.650024	99.90711	1	0	0	0	0
2025-02-24 22:44:30	42.124530416	100.57517664000001	99.83345	1	0	0	0	0
2025-02-24 22:44:40	42.519480428	100.8664062	101.52607062	1	0	0	0	0
2025-02-24 22:44:50	42.703201438	101.24294122	102.28665096	1	0	0	0	0
2025-02-24 22:45:00	42.703201438	101.24294122	102.28665096	1	1	1	1	1
2025-02-24 22:45:10	42.83573742222222	102.0387426111111	102.66353472222221	1	0	0	0	0
2025-02-24 22:45:20	43.0112762	101.62838	102.624855	1	0	0	0	0
2025-02-24 22:45:30	43.0966982	102.21844566	103.06837428	1	0	0	0	0
2025-02-24 22:45:40	43.044850304	102.07947204	102.379463	1	0	0	0	0
2025-02-24 22:45:50	42.896918372	102.45910814	102.109741	1	0	0	0	0
2025-02-24 22:46:00	42.6272284	102.07502554	100.88020365999999	1	0	0	0	0
2025-02-24 22:46:10	42.50509897222222	101.80155183333332	100.52593416666666	1	0	0	0	0
2025-02-24 22:46:20	42.50509897222222	101.80155183333332	100.52593416666666	1	1	1	1	1
2025-02-24 22:46:30	42.5412369	101.795578	101.109169	1	0	0	0	0
2025-02-24 22:46:40	42.953932366000004	101.74413162	102.572823	1	0	0	0	0
2025-02-24 22:46:50	42.976028332	101.9487256	102.53980268	1	0	0	0	0
2025-02-24 22:47:00	42.7559836	101.9528806	101.69908224000001	1	0	0	0	0
2025-02-24 22:47:10	42.3061218	101.67922528000001	100.02597	1	0	0	0	0
2025-02-24 22:47:20	42.263062427777776	101.14539394444444	99.93585666666667	1	0	0	0	0
2025-02-24 22:47:30	42.160055474	101.12694062	99.97762	1	0	0	0	0
2025-02-24 22:47:40	42.083532134	99.596929906	98.85628	1	0	0	0	0
2025-02-24 22:47:50	42.083532134	99.596929906	98.85628	1	1	1	1	1
2025-02-24 22:48:00	42.34175721	99.60590894	100.440163	1	0	0	0	0
2025-02-24 22:48:10	42.47949078	100.66054352	101.7052267	1	0	0	0	0
2025-02-24 22:48:20	42.39341828333333	100.93963792777778	101.24163688888889	1	0	0	0	0
2025-02-24 22:48:30	42.36941	100.217178	100.374741	1	0	0	0	0
2025-02-24 22:48:40	42.178423882000004	100.77867956	100.205559	1	0	0	0	0
2025-02-24 22:48:50	42.230645938	100.78240548000001	100.65456272	1	0	0	0	0
2025-02-24 22:49:00	42.354915124	100.50892702	100.78073558	1	0	0	0	0
2025-02-24 22:49:10	42.290415784	100.75711032	100.665276	1	0	0	0	0
2025-02-24 22:49:20	42.37948379444445	100.35038927777778	100.36801572222222	1	0	0	0	0
2025-02-24 22:49:30	42.437215772549024	100.59197623529411	100.851219	1	0	0	0	0
2025-02-24 22:49:40	42.407105178	100.78995766	100.78757666	1	0	0	0	0
2025-02-24 22:49:50	42.406583416	100.68070858	100.706184	1	0	0	0	0
2025-02-24 22:50:00	42.406583416	100.68070858	100.706184	1	1	1	1	1
2025-02-24 22:50:10	42.857946514	101.48622166	102.64556651999999	1	0	0	0	0
2025-02-24 22:50:20	43.08677573888889	102.01535361111111	103.43258116666667	1	0	0	0	0
2025-02-24 22:50:30	42.9284935	102.433777	102.595177	1	0	0	0	0
2025-02-24 22:50:40	42.60876496	102.43835774	101.341148	1	0	0	0	0
2025-02-24 22:50:50	42.5009078	101.9670404	100.71143592	1	0	0	0	0
2025-02-24 22:51:00	42.665567484	100.10518791999999	100.00537523999999	1	0	0	0	0
2025-02-24 22:51:10	42.51338546	101.44146616	101.008751	1	0	0	0	0
2025-02-24 22:51:20	43.21535333333333	99.98279527777777	102.35756855555555	1	0	0	0	0
2025-02-24 22:51:30	42.75913	102.489845	102.624512	1	0	0	0	0
2025-02-24 22:51:40	42.968976100000006	103.09189445999999	103.32940564	1	0	0	0	0
2025-02-24 22:51:50	42.597371800000005	101.91919324	100.828217	1	0	0	0	0
2025-02-24 22:52:00	42.644796506000006	101.86121924	101.25881704	1	0	0	0	0
2025-02-24 22:52:10	42.644796506000006	101.86121924	101.25881704	1	1	1	1	1
2025-02-24 22:52:20	42.4973344	101.55417172222222	100.69180983333334	1	0	0	0	0
2025-02-24 22:52:30	42.627636	100.227684	100.324173	1	0	0	0	0
2025-02-24 22:52:40	42.364560579999996	100.95201932	100.416039	1	0	0	0	0
2025-02-24 22:52:50	42.4376834	101.08661593999999	100.90634382	1	0	0	0	0
2025-02-24 22:53:00	42.438645972	101.12371524	101.00439876	1	0	0	0	0
2025-02-24 22:53:10	42.438645972	101.12371524	101.00439876	1	1	1	1	1
2025-02-24 22:53:20	42.980163133333335	101.56370105555555	103.50032316666666	1	0	0	0	0
2025-02-24 22:53:30	43.440030106	103.18731432	104.86615564	1	0	0	0	0
2025-02-24 22:53:40	43.425401275999995	102.65683996	103.456375	1	0	0	0	0
2025-02-24 22:53:50	43.0656177	103.45045566	102.667496	1	0	0	0	0
2025-02-24 22:54:00	42.983816972	102.01577312	101.29215676	1	0	0	0	0
2025-02-24 22:54:10	42.94147888888889	101.51394722222221	101.27356844444445	1	0	0	0	0
2025-02-24 22:54:20	42.9287287	102.68164956	102.43261262	1	0	0	0	0
2025-02-24 22:54:30	43.131002366	100.8895035	101.658783	1	0	0	0	0
2025-02-24 22:54:40	42.888112762	100.98915082	101.02080484000001	1	0	0	0	0
2025-02-24 22:54:50	42.766513290000006	100.11806596000001	100.12472894	1	0	0	0	0
2025-02-24 22:55:00	42.766513290000006	100.11806596000001	100.12472894	1	1	1	1	1
2025-02-24 22:55:10	42.38328111111111	101.73784916666668	100.89682649999999	1	0	0	0	0
2025-02-24 22:55:20	42.28052	101.878525	100.816	1	0	0	0	0
2025-02-24 22:55:30	42.316424606000005	101.79829286	101.03279534	1	0	0	0	0
2025-02-24 22:55:40	42.586478664000005	100.25620398000001	100.802391	1	0	0	0	0
2025-02-24 22:55:50	42.417551528	101.14102706	101.111954	1	0	0	0	0
2025-02-24 22:56:00	42.534155086000005	100.36443614000001	100.92817248	1	0	0	0	0
2025-02-24 22:56:10	42.418394705555556	100.36443614000001	100.92817248	1	0	1	1	1
2025-02-24 22:56:20	42.418394705555556	101.35206527777777	101.27412083333334	1	1	0	0	0
2025-02-24 22:56:30	42.209780932	101.82338014	100.88919056	1	0	0	0	0
2025-02-24 22:56:40	42.4733158	100.78183848	100.972847	1	0	0	0	0
2025-02-24 22:56:50	42.486289792	100.09667456	100.56079652	1	0	0	0	0
2025-02-24 22:57:00	42.150450536	101.18730316	100.54715912	1	0	0	0	0
2025-02-24 22:57:10	42.11777618	100.8932814	100.277672	1	0	0	0	0
2025-02-24 22:57:20	42.20956008888889	100.68548372222223	100.55632894444445	1	0	0	0	0
2025-02-24 22:57:30	42.2655678	100.680008	100.907837	1	0	0	0	0
2025-02-24 22:57:40	42.289765338	100.8474296	101.04590266	1	0	0	0	0
2025-02-24 22:57:50	42.725935754	100.87382906	102.573868	1	0	0	0	0
2025-02-24 22:58:00	42.912633979999995	101.7055537	103.445137	1	0	0	0	0
2025-02-24 22:58:10	42.946898194444444	102.72985688888889	103.11881177777778	1	0	0	0	0
2025-02-24 22:58:20	42.946898194444444	102.72985688888889	103.11881177777778	1	1	1	1	1
2025-02-24 22:58:30	42.946898194444444	102.72985688888889	103.11881177777778	1	0	0	0	0
2025-02-24 22:58:40	43.4149776	101.10833000000001	103.049622	1	0	0	0	0
2025-02-24 22:58:50	43.195235116	102.64697382	103.35460429999999	1	0	0	0	0
2025-02-24 22:59:00	43.35245612	101.33358816	102.6221447	1	0	0	0	0
2025-02-24 22:59:10	42.73514606	102.23627760000001	101.2118	1	0	0	0	0
2025-02-24 22:59:20	42.77901036111111	101.79626883333334	101.33552277777777	1	0	0	0	0
2025-02-24 22:59:30	42.884093764	102.3379625	102.384232	1	0	0	0	0
2025-02-24 22:59:40	43.105367838	101.39697358	102.27126418	1	0	0	0	0
2025-02-24 22:59:50	42.398389867999995	102.02810804	100.3342	1	0	0	0	0
2025-02-24 23:00:00	42.398389867999995	102.02810804	100.3342	1	1	1	1	1
2025-02-24 23:00:10	42.371166856	101.55368914	100.82506106000001	1	0	0	0	0
2025-02-24 23:00:20	42.34550727777778	101.2732453888889	100.72689355555556	1	0	0	0	0
2025-02-24 23:00:30	42.30413	101.381126	101.016541	1	0	0	0	0
2025-02-24 23:00:40	42.283152451999996	101.37584398	101.109459	1	0	0	0	0
2025-02-24 23:00:50	42.274028535999996	101.78313946	101.36131528	1	0	0	0	0
2025-02-24 23:01:00	42.378595432000004	101.48478818000001	101.35777895999999	1	0	0	0	0
2025-02-24 23:01:10	43.02891138	101.38721808	103.265953	1	0	0	0	0
2025-02-24 23:01:20	42.72431910555556	102.71149322222222	102.86396283333333	1	0	0	0	0
2025-02-24 23:01:30	42.98616	102.335152	103.210556	1	0	0	0	0
2025-02-24 23:01:40	42.800728586000005	101.90486308000001	101.9512472	1	0	0	0	0
2025-02-24 23:01:50	42.7582194	102.33067630000001	102.217361	1	0	0	0	0
2025-02-24 23:02:00	42.869025928000006	102.06822355999999	102.48	1	0	0	0	0
2025-02-24 23:02:10	42.746462922	102.02967304	101.96059108	1	0	0	0	0
2025-02-24 23:02:20	42.892383338888884	102.45438366666666	102.71502894444446	1	0	0	0	0
2025-02-24 23:02:30	42.82467	103.283043	103.034233	1	0	0	0	0
2025-02-24 23:02:40	42.734618792	102.5351424	101.797836	1	0	0	0	0
2025-02-24 23:02:50	42.495428438000005	101.78596842	100.72795752	1	0	0	0	0
2025-02-24 23:03:00	42.888736056	102.33079274	102.865036	1	0	0	0	0
2025-02-24 23:03:10	43.28219407777778	102.07397694444444	103.68027655555555	1	0	0	0	0
2025-02-24 23:03:20	43.147756306	102.78234802	103.3257	1	0	0	0	0
2025-02-24 23:03:30	42.981087976	102.43336114	102.4195009	1	0	0	0	0
2025-02-24 23:03:40	42.869098856	100.3352515	100.224968	1	0	0	0	0
2025-02-24 23:03:50	42.507479228	101.42328336	100.389709	1	0	0	0	0
2025-02-24 23:04:00	42.545448089999994	100.84363128	100.46544066	1	0	0	0	0
2025-02-24 23:04:10	42.51554207777778	100.58718583333334	100.54086244444444	1	0	0	0	0
2025-02-24 23:04:20	42.5951157	100.037872	100.674713	1	0	0	0	0
2025-02-24 23:04:30	42.161194664	100.9877961	100.061607	1	0	0	0	0
2025-02-24 23:04:40	41.960721382	100.87219132	99.5674884	1	0	0	0	0
2025-02-24 23:04:50	42.029361674	100.67891426	99.9591937	1	0	0	0	0
2025-02-24 23:05:00	42.029361674	100.67891426	99.9591937	1	1	1	1	1
2025-02-24 23:05:10	42.581512777777775	101.43913388888889	102.1862418888889	1	0	0	0	0
2025-02-24 23:05:20	42.5554276	101.362579	101.682632	1	0	0	0	0
2025-02-24 23:05:30	42.548595472	101.86622304000001	102.03360628	1	0	0	0	0
2025-02-24 23:05:40	42.694910776	101.82622636	102.093971	1	0	0	0	0
2025-02-24 23:05:50	42.467759	102.00208506000001	101.351883	1	0	0	0	0
2025-02-24 23:06:00	42.4217706	102.14782288	101.3305057	1	0	0	0	0
2025-02-24 23:06:10	42.4217706	102.14782288	101.3305057	1	1	1	1	1
2025-02-24 23:06:20	42.424215788888894	102.42399300000001	101.61992783333332	1	0	0	0	0
2025-02-24 23:06:30	42.6782837	102.375656	102.467247	1	0	0	0	0
2025-02-24 23:06:40	42.9715742	100.357685	101.686493	1	0	0	0	0
2025-02-24 23:06:50	42.31635847	102.0176041	100.70357281999999	1	0	0	0	0
2025-02-24 23:07:00	42.1540144	101.94687014	100.43332111999999	1	0	0	0	0
2025-02-24 23:07:10	42.287279586000004	100.9534118	100.459785	1	0	0	0	0
2025-02-24 23:07:20	42.290106116666664	101.06453083333334	100.72983733333334	1	0	0	0	0
2025-02-24 23:07:30	42.29777	100.273392	100.352188	1	0	0	0	0
2025-02-24 23:07:40	42.07096255	101.25362192	100.52942422	1	0	0	0	0
2025-02-24 23:07:50	42.54153376	100.37355352	101.65	1	0	0	0	0
2025-02-24 23:08:00	42.520209318	100.77244648	101.515007	1	0	0	0	0
2025-02-24 23:08:10	42.429983199999995	101.48175391999999	101.59714038	1	0	0	0	0
2025-02-24 23:08:20	42.600415488888885	100.38998522222222	101.19097355555556	1	0	0	0	0
2025-02-24 23:08:30	42.30961	100.7541	100.4663	1	0	0	0	0
2025-02-24 23:08:40	42.440852996	100.48351378000001	101.025383	1	0	0	0	0
2025-02-24 23:08:50	42.286616382	101.35036558	101.220466	1	0	0	0	0
2025-02-24 23:09:00	42.329905804	101.38354403999999	101.21869486	1	0	0	0	0
2025-02-24 23:09:10	42.636790934	100.61717046	101.607246	1	0	0	0	0
2025-02-24 23:09:20	42.359272411111114	101.81882538888888	101.473494	1	0	0	0	0
2025-02-24 23:09:30	42.4384766	101.528946	101.5282	1	0	0	0	0
2025-02-24 23:09:40	42.469640926	101.40579686000001	101.54508582	1	0	0	0	0
2025-02-24 23:09:50	42.91749235	101.72385934	103.344368	1	0	0	0	0
2025-02-24 23:10:00	42.91749235	101.72385934	103.344368	1	1	1	1	1
2025-02-24 23:10:10	43.183675136	103.18622968	104.39634126	1	0	0	0	0
2025-02-24 23:10:20	43.264624909374994	103.07758926562501	104.043042328125	1	0	0	0	0
2025-02-24 23:10:30	43.239244720408166	103.32702210204081	103.6088	1	0	0	0	0
2025-02-24 23:10:40	43.120560474	103.50017056	103.331749	1	0	0	0	0
2025-02-24 23:10:50	43.536449522	102.4617053	103.81034586000001	1	0	0	0	0
2025-02-24 23:11:00	43.317000768	103.94784448	104.12468390000001	1	0	0	0	0
2025-02-24 23:11:10	43.293876032	103.67755314	103.68187	1	0	0	0	0
2025-02-24 23:11:20	43.170687550000004	103.61746605555555	103.12491166666666	1	0	0	0	0
2025-02-24 23:11:30	43.3138046	101.322731	101.732895	1	0	0	0	0
2025-02-24 23:11:40	42.939578546	101.41995680000001	100.92912559999999	1	0	0	0	0
2025-02-24 23:11:50	42.257968326	101.27115531999999	98.86332	1	0	0	0	0
2025-02-24 23:12:00	42.0876628	100.85808478	98.89501	1	0	0	0	0
2025-02-24 23:12:10	42.0876628	100.85808478	98.89501	1	1	1	1	1
2025-02-24 23:12:20	41.71216592777778	100.27852333333334	98.62514978333333	1	0	0	0	0
2025-02-24 23:12:30	42.03755	99.69768	99.87425	1	0	0	0	0
2025-02-24 23:12:40	42.075847142	100.20195778	100.497932	1	0	0	0	0
2025-02-24 23:12:50	42.304032914	100.90877182	101.71731116	1	0	0	0	0
2025-02-24 23:13:00	42.56872988	101.48942788000001	102.73745084	1	0	0	0	0
2025-02-24 23:13:10	42.819552306000006	102.25380978	103.587372	1	0	0	0	0
2025-02-24 23:13:20	42.950238	102.28429083333334	103.42227961111111	1	0	0	0	0
2025-02-24 23:13:30	42.9000549	102.228668	102.60051	1	0	0	0	0
2025-02-24 23:13:40	42.797830664	102.44846712	102.28103542000001	1	0	0	0	0
2025-02-24 23:13:50	42.739694990000004	102.11732114	101.560555	1	0	0	0	0
2025-02-24 23:14:00	42.760923242	102.14026554	101.86956224	1	0	0	0	0
2025-02-24 23:14:10	42.93464980555555	101.2643361111111	101.85613933333333	1	0	0	0	0
2025-02-24 23:14:20	43.1837769	100.831528	102.456184	1	0	0	0	0
2025-02-24 23:14:30	43.0306528	100.831528	102.012848	1	0	1	0	1
2025-02-24 23:14:40	42.94485956	100.88580892	101.6677805	1	0	0	0	0
2025-02-24 23:14:50	42.652598846000004	100.88580892	100.51726651999999	1	0	1	0	1
2025-02-24 23:15:00	42.652598846000004	100.88580892	100.51726651999999	1	1	1	1	1
2025-02-24 23:15:10	42.213464566666666	100.05233077777778	99.60479611111111	1	0	0	0	0
2025-02-24 23:15:20	42.213464566666666	100.05233077777778	99.60479611111111	1	1	1	1	1
2025-02-24 23:15:30	42.081455356	100.23133098000001	99.86776757	1	0	0	0	0
2025-02-24 23:15:40	42.081455356	100.23133098000001	99.86776757	1	1	1	1	1
2025-02-24 23:15:50	41.987599954	99.6107237	99.51318	1	0	0	0	0
2025-02-24 23:16:00	41.666652882	100.38903060000001	99.29015299999999	1	0	0	0	0
2025-02-24 23:16:10	41.666652882	100.38903060000001	99.29015299999999	1	1	1	1	1
2025-02-24 23:16:20	41.8081551	99.6477051	99.44514	1	0	0	0	0
2025-02-24 23:16:30	41.679975968	99.79323260000001	99.28142	1	0	0	0	0
2025-02-24 23:16:40	41.679975968	99.79323260000001	99.28142	1	1	1	1	1
2025-02-24 23:16:50	41.8798634	99.09778299999999	99.45157796999999	1	0	0	0	0
2025-02-24 23:17:00	41.743523612	99.61190739999999	99.45450455999999	1	0	0	0	0
2025-02-24 23:17:10	41.888410372	100.10212838	100.375145	1	0	0	0	0
2025-02-24 23:17:20	41.77273133333333	100.31568783333333	99.8869832	1	0	0	0	0
2025-02-24 23:17:30	41.97645	99.56683	100.084343	1	0	0	0	0
2025-02-24 23:17:40	41.902069238	100.07428116	100.10660958000001	1	0	0	0	0
2025-02-24 23:17:50	41.984038402	100.0687794	100.352791	1	0	0	0	0
2025-02-24 23:18:00	42.056765066	100.49857124	100.771187	1	0	0	0	0
2025-02-24 23:18:10	42.033106614	100.42639059999999	100.54995854	1	0	0	0	0
2025-02-24 23:18:20	41.92676398333333	100.75891572222223	100.23461744444445	1	0	0	0	0
2025-02-24 23:18:30	42.073755774	100.31888794000001	100.4076864	1	0	0	0	0
2025-02-24 23:18:40	42.279476448	100.12654172	100.796585	1	0	0	0	0
2025-02-24 23:18:50	42.4092966	100.81419086	101.63890098	1	0	0	0	0
2025-02-24 23:19:00	42.52092887	100.82562456	101.65995028	1	0	0	0	0
2025-02-24 23:19:10	42.7078382	101.8902009	102.965981	1	0	0	0	0
2025-02-24 23:19:20	43.041078278125	101.861944421875	103.566577328125	1	0	0	0	0
2025-02-24 23:19:30	43.23057035510204	102.0800680612245	103.743484	1	0	0	0	0
2025-02-24 23:19:40	43.281180686	102.27332454	103.40953774	1	0	0	0	0
2025-02-24 23:19:50	43.099900590000004	102.60295548	102.799767	1	0	0	0	0
2025-02-24 23:20:00	43.099900590000004	102.60295548	102.799767	1	1	1	1	1
2025-02-24 23:20:10	42.423884138000005	103.1438525	100.96087858	1	0	0	0	0
2025-02-24 23:20:20	42.6384877	102.38463194444445	101.39927016666667	1	0	0	0	0
2025-02-24 23:20:30	42.2299423	102.352806	100.235077	1	0	0	0	0
2025-02-24 23:20:40	42.5577016	101.87300018	101.508415	1	0	0	0	0
2025-02-24 23:20:50	42.880227676	101.95920404	102.8141259	1	0	0	0	0
2025-02-24 23:21:00	43.01909421	102.25128271999999	103.0150526	1	0	0	0	0
2025-02-24 23:21:10	42.999250452000005	102.57076214	102.896729	1	0	0	0	0
2025-02-24 23:21:20	42.886719444444445	102.07775444444444	101.82357966666666	1	0	0	0	0
2025-02-24 23:21:30	43.1241379	101.315262	102.088196	1	0	0	0	0
2025-02-24 23:21:40	42.878544796	101.315262	102.088196	1	0	1	1	1
2025-02-24 23:21:50	42.878544796	102.66864538	102.507111	1	1	0	0	0
2025-02-24 23:22:00	42.6474164	102.97634134	101.723488	1	0	0	0	0
2025-02-24 23:22:10	42.62239393	102.23972957999999	101.1945273	1	0	0	0	0
2025-02-24 23:22:20	42.627149777777774	102.43365794444445	101.5968225	1	0	0	0	0
2025-02-24 23:22:30	42.853653	102.821976	102.880608	1	0	0	0	0
2025-02-24 23:22:40	43.067767922	101.76550244	102.351265	1	0	0	0	0
2025-02-24 23:22:50	43.327165788	100.70113786	102.41693854	1	0	0	0	0
2025-02-24 23:23:00	43.20705998	101.05866326	102.19793838	1	0	0	0	0
2025-02-24 23:23:10	42.697285197999996	101.81702575999999	100.937157	1	0	0	0	0
2025-02-24 23:23:20	42.41969958333333	101.62995027777778	99.99722138888889	1	0	0	0	0
2025-02-24 23:23:30	42.063659390000005	101.25089606	98.99059	1	0	0	0	0
2025-02-24 23:23:40	42.040058	100.57611842	98.9609526	1	0	0	0	0
2025-02-24 23:23:50	42.202119506	99.601831244	99.32643	1	0	0	0	0
2025-02-24 23:24:00	42.1980514	100.53347508	100.545662	1	0	0	0	0
2025-02-24 23:24:10	42.512360604	100.6552001	101.5965358	1	0	0	0	0
2025-02-24 23:24:20	42.52504479444444	101.39907077777778	101.95248455555556	1	0	0	0	0
2025-02-24 23:24:30	42.359314	101.426773	100.929962	1	0	0	0	0
2025-02-24 23:24:40	42.43871842	100.34560608	100.388229	1	0	0	0	0
2025-02-24 23:24:50	42.004515080000004	101.04176772000001	99.557455282	1	0	0	0	0
2025-02-24 23:25:00	42.004515080000004	101.04176772000001	99.557455282	1	1	1	1	1
2025-02-24 23:25:10	42.419925338	100.64098381999999	100.931351	1	0	0	0	0
2025-02-24 23:25:20	42.546054322222226	100.61888872222222	101.28529	1	0	0	0	0
2025-02-24 23:25:30	42.32372	101.272339	100.962273	1	0	0	0	0
2025-02-24 23:25:40	42.277405944	100.92906646	100.43035624	1	0	0	0	0
2025-02-24 23:25:50	42.267428154	101.0152494	100.669518	1	0	0	0	0
2025-02-24 23:26:00	42.34741252	99.65085450000001	99.95893	1	0	0	0	0
2025-02-24 23:26:10	41.984265232	100.37461970000001	99.51666498	1	0	0	0	0
2025-02-24 23:26:20	42.40054778333334	100.05516472222222	100.77958938888888	1	0	0	0	0
2025-02-24 23:26:30	42.5387268	101.682846	102.321152	1	0	0	0	0
2025-02-24 23:26:40	42.621371198000006	101.39724308	101.959656	1	0	0	0	0
2025-02-24 23:26:50	42.313632584	101.58504792000001	100.83339720000001	1	0	0	0	0
2025-02-24 23:27:00	42.117578546	100.19770432	99.0980096	1	0	0	0	0
2025-02-24 23:27:10	42.09631539	99.15177469999999	98.67287	1	0	0	0	0
2025-02-24 23:27:20	41.88149333333334	99.94879605555555	99.20138666666666	1	0	0	0	0
2025-02-24 23:27:30	42.0498238	99.51046	99.5415	1	0	0	0	0
2025-02-24 23:27:40	42.098290956	99.9749828	100.132220624	1	0	0	0	0
2025-02-24 23:27:50	42.096218962	100.17636639999999	100.315292	1	0	0	0	0
2025-02-24 23:28:00	41.93427291	100.33393670000001	99.76402	1	0	0	0	0
2025-02-24 23:28:10	41.9469726	100.06494187999999	99.701716	1	0	0	0	0
2025-02-24 23:28:20	41.985393888888886	99.6217238888889	99.58878333333334	1	0	0	0	0
2025-02-24 23:28:30	42.0291519	99.9052353	100.020088	1	0	0	0	0
2025-02-24 23:28:40	42.052046632	99.90066234	100.042656	1	0	0	0	0
2025-02-24 23:28:50	42.097305112	99.88253794	100.17765686	1	0	0	0	0
2025-02-24 23:29:00	42.191356502	99.90610272	100.3781189	1	0	0	0	0
2025-02-24 23:29:10	42.3055998	100.07548494	100.824104	1	0	0	0	0
2025-02-24 23:29:20	42.217422222222226	99.98825272222221	100.17946127777778	1	0	0	0	0
2025-02-24 23:29:30	42.2739372	99.97284	100.311539	1	0	0	0	0
2025-02-24 23:29:40	42.40326315	100.3776482	100.92023644	1	0	0	0	0
2025-02-24 23:29:50	42.181173434	101.01965342	100.765572	1	0	0	0	0
2025-02-24 23:30:00	42.181173434	101.01965342	100.765572	1	1	1	1	1
2025-02-24 23:30:10	42.177332326	100.83320202	100.48508428000001	1	0	0	0	0
2025-02-24 23:30:20	42.1471047	100.688734	100.45243555555557	1	0	0	0	0
2025-02-24 23:30:30	42.0784836	100.791336	100.366631	1	0	0	0	0
2025-02-24 23:30:40	42.386977470000005	100.16657104	101.00843	1	0	0	0	0
2025-02-24 23:30:50	42.606504204	102.10781022	103.11187988	1	0	0	0	0
2025-02-24 23:31:00	43.064011730000004	102.04701408	103.98325008	1	0	0	0	0
2025-02-24 23:31:10	43.064011730000004	102.04701408	103.98325008	1	1	1	1	1
2025-02-24 23:31:20	43.026973654	102.29083616	103.264626	1	0	0	0	0
2025-02-24 23:31:30	42.99309	102.362061	102.458252	1	0	0	0	0
2025-02-24 23:31:40	42.850658434	102.41131467999999	102.04461524	1	0	0	0	0
2025-02-24 23:31:50	42.750463224	102.50936436	101.839409	1	0	0	0	0
2025-02-24 23:32:00	42.935395758	100.19598786	100.642258	1	0	0	0	0
2025-02-24 23:32:10	42.696459493999996	100.12837394	100.1582422	1	0	0	0	0
2025-02-24 23:32:20	42.26278341111111	100.98461422222222	99.75530655555555	1	0	0	0	0
2025-02-24 23:32:30	42.1102333	101.53212	100.025444	1	0	0	0	0
2025-02-24 23:32:40	42.213614756	100.38792706000001	99.64926	1	0	0	0	0
2025-02-24 23:32:50	42.206820373999996	99.87113742	99.6617118	1	0	0	0	0
2025-02-24 23:33:00	41.977133168	100.63592002	99.84420312	1	0	0	0	0
2025-02-24 23:33:10	42.544409804	100.65261532000001	101.989563	1	0	0	0	0
2025-02-24 23:33:20	42.82832523333333	101.2836305	103.03689716666668	1	0	0	0	0
2025-02-24 23:33:30	42.75934	101.859459	102.691528	1	0	0	0	0
2025-02-24 23:33:40	42.781658084	101.84175924	102.4052	1	0	0	0	0
2025-02-24 23:33:50	42.8867096	101.83975387999999	102.413834	1	0	0	0	0
2025-02-24 23:34:00	42.948878356	101.89197641999999	102.404266	1	0	0	0	0
2025-02-24 23:34:10	42.872681816	102.14183424	102.15838058	1	0	0	0	0
2025-02-24 23:34:20	42.61319	102.14873733333333	101.32500955555557	1	0	0	0	0
2025-02-24 23:34:30	42.1102448	101.713943	99.40508	1	0	0	0	0
2025-02-24 23:34:40	42.242195599999995	100.54520068	99.49905	1	0	0	0	0
2025-02-24 23:34:50	42.083789898000006	100.67307417999999	99.505305524	1	0	0	0	0
2025-02-24 23:35:00	42.083789898000006	100.67307417999999	99.505305524	1	1	1	1	1
2025-02-24 23:35:10	41.939296399999996	100.33886886	99.18977	1	0	0	0	0
2025-02-24 23:35:20	42.00005021111111	99.27183277777777	98.89786733333332	1	0	0	0	0
2025-02-24 23:35:30	41.8496933	99.82966	99.11022	1	0	0	0	0
2025-02-24 23:35:40	41.91202062	99.611672082	99.400079252	1	0	0	0	0
2025-02-24 23:35:50	42.028114264	99.80220299999999	100.117149	1	0	0	0	0
2025-02-24 23:36:00	42.00836247	100.08845608	100.09938	1	0	0	0	0
2025-02-24 23:36:10	41.964637716	100.31204840000001	100.14120486	1	0	0	0	0
2025-02-24 23:36:20	42.072266299999995	99.75492322222223	99.95880022777779	1	0	0	0	0
2025-02-24 23:36:30	42.1015663	100.0174	100.295784	1	0	0	0	0
2025-02-24 23:36:40	42.183253726	100.14152756	100.560089	1	0	0	0	0
2025-02-24 23:36:50	42.443899428	100.07448184	101.13115614	1	0	0	0	0
2025-02-24 23:37:00	42.4623524	100.6521522	101.39777524	1	0	0	0	0
2025-02-24 23:37:10	42.4623524	100.6521522	101.39777524	1	1	1	1	1
2025-02-24 23:37:20	42.41620712222222	100.9791465	101.1311195	1	0	0	0	0
2025-02-24 23:37:30	42.69754	101.111008	101.972237	1	0	0	0	0
2025-02-24 23:37:40	42.69754	101.111008	101.972237	1	1	1	1	1
2025-02-24 23:37:50	42.624255308	99.95626863999999	100.209373	1	0	0	0	0
2025-02-24 23:38:00	42.257122982	101.19883320000001	100.229111	1	0	0	0	0
2025-02-24 23:38:10	42.504231999999995	101.22434486	101.22770788	1	0	0	0	0
2025-02-24 23:38:20	42.504231999999995	101.22434486	101.22770788	1	1	1	1	1
2025-02-24 23:38:30	43.06734	102.258507	103.30423	1	0	0	0	0
2025-02-24 23:38:40	43.195215066	102.64638976	103.540916	1	0	0	0	0
2025-02-24 23:38:50	43.299131624	102.25650114	103.021945	1	0	0	0	0
2025-02-24 23:39:00	43.073410488	102.57327818	102.31889018	1	0	0	0	0
2025-02-24 23:39:10	42.75703782	101.54490884	100.261932	1	0	0	0	0
2025-02-24 23:39:20	42.52505943888889	101.56280166666666	100.05554294444444	1	0	0	0	0
2025-02-24 23:39:30	42.35809	101.677155	100.0959	1	0	0	0	0
2025-02-24 23:39:40	42.421026374	101.89444378	100.75184166	1	0	0	0	0
2025-02-24 23:39:50	42.781870608	101.90137284000001	102.226379	1	0	0	0	0
2025-02-24 23:40:00	42.781870608	101.90137284000001	102.226379	1	1	1	1	1
2025-02-24 23:40:10	42.787586902	102.3789805	102.18659126	1	0	0	0	0
2025-02-24 23:40:20	42.623444444444445	101.46929949999999	100.81602794444446	1	0	0	0	0
2025-02-24 23:40:30	42.5913239	101.091545	100.816177	1	0	0	0	0
2025-02-24 23:40:40	42.5158334	101.53867516	101.12693	1	0	0	0	0
2025-02-24 23:40:50	42.591784584	101.30078944	101.24984610000001	1	0	0	0	0
2025-02-24 23:41:00	42.68665816	101.17019132	101.41407880000001	1	0	0	0	0
2025-02-24 23:41:10	42.516350654	101.68811588	101.146294	1	0	0	0	0
2025-02-24 23:41:20	42.147566861111116	101.28898988888889	99.54495444444444	1	0	0	0	0
2025-02-24 23:41:30	41.9273567	100.644646	98.85687	1	0	0	0	0
2025-02-24 23:41:40	41.821746790000006	100.04987272	98.504164	1	0	0	0	0
2025-02-24 23:41:50	41.899066508000004	99.402114	99.01997	1	0	0	0	0
2025-02-24 23:42:00	41.70977102	99.98614420000001	99.0961	1	0	0	0	0
2025-02-24 23:42:10	41.635505768	99.22823939999999	98.564753	1	0	0	0	0
2025-02-24 23:42:20	41.65175784444445	99.105035	98.79445888888888	1	0	0	0	0
2025-02-24 23:42:30	42.119132496000006	98.97717969199999	100.37722056	1	0	0	0	0
2025-02-24 23:42:40	41.892378424	100.02736344	100.218765	1	0	0	0	0
2025-02-24 23:42:50	41.892378424	100.02736344	100.218765	1	1	1	1	1
2025-02-24 23:43:00	41.962101638	99.716465852	99.9380788	1	0	0	0	0
2025-02-24 23:43:10	41.90960837	99.4972356	99.5466843	1	0	0	0	0
2025-02-24 23:43:20	41.90960837	99.4972356	99.5466843	1	1	1	1	1
2025-02-24 23:43:30	42.573288	99.75469	101.96962	1	0	0	0	0
2025-02-24 23:43:40	42.573288	99.75469	101.96962	1	1	1	1	1
2025-02-24 23:43:50	42.246118204	101.17642336	100.860512	1	0	0	0	0
2025-02-24 23:44:00	42.246118204	101.17642336	100.860512	1	1	1	1	1
2025-02-24 23:44:10	42.774701048	101.42999236	102.65969494	1	0	0	0	0
2025-02-24 23:44:20	42.8960992	101.47913061111112	102.55034677777778	1	0	0	0	0
2025-02-24 23:44:30	42.981913512000006	102.15956082000001	102.92474744	1	0	0	0	0
2025-02-24 23:44:40	42.6874332	102.28044836	101.579994	1	0	0	0	0
2025-02-24 23:44:50	42.889763620000004	99.68277767	100.16103256	1	0	0	0	0
2025-02-24 23:45:00	42.889763620000004	99.68277767	100.16103256	1	1	1	1	1
2025-02-24 23:45:10	42.795405016000004	101.12315402	101.398689	1	0	0	0	0
2025-02-24 23:45:20	42.84415687222222	100.91191444444445	101.31499366666667	1	0	0	0	0
2025-02-24 23:45:30	42.90813	101.3266	101.882278	1	0	0	0	0
2025-02-24 23:45:40	42.917725244	101.65963858	101.99998015999999	1	0	0	0	0
2025-02-24 23:45:50	42.5346964	101.76525832	100.74559	1	0	0	0	0
2025-02-24 23:46:00	42.270141698	102.01754940000001	100.229408	1	0	0	0	0
2025-02-24 23:46:10	41.93205002	101.56704454	99.200901066	1	0	0	0	0
2025-02-24 23:46:20	41.92847944444444	100.82666555555556	99.22856905555557	1	0	0	0	0
2025-02-24 23:46:30	42.256126566	100.87839452	100.90636304	1	0	0	0	0
2025-02-24 23:46:40	42.364336052	100.60021990000001	100.9916	1	0	0	0	0
2025-02-24 23:46:50	42.364336052	100.60021990000001	100.9916	1	1	1	1	1
2025-02-24 23:47:00	42.541284	100.47537466	101.2740453	1	0	0	0	0
2025-02-24 23:47:10	42.07492558	101.49787634	100.49122342	1	0	0	0	0
2025-02-24 23:47:20	42.00210158888889	100.12040511111111	99.62058938888889	1	0	0	0	0
2025-02-24 23:47:30	42.0552521	100.138275	100.042519	1	0	0	0	0
2025-02-24 23:47:40	42.122086726	100.572338	100.64774086	1	0	0	0	0
2025-02-24 23:47:50	42.262344596000005	100.83403084	101.276611	1	0	0	0	0
2025-02-24 23:48:00	42.238055176	101.09287504	101.125259	1	0	0	0	0
2025-02-24 23:48:10	42.071971452	100.7977584	100.25593294	1	0	0	0	0
2025-02-24 23:48:20	42.182615927777775	100.60880594444444	100.67295172222222	1	0	0	0	0
2025-02-24 23:48:30	42.06112	100.003555	99.70522	1	0	0	0	0
2025-02-24 23:48:40	41.67118103	100.08432806	98.51147	1	0	0	0	0
2025-02-24 23:48:50	41.562386786000005	99.0031274	97.8714184	1	0	0	0	0
2025-02-24 23:49:00	41.51527876	98.569502	97.83713088799999	1	0	0	0	0
2025-02-24 23:49:10	41.380234566	99.189095512	98.3700562	1	0	0	0	0
2025-02-24 23:49:20	41.776923922222224	98.56366999999999	99.62114033333333	1	0	0	0	0
2025-02-24 23:49:30	42.0338631	99.0058746	100.800606	1	0	0	0	0
2025-02-24 23:49:40	42.1032508	100.01059975999999	101.3325761	1	0	0	0	0
2025-02-24 23:49:50	42.2150302	100.94941864	101.921127	1	0	0	0	0
2025-02-24 23:50:00	42.2150302	100.94941864	101.921127	1	1	1	1	1
2025-02-24 23:50:10	42.243901756	100.18067062	100.61810894	1	0	0	0	0
2025-02-24 23:50:20	42.106616111111116	99.89935566666666	99.88994111111111	1	0	0	0	0
2025-02-24 23:50:30	41.7257729	100.336937	99.04524	1	0	0	0	0
2025-02-24 23:50:40	41.879372274	99.43851120000001	99.05889	1	0	0	0	0
2025-02-24 23:50:50	41.860794148	99.971432736	99.694783	1	0	0	0	0
2025-02-24 23:51:00	41.9505043	100.5004923	100.47123275999999	1	0	0	0	0
2025-02-24 23:51:10	42.164425764	100.56089914	101.171425	1	0	0	0	0
2025-02-24 23:51:20	42.375589616666666	100.99939922222222	102.00883577777779	1	0	0	0	0
2025-02-24 23:51:30	42.5120773	101.01754	101.919106	1	0	0	0	0
2025-02-24 23:51:40	42.5290016	101.18355942	101.75414167999999	1	0	0	0	0
2025-02-24 23:51:50	42.577096676000004	101.75928132	102.008804	1	0	0	0	0
2025-02-24 23:52:00	42.577096676000004	101.75928132	102.008804	1	1	1	1	1
2025-02-24 23:52:10	42.50254391	102.13367132	102.059845	1	0	0	0	0
2025-02-24 23:52:20	42.700419916	100.63455652	101.256446788	1	0	0	0	0
2025-02-24 23:52:30	42.1771355	99.18566	98.7689743	1	0	0	0	0
2025-02-24 23:52:40	41.916761199999996	99.5760291	98.9011154	1	0	0	0	0
2025-02-24 23:52:50	41.769402866	99.330144	98.46651243	1	0	0	0	0
2025-02-24 23:53:00	41.521039772	99.81632060000001	98.5070154	1	0	0	0	0
2025-02-24 23:53:10	41.463550399999995	99.89701468199999	98.75597	1	0	0	0	0
2025-02-24 23:53:20	41.49504777777778	99.0573138888889	98.55104232222222	1	0	0	0	0
2025-02-24 23:53:30	41.4489174	99.24634	98.89711	1	0	0	0	0
2025-02-24 23:53:40	41.847899052	99.29403432000001	100.24888274	1	0	0	0	0
2025-02-24 23:53:50	41.466817	99.8861414	99.17155	1	0	0	0	0
2025-02-24 23:54:00	41.600689245999995	98.967511	99.1321945	1	0	0	0	0
2025-02-24 23:54:10	41.63352088	99.695150242	99.837141918	1	0	0	0	0
2025-02-24 23:54:20	41.72970303333333	99.58488333333334	99.94544132777777	1	0	0	0	0
2025-02-24 23:54:30	41.764679676	99.909369296	100.31354918599999	1	0	0	0	0
2025-02-24 23:54:40	42.25401068	99.89374822	101.902451	1	0	0	0	0
2025-02-24 23:54:50	42.478961948	100.6203589	102.72229886	1	0	0	0	0
2025-02-24 23:55:00	42.478961948	100.6203589	102.72229886	1	1	1	1	1
2025-02-24 23:55:10	42.347987	101.28241116	101.46283	1	0	0	0	0
2025-02-24 23:55:20	42.47612916666667	100.95634144444443	101.55532411111112	1	0	0	0	0
2025-02-24 23:55:30	42.4744568	101.337784	101.702988	1	0	0	0	0
2025-02-24 23:55:40	42.57976956	101.42900482	101.9359469	1	0	0	0	0
2025-02-24 23:55:50	42.8715711	101.94327414	103.124954	1	0	0	0	0
2025-02-24 23:56:00	42.884568856	102.59356164	103.304932	1	0	0	0	0
2025-02-24 23:56:10	42.774611594	102.76763932	102.82838905999999	1	0	0	0	0
2025-02-24 23:56:20	42.970837655555556	100.55580183333333	101.59569588888888	1	0	0	0	0
2025-02-24 23:56:30	42.82637	100.870911	101.584381	1	0	0	0	0
2025-02-24 23:56:40	42.409326274	102.51079082	101.686516	1	0	0	0	0
2025-02-24 23:56:50	42.342819614	102.36043202	101.33368852	1	0	0	0	0
2025-02-24 23:57:00	42.600763584	100.08724124	100.46895156000001	1	0	0	0	0
2025-02-24 23:57:10	42.336417374	102.0121764	101.611557	1	0	0	0	0
2025-02-24 23:57:20	42.42734591666667	102.26444544444445	102.07089955555556	1	0	0	0	0
2025-02-24 23:57:30	42.49066	102.090813	102.112015	1	0	0	0	0
2025-02-24 23:57:40	42.496915598	101.41317412000001	101.34454916	1	0	0	0	0
2025-02-24 23:57:50	42.020805868000004	101.35152152	99.72714	1	0	0	0	0
2025-02-24 23:58:00	41.973605555999995	100.45621134	99.30615	1	0	0	0	0
2025-02-24 23:58:10	41.97291655	99.206393328	98.6302034	1	0	0	0	0
2025-02-24 23:58:20	41.61923588333333	99.97058	98.66937611111112	1	0	0	0	0
2025-02-24 23:58:30	41.7587433	99.77682	99.2411	1	0	0	0	0
2025-02-24 23:58:40	42.154837932	100.1080649	101.402916	1	0	0	0	0
2025-02-24 23:58:50	42.23491648	101.32170642	102.20945139999999	1	0	0	0	0
2025-02-24 23:59:00	42.463558214	101.12185268	102.1771799	1	0	0	0	0
2025-02-24 23:59:10	42.513333828	101.26578172	102.106491	1	0	0	0	0
2025-02-24 23:59:20	42.78468984444444	101.0946901111111	102.51755094444444	1	0	0	0	0
2025-02-24 23:59:30	42.841368312	101.75800454	102.738754	1	0	0	0	0
2025-02-24 23:59:40	42.824550168	102.31996113999999	102.76014322	1	0	0	0	0
2025-02-24 23:59:50	42.93254769	101.35682472	102.022934	1	0	0	0	0
2025-02-25 00:00:00	42.93254769	101.35682472	102.022934	1	1	1	1	1
