PROCESSDATA	2111FIC40102E Data	yyyy-MM-dd HH:mm:ss
8	10	2024-08-23 21:55:00	751
tagname	2111FIC40102E.MV	2111FIC40102E.PV	2111FIC40102E.SV	2111FIC40102E.MODE	bOpOFL	bPvOFL	bSpOFL	bAutOFL
desc	常底油进F401五路支管_OP	常底油进F401五路支管_PV	常底油进F401五路支管_SP	Aut	bOpOFL	bPvOFL	bSpOFL	bAutOFL
fsMax=1.905420290383951	fsMin=0	fsGridNum=10	fdMax=1.905420290383951tfdMin=0	fdGridNum=10	v0GridNum=10	L=24
2024-08-23 21:55:00	40.94663569285714	98.50325785714286	97.591305	1	0	0	0	0
2024-08-23 21:55:10	41.05926072463768	97.91048855072464	97.83525	1	0	0	0	0
2024-08-23 21:55:20	41.110304285714285	97.88377354505495	98.09489835164835	1	0	0	0	0
2024-08-23 21:55:30	41.004349757142855	98.43743371428572	98.210898	1	0	0	0	0
2024-08-23 21:55:40	40.990436216129034	98.25064107741936	98.09545225806453	1	0	0	0	0
2024-08-23 21:55:50	41.1282938707317	97.80015999999999	98.15361707317074	1	0	0	0	0
2024-08-23 21:56:00	41.007813180392155	97.45017117647059	97.4533	1	0	0	0	0
2024-08-23 21:56:10	40.91293833	97.902945	97.767617	1	0	0	0	0
2024-08-23 21:56:20	40.92528166666666	98.110826	97.89540833333334	1	0	0	0	0
2024-08-23 21:56:30	41.01046867647059	97.36356897058823	97.5736794117647	1	0	0	0	0
2024-08-23 21:56:40	40.97401158536585	97.38055141951219	97.59397707317073	1	0	0	0	0
2024-08-23 21:56:50	41.02127202380952	97.57432010714287	97.82847642857143	1	0	0	0	0
2024-08-23 21:57:00	40.93866130434783	98.1554152173913	98.06590347826088	1	0	0	0	0
2024-08-23 21:57:10	41.04090708333333	98.16698583333333	98.32084166666667	1	0	0	0	0
2024-08-23 21:57:20	40.9724257084507	98.04286169014085	97.89504619718309	1	0	0	0	0
2024-08-23 21:57:30	41.0572807423077	97.98961288461538	98.2431126923077	1	0	0	0	0
2024-08-23 21:57:40	41.105182088235296	97.66391658039215	97.9354248	1	0	0	0	0
2024-08-23 21:57:50	41.05470136904762	97.7572060047619	97.9197159	1	0	0	0	0
2024-08-23 21:58:00	41.07310104347826	98.04858623913043	98.15243173913044	1	0	0	0	0
2024-08-23 21:58:10	41.177261009999995	97.485947	97.939109	1	0	0	0	0
2024-08-23 21:58:20	40.962872891176474	97.7683480882353	97.42525661764707	1	0	0	0	0
2024-08-23 21:58:30	40.85078644927536	97.75171420289855	97.30204274202899	1	0	0	0	0
2024-08-23 21:58:40	40.82713092	98.015192	97.72648	1	0	0	0	0
2024-08-23 21:58:50	41.03728141777778	97.50013776444445	98.04219977777778	1	0	0	0	0
2024-08-23 21:59:00	40.9989946117647	97.79851647058824	98.02117705882353	1	0	0	0	0
2024-08-23 21:59:10	41.13803059	98.17880016999999	98.82993	1	0	0	0	0
2024-08-23 21:59:20	40.95411595352113	98.2957043169014	98.22140297183098	1	0	0	0	0
2024-08-23 21:59:30	41.000151826582275	98.08052455822785	98.14249618987343	1	0	0	0	0
2024-08-23 21:59:40	40.913418914285714	98.06739027857144	97.76403071428571	1	0	0	0	0
2024-08-23 21:59:50	41.05987566885246	97.82213032786885	98.11980967213115	1	0	0	0	0
2024-08-23 22:00:00	41.022511639344266	98.16536672131147	98.18698196721311	1	0	0	0	0
2024-08-23 22:00:10	40.98897436	98.80966846	98.513874	1	0	0	0	0
2024-08-23 22:00:20	41.2498967875	98.04462765	98.601803125	1	0	0	0	0
2024-08-23 22:00:30	41.22449704788732	98.20115084507043	98.48944	1	0	0	0	0
2024-08-23 22:00:40	41.09593551111111	98.09093029012345	97.80559493209877	1	0	0	0	0
2024-08-23 22:00:50	40.93673151470588	98.28973478235294	97.63896719411765	1	0	0	0	0
2024-08-23 22:01:00	40.995430750000004	97.80695197	97.63580475750001	1	0	0	0	0
2024-08-23 22:01:10	40.940643676470586	98.05251647058823	97.75799815294117	1	0	0	0	0
2024-08-23 22:01:20	40.868156101694915	97.95870694915254	97.5154343	1	0	0	0	0
2024-08-23 22:01:30	40.756629925714286	97.72611285714285	97.20006342857143	1	0	0	0	0
2024-08-23 22:01:40	40.85330395616438	97.43960726027397	97.42468225753426	1	0	0	0	0
2024-08-23 22:01:50	40.89087816666667	97.6312174710145	97.82703	1	0	0	0	0
2024-08-23 22:02:00	41.13916015625	96.79080088125	97.88501900624999	1	0	0	0	0
2024-08-23 22:02:10	40.90636146078431	97.39346676862745	97.58063925490195	1	0	0	0	0
2024-08-23 22:02:20	40.77906527887324	98.1085123943662	97.77532268591548	1	0	0	0	0
2024-08-23 22:02:30	40.78833343050847	98.15227118644067	97.88852499661017	1	0	0	0	0
2024-08-23 22:02:40	40.90667371910112	97.64403285393259	97.82758539325842	1	0	0	0	0
2024-08-23 22:02:50	40.9280819025641	98.0176576923077	98.18025923076922	1	0	0	0	0
2024-08-23 22:03:00	40.79709537	97.94550100000001	97.6517357325	1	0	0	0	0
2024-08-23 22:03:10	40.9518485117647	97.84753078431373	98.18695942156863	1	0	0	0	0
2024-08-23 22:03:20	41.02993366857143	97.50316011999999	97.88837746285715	1	0	0	0	0
2024-08-23 22:03:30	40.88746782857143	98.16760193571429	97.97971071428572	1	0	0	0	0
2024-08-23 22:03:40	41.206464	97.53730214285714	98.42957928571428	1	0	0	0	0
2024-08-23 22:03:50	41.03340967391304	98.41062289855073	98.36624822463769	1	0	0	0	0
2024-08-23 22:04:00	41.142436706557376	98.49265756065573	98.7538147	1	0	0	0	0
2024-08-23 22:04:10	41.212959754901966	98.23616	98.67468509803922	1	0	0	0	0
2024-08-23 22:04:20	41.264011669565214	98.29871213913043	98.77640873043478	1	0	0	0	0
2024-08-23 22:04:30	41.19453987843137	98.1284274509804	98.18880921568628	1	0	0	0	0
2024-08-23 22:04:40	41.14098925454545	98.47473454545455	98.36992636363637	1	0	0	0	0
2024-08-23 22:04:50	41.04785699166666	98.4797375	98.026435	1	0	0	0	0
2024-08-23 22:05:00	40.949942880597014	98.37095561791045	97.77466	1	0	0	0	0
2024-08-23 22:05:10	40.936863841509435	98.09032441320755	97.69770698113207	1	0	0	0	0
2024-08-23 22:05:20	40.9134693	97.87054764999999	97.5686607	1	0	0	0	0
2024-08-23 22:05:30	40.97091260869565	97.56851956521739	97.60827975652174	1	0	0	0	0
2024-08-23 22:05:40	41.01059685714286	97.72035828571428	97.87973171428571	1	0	0	0	0
2024-08-23 22:05:50	40.937685832394365	98.18195764788732	97.93947295774647	1	0	0	0	0
2024-08-23 22:06:00	40.855920325	97.642320625	97.108049375	1	0	0	0	0
2024-08-23 22:06:10	40.99672889795918	97.07903626122449	97.27817040816326	1	0	0	0	0
2024-08-23 22:06:20	40.90389428571429	98.06362	97.86421	1	0	0	0	0
2024-08-23 22:06:30	40.99604	98.58455699999999	98.53821622	1	0	0	0	0
2024-08-23 22:06:40	41.063239092592596	97.98009279012345	98.10622703703704	1	0	0	0	0
2024-08-23 22:06:50	40.90154285714286	98.6239982857143	97.94311571428571	1	0	0	0	0
2024-08-23 22:07:00	41.18718914494382	97.40467541011236	97.94530550561798	1	0	0	0	0
2024-08-23 22:07:10	40.922302076	98.20414364	97.735781524	1	0	0	0	0
2024-08-23 22:07:20	40.91053637974684	97.51563962025317	97.21908357721519	1	0	0	0	0
2024-08-23 22:07:30	40.77298965423729	97.69884406779661	97.11889573220338	1	0	0	0	0
2024-08-23 22:07:40	40.89540241904762	97.39663428571428	97.55020288095238	1	0	0	0	0
2024-08-23 22:07:50	40.72562130172414	98.13521351724138	97.5715112637931	1	0	0	0	0
2024-08-23 22:08:00	40.88042604505494	97.34795282967033	97.4661821978022	1	0	0	0	0
2024-08-23 22:08:10	40.75565340392157	97.11942730392157	96.89604475490196	1	0	0	0	0
2024-08-23 22:08:20	40.91930477142857	96.78483422857143	97.23866576857144	1	0	0	0	0
2024-08-23 22:08:30	40.75322513559322	98.0440627118644	97.67014968644068	1	0	0	0	0
2024-08-23 22:08:40	40.993012571428565	96.9284313357143	97.51444450714285	1	0	0	0	0
2024-08-23 22:08:50	40.871657457627116	97.7479072881356	97.7391623661017	1	0	0	0	0
2024-08-23 22:09:00	41.06433493827161	97.35959543209877	97.88758320987654	1	0	0	0	0
2024-08-23 22:09:10	40.93904861	98.47208635999999	98.22858326	1	0	0	0	0
2024-08-23 22:09:20	40.83733275294118	98.43361213823529	97.70298943823529	1	0	0	0	0
2024-08-23 22:09:30	40.94513881304348	97.81364695652174	97.68378422753624	1	0	0	0	0
2024-08-23 22:09:40	40.76146347826087	98.49601565217391	97.6759	1	0	0	0	0
2024-08-23 22:09:50	40.91183928421053	97.5481250877193	97.43225796842106	1	0	0	0	0
2024-08-23 22:10:00	40.91608879268293	97.69864963414635	97.84042551829269	1	0	0	0	0
2024-08-23 22:10:10	41.16283383333333	97.22318	98.25158840579711	1	0	0	0	0
2024-08-23 22:10:20	41.20616470886076	97.75170844936709	98.63474681012659	1	0	0	0	0
2024-08-23 22:10:30	41.15464407142857	97.77062421428572	98.08908	1	0	0	0	0
2024-08-23 22:10:40	41.11137997704918	97.90214416885246	97.95727344262295	1	0	0	0	0
2024-08-23 22:10:50	40.9363816	97.66872303529412	97.26089411764706	1	0	0	0	0
2024-08-23 22:11:00	40.905890770886074	97.55786405063292	97.11307247341773	1	0	0	0	0
2024-08-23 22:11:10	40.98665930985916	97.0667176056338	97.18983520563381	1	0	0	0	0
2024-08-23 22:11:20	40.795296566666664	97.77354	97.34411895555556	1	0	0	0	0
2024-08-23 22:11:30	40.8651803	97.54649705882352	97.46687585882353	1	0	0	0	0
2024-08-23 22:11:40	40.75347272318841	97.34698226666667	96.84090521739131	1	0	0	0	0
2024-08-23 22:11:50	40.958701444	96.90923841600001	97.26932635600001	1	0	0	0	0
2024-08-23 22:12:00	40.988213627848104	98.08008649113924	98.45221696202532	1	0	0	0	0
2024-08-23 22:12:10	41.10198268115942	98.29063014492753	98.85290511594202	1	0	0	0	0
2024-08-23 22:12:20	41.33377833333333	98.35376444444445	99.32222366666667	1	0	0	0	0
2024-08-23 22:12:30	41.245070999999996	98.50009254999999	98.809399	1	0	0	0	0
2024-08-23 22:12:40	41.36789543333333	98.218829625	98.78149	1	0	0	0	0
2024-08-23 22:12:50	41.34042887142857	98.85823530612245	98.97826795918367	1	0	0	0	0
2024-08-23 22:13:00	41.123749054545456	98.4069	97.72009	1	0	0	0	0
2024-08-23 22:13:10	40.969549529411765	98.26742705882353	97.31465	1	0	0	0	0
2024-08-23 22:13:20	41.243032640449435	97.71432735955057	98.02385325842697	1	0	0	0	0
2024-08-23 22:13:30	41.329334882352946	97.96595989411765	98.54695882352941	1	0	0	0	0
2024-08-23 22:13:40	41.31507447777778	98.45926722222222	98.9111557	1	0	0	0	0
2024-08-23 22:13:50	41.56894198536585	98.93721609756098	100.132317	1	0	0	0	0
2024-08-23 22:14:00	41.38967381764706	99.10450996235294	99.20318033411765	1	0	0	0	0
2024-08-23 22:14:10	41.34972978571428	99.18485457142857	98.96959457142857	1	0	0	0	0
2024-08-23 22:14:20	41.55699987027027	98.51774243243243	99.1466724	1	0	0	0	0
2024-08-23 22:14:30	41.370185505882354	99.09964852941177	98.9658661	1	0	0	0	0
2024-08-23 22:14:40	41.600959654929575	98.74468810704225	99.40396514366196	1	0	0	0	0
2024-08-23 22:14:50	41.38277938235294	98.4519846	98.31967408235295	1	0	0	0	0
2024-08-23 22:15:00	41.19265383521127	98.50872020845071	97.7786485915493	1	0	0	0	0
2024-08-23 22:15:10	41.02687539240507	98.05574948101265	97.21150189240505	1	0	0	0	0
2024-08-23 22:15:20	40.92013485802469	97.74820543209876	96.9434275308642	1	0	0	0	0
2024-08-23 22:15:30	41.08129516966292	97.45172988764044	97.52796168539325	1	0	0	0	0
2024-08-23 22:15:40	41.16390682978724	97.82955914893617	98.39233	1	0	0	0	0
2024-08-23 22:15:50	40.899026428571425	98.70852607142857	98.05658	1	0	0	0	0
2024-08-23 22:16:00	41.13608114782609	97.60672695652174	97.89301217391304	1	0	0	0	0
2024-08-23 22:16:10	40.807438421348316	98.49257826404494	97.48062191011236	1	0	0	0	0
2024-08-23 22:16:20	40.95558555555556	97.386866	97.13047777777778	1	0	0	0	0
2024-08-23 22:16:30	40.88886723544304	97.52465154177214	97.26109058227848	1	0	0	0	0
2024-08-23 22:16:40	41.1829569	97.73286534492755	98.76909470289856	1	0	0	0	0
2024-08-23 22:16:50	41.17635730980392	98.23298045098039	98.9407713509804	1	0	0	0	0
2024-08-23 22:17:00	41.156197968354434	98.53734598987342	98.82986	1	0	0	0	0
2024-08-23 22:17:10	41.173551882352946	97.9583146235294	98.15935999999999	1	0	0	0	0
2024-08-23 22:17:20	41.07964924637681	98.25346723188404	98.04256260869565	1	0	0	0	0
2024-08-23 22:17:30	41.26854471014493	98.16994239855073	98.53261913043478	1	0	0	0	0
2024-08-23 22:17:40	41.32429845070423	98.43654234507042	98.84703549295774	1	0	0	0	0
2024-08-23 22:17:50	41.276722	98.257902368	98.3883756	1	0	0	0	0
2024-08-23 22:18:00	41.138191	98.04165966666666	97.7812347	1	0	0	0	0
2024-08-23 22:18:10	40.963747451923076	97.90855170192307	97.12509923076924	1	0	0	0	0
2024-08-23 22:18:20	40.77083333333333	97.62042745000001	96.54588931666667	1	0	0	0	0
2024-08-23 22:18:30	41.09249333333334	97.17129836666668	97.6915359	1	0	0	0	0
2024-08-23 22:18:40	41.133110062499995	97.38325835625	98.07709485625	1	0	0	0	0
2024-08-23 22:18:50	41.13869377254902	98.05428509803922	98.60079	1	0	0	0	0
2024-08-23 22:19:00	41.15314875	98.41719416666666	98.76182472222222	1	0	0	0	0
2024-08-23 22:19:10	41.175194962068964	98.07881224137931	98.29832172413792	1	0	0	0	0
2024-08-23 22:19:20	41.02830272957746	97.95735	97.71396679577465	1	0	0	0	0
2024-08-23 22:19:30	41.032501561728395	97.93534098765433	97.74555296296296	1	0	0	0	0
2024-08-23 22:19:40	40.91075415423729	97.74305593220339	97.21719135593221	1	0	0	0	0
2024-08-23 22:19:50	40.54490695238095	97.38779725714285	95.97039	1	0	0	0	0
2024-08-23 22:20:00	40.53173892142857	96.378475	95.60359503571429	1	0	0	0	0
2024-08-23 22:20:10	40.396345870000005	96.83773362	95.85498848	1	0	0	0	0
2024-08-23 22:20:20	41.0039435220339	96.53732081016949	97.92030642711865	1	0	0	0	0
2024-08-23 22:20:30	40.73665141714286	97.68985910857143	97.84451314285714	1	0	0	0	0
2024-08-23 22:20:40	40.821023079545455	97.82175893863636	98.12046117045455	1	0	0	0	0
2024-08-23 22:20:50	40.73149564788733	97.82346981971831	97.62283059859155	1	0	0	0	0
2024-08-23 22:21:00	40.69149927848101	97.4986819050633	97.21020696202531	1	0	0	0	0
2024-08-23 22:21:10	40.4622432244898	97.16025035102041	96.2521744	1	0	0	0	0
2024-08-23 22:21:20	40.598424941666664	97.48714631666667	97.24080333333333	1	0	0	0	0
2024-08-23 22:21:30	40.92230469620253	96.7469914050633	97.59910924050632	1	0	0	0	0
2024-08-23 22:21:40	40.8773534691358	97.204502345679	97.73313728395063	1	0	0	0	0
2024-08-23 22:21:50	41.03455545	97.36597	98.26842	1	0	0	0	0
2024-08-23 22:22:00	40.96691429285715	97.698475	98.03938342857143	1	0	0	0	0
2024-08-23 22:22:10	40.96819105294117	97.80104235294117	97.99465982549019	1	0	0	0	0
2024-08-23 22:22:20	40.886522064705886	97.73800976470588	97.76079390882353	1	0	0	0	0
2024-08-23 22:22:30	41.06675894044944	97.72450539325843	98.23029398876405	1	0	0	0	0
2024-08-23 22:22:40	41.07476467777778	97.55704666666666	98.01427388888888	1	0	0	0	0
2024-08-23 22:22:50	40.9152505	97.72053666666667	97.50075416666667	1	0	0	0	0
2024-08-23 22:23:00	40.8510632056338	97.5369777971831	97.18749985915493	1	0	0	0	0
2024-08-23 22:23:10	40.919942131999996	97.444830952	97.588076	1	0	0	0	0
2024-08-23 22:23:20	41.025734764999996	97.3095044175	97.852308	1	0	0	0	0
2024-08-23 22:23:30	40.617833184810124	98.55938892658227	97.31189784810127	1	0	0	0	0
2024-08-23 22:23:40	40.46705177647058	97.31793647058824	95.70897	1	0	0	0	0
2024-08-23 22:23:50	40.63235809565217	96.57673786666666	96.30964294202899	1	0	0	0	0
2024-08-23 22:24:00	40.772060197468356	96.7453438835443	97.22133484810126	1	0	0	0	0
2024-08-23 22:24:10	40.65801214705882	97.37663294117647	97.3336011764706	1	0	0	0	0
2024-08-23 22:24:20	40.5692272	96.96098438571428	96.62927928571429	1	0	0	0	0
2024-08-23 22:24:30	40.20084801428572	96.84267635714286	95.39757	1	0	0	0	0
2024-08-23 22:24:40	40.42375568732395	96.03636845070422	95.8668983169014	1	0	0	0	0
2024-08-23 22:24:50	40.54209395833333	96.94853731666667	97.34684583333333	1	0	0	0	0
2024-08-23 22:25:00	40.60873838125	97.43239750000001	97.85993468125	1	0	0	0	0
2024-08-23 22:25:10	40.72953249583333	97.809563125	98.3688049	1	0	0	0	0
2024-08-23 22:25:20	40.786177566666666	97.98619333333333	98.37095	1	0	0	0	0
2024-08-23 22:25:30	40.66927605538462	98.53806315692307	98.18182476923076	1	0	0	0	0
2024-08-23 22:25:40	40.886918524590165	97.24491524590164	97.73434245901639	1	0	0	0	0
2024-08-23 22:25:50	40.614048358620686	97.48736605517242	96.95797	1	0	0	0	0
2024-08-23 22:26:00	40.46014698028169	98.75246178028169	97.56573830985916	1	0	0	0	0
2024-08-23 22:26:10	40.61013	97.4164029	97.056275	1	0	0	0	0
2024-08-23 22:26:20	40.59579198481013	97.3306924	97.06203632911392	1	0	0	0	0
2024-08-23 22:26:30	40.67652247	96.40513154	96.578735	1	0	0	0	0
2024-08-23 22:26:40	40.67787049375	96.509280625	96.73995000000001	1	0	0	0	0
2024-08-23 22:26:50	40.45719415	97.7493221	97.02711642857143	1	0	0	0	0
2024-08-23 22:27:00	40.72576905	96.731885	97.16748	1	0	0	0	0
2024-08-23 22:27:10	40.45437740714286	98.09025142857142	97.22979104285714	1	0	0	0	0
2024-08-23 22:27:20	40.57389932142857	97.53751	97.23731642857142	1	0	0	0	0
2024-08-23 22:27:30	40.716375	97.12449	97.3240275	1	0	0	0	0
2024-08-23 22:27:40	40.88749313265306	96.41990034285715	97.2546844	1	0	0	0	0
2024-08-23 22:27:50	40.86078284166666	96.86824833333334	97.41449485833333	1	0	0	0	0
2024-08-23 22:28:00	40.9608531125	97.04593750000001	97.7764859375	1	0	0	0	0
2024-08-23 22:28:10	40.70800769803922	98.07365313725491	97.56820519607844	1	0	0	0	0
2024-08-23 22:28:20	40.48377537313433	98.10962626865671	96.8748504477612	1	0	0	0	0
2024-08-23 22:28:30	40.54685760204082	97.74689081632653	96.9756851	1	0	0	0	0
2024-08-23 22:28:40	40.74026395384615	97.12687341538461	97.23996296923076	1	0	0	0	0
2024-08-23 22:28:50	40.57114603606557	96.8590915	96.32247524590164	1	0	0	0	0
2024-08-23 22:29:00	40.24998742	96.82666698	95.462012	1	0	0	0	0
2024-08-23 22:29:10	40.34427654262295	96.2134356147541	95.65178	1	0	0	0	0
2024-08-23 22:29:20	40.407118987341775	96.76374341772153	96.5404565822785	1	0	0	0	0
2024-08-23 22:29:30	40.77678904166667	96.47894916666667	97.71917820833333	1	0	0	0	0
2024-08-23 22:29:40	40.7406355875	97.4866769625	98.11629661458333	1	0	0	0	0
2024-08-23 22:29:50	40.81752482142857	97.51022285714286	98.1730957	1	0	0	0	0
2024-08-23 22:30:00	40.74316263736264	96.60376733516483	96.96557131868133	1	0	0	0	0
2024-08-23 22:30:10	40.57939745762712	96.72387639830508	96.55137906779662	1	0	0	0	0
2024-08-23 22:30:20	40.68172525833334	96.877819625	97.24625585	1	0	0	0	0
2024-08-23 22:30:30	40.82370823653846	97.27856576923078	98.0279541	1	0	0	0	0
2024-08-23 22:30:40	40.880870571428574	97.12889149285714	97.82832107857143	1	0	0	0	0
2024-08-23 22:30:50	40.99774	96.89381050833333	97.97533809166667	1	0	0	0	0
2024-08-23 22:31:00	40.84094040985916	97.80086056338028	98.01930330281691	1	0	0	0	0
2024-08-23 22:31:10	41.061609575000006	96.88314255	97.75400375	1	0	0	0	0
2024-08-23 22:31:20	40.83571002962963	97.53204925925925	97.53310679012345	1	0	0	0	0
2024-08-23 22:31:30	40.894992341176476	97.3554305882353	97.60357352941178	1	0	0	0	0
2024-08-23 22:31:40	40.923110433333335	97.61531190476191	97.89166	1	0	0	0	0
2024-08-23 22:31:50	40.90205384285714	98.29699285714287	98.30720334285714	1	0	0	0	0
2024-08-23 22:32:00	41.13190460253165	97.70258354430379	98.4062953164557	1	0	0	0	0
2024-08-23 22:32:10	41.156168688524595	98.01333262295083	98.57715245901639	1	0	0	0	0
2024-08-23 22:32:20	40.968789487179485	98.32013923076923	98.04964717948718	1	0	0	0	0
2024-08-23 22:32:30	41.02176819	97.912843	97.987611	1	0	0	0	0
2024-08-23 22:32:40	40.956224229508194	97.92339147540984	97.80681	1	0	0	0	0
2024-08-23 22:32:50	40.943126449152544	98.04748915254237	97.8605647457627	1	0	0	0	0
2024-08-23 22:33:00	40.85808465384615	98.14700904615384	97.76635692307693	1	0	0	0	0
2024-08-23 22:33:10	41.10182422535211	97.49993975352113	97.99399901408451	1	0	0	0	0
2024-08-23 22:33:20	40.966210625	98.358875625	98.208220625	1	0	0	0	0
2024-08-23 22:33:30	41.125724564705884	98.12741470588236	98.43355647058823	1	0	0	0	0
2024-08-23 22:33:40	41.15812386938776	98.34608142857144	98.66407	1	0	0	0	0
2024-08-23 22:33:50	41.011627168292684	98.1250694097561	97.72214	1	0	0	0	0
2024-08-23 22:34:00	41.07620717763158	97.74210144736843	97.72643934210527	1	0	0	0	0
2024-08-23 22:34:10	40.88089661594203	97.98141028985508	97.33777043478261	1	0	0	0	0
2024-08-23 22:34:20	40.75151018571429	97.70380171428572	96.94548	1	0	0	0	0
2024-08-23 22:34:30	40.84570355633803	97.9847325915493	97.64412281690142	1	0	0	0	0
2024-08-23 22:34:40	40.89332256410256	97.50728172307691	97.52802846153847	1	0	0	0	0
2024-08-23 22:34:50	41.00248463673469	97.1340863265306	97.5776263265306	1	0	0	0	0
2024-08-23 22:35:00	40.91817531428571	97.50770342857143	97.49788057142857	1	0	0	0	0
2024-08-23 22:35:10	40.97380667826087	97.29654449275363	97.51311264347827	1	0	0	0	0
2024-08-23 22:35:20	40.71501436853933	97.9808943235955	97.27228006741574	1	0	0	0	0
2024-08-23 22:35:30	40.72602394576271	97.04449621694916	96.54689691525424	1	0	0	0	0
2024-08-23 22:35:40	40.57253275	97.39311506666667	96.64273	1	0	0	0	0
2024-08-23 22:35:50	40.55761849756097	97.53554484390244	97.0357361	1	0	0	0	0
2024-08-23 22:36:00	40.949497199999996	97.18799906666666	98.19919386666666	1	0	0	0	0
2024-08-23 22:36:10	40.985663824999996	97.57081576923076	98.41768869230769	1	0	0	0	0
2024-08-23 22:36:20	40.820563254545455	98.15636636363637	98.05251996363637	1	0	0	0	0
2024-08-23 22:36:30	40.81114797142857	97.71814571428571	97.58859714285715	1	0	0	0	0
2024-08-23 22:36:40	40.86920184057971	97.60698231884058	97.68575008695652	1	0	0	0	0
2024-08-23 22:36:50	40.903495152941176	97.5791011117647	97.71111705882353	1	0	0	0	0
2024-08-23 22:37:00	40.88213367323944	97.66473691830986	97.55877	1	0	0	0	0
2024-08-23 22:37:10	40.766537672	98.134118	97.545979376	1	0	0	0	0
2024-08-23 22:37:20	40.86009705625	97.25392875	97.2831013	1	0	0	0	0
2024-08-23 22:37:30	41.02180469354839	97.13424967741936	97.92029598064515	1	0	0	0	0
2024-08-23 22:37:40	40.82040406551724	98.14952811896552	97.9090324137931	1	0	0	0	0
2024-08-23 22:37:50	40.99497073469388	97.85426530612246	98.25315	1	0	0	0	0
2024-08-23 22:38:00	41.06733306857143	98.03522685714285	98.47775986857143	1	0	0	0	0
2024-08-23 22:38:10	40.86146373934426	98.45606426229507	97.85183028360655	1	0	0	0	0
2024-08-23 22:38:20	40.916310223287674	98.01879122328766	97.81752539726027	1	0	0	0	0
2024-08-23 22:38:30	41.0163611	97.93448358314608	98.0674302247191	1	0	0	0	0
2024-08-23 22:38:40	41.01566417777778	97.84750453333334	98.03816956666667	1	0	0	0	0
2024-08-23 22:38:50	41.0469784	98.08930666666666	98.27381896666667	1	0	0	0	0
2024-08-23 22:39:00	41.11391788732394	97.6514166197183	97.99362084507042	1	0	0	0	0
2024-08-23 22:39:10	40.94162730769231	97.85125307692307	97.45338	1	0	0	0	0
2024-08-23 22:39:20	40.84243636714286	97.84401550714286	97.30941514285715	1	0	0	0	0
2024-08-23 22:39:30	40.909544925714286	97.07420796	97.03714771428571	1	0	0	0	0
2024-08-23 22:39:40	40.94456552	97.54935432	97.66642	1	0	0	0	0
2024-08-23 22:39:50	40.99255847115385	97.16951326923076	97.43344930384616	1	0	0	0	0
2024-08-23 22:40:00	40.899170789830514	97.22389033898305	97.2651138	1	0	0	0	0
2024-08-23 22:40:10	40.722988040816325	97.57346857142856	97.04454836734693	1	0	0	0	0
2024-08-23 22:40:20	40.80261428169014	97.46239042253521	97.4466074084507	1	0	0	0	0
2024-08-23 22:40:30	40.873519168539325	97.58670426966292	97.70898662921348	1	0	0	0	0
2024-08-23 22:40:40	41.059912444285715	97.01908857142857	97.82869414285715	1	0	0	0	0
2024-08-23 22:40:50	40.798353000000006	98.037048	97.637641	1	0	0	0	0
2024-08-23 22:41:00	40.96702406956522	97.38041313043479	97.63286304347827	1	0	0	0	0
2024-08-23 22:41:10	41.015874326530614	97.35993704081632	97.73538	1	0	0	0	0
2024-08-23 22:41:20	40.957546338571426	97.39119398714286	97.59906751428571	1	0	0	0	0
2024-08-23 22:41:30	40.797696455	97.632648	97.30842249666667	1	0	0	0	0
2024-08-23 22:41:40	40.679937699999996	97.43546033333334	96.81123	1	0	0	0	0
2024-08-23 22:41:50	40.679937699999996	97.43546033333334	96.81123	1	0	0	0	0
2024-08-23 22:42:00	40.7247658	97.1763	96.97396	1	0	0	0	0
2024-08-23 22:42:10	40.69768833333333	97.27911333333333	97.09127	1	0	0	0	0
2024-08-23 22:42:20	40.87812894339623	97.03386433962264	97.48004150943396	1	0	0	0	0
2024-08-23 22:42:30	40.77659472741936	97.8745288451613	97.7457	1	0	0	0	0
2024-08-23 22:42:40	40.88005080128205	97.94542612307693	98.03578628205128	1	0	0	0	0
2024-08-23 22:42:50	41.117646843209876	98.18541469135803	98.74261321604939	1	0	0	0	0
2024-08-23 22:43:00	41.3085738028169	98.2223914084507	99.16550754929578	1	0	0	0	0
2024-08-23 22:43:10	41.27393910641025	98.51163923076922	98.87545101923077	1	0	0	0	0
2024-08-23 22:43:20	41.41835315686274	98.2796952745098	98.9349442	1	0	0	0	0
2024-08-23 22:43:30	41.220415287323945	98.62814802816901	98.48310436619718	1	0	0	0	0
2024-08-23 22:43:40	41.27251154492753	98.55917231884058	98.57390130434783	1	0	0	0	0
2024-08-23 22:43:50	41.21665476271187	98.46038079661017	98.2934341	1	0	0	0	0
2024-08-23 22:44:00	41.09179	98.50202	97.9538956	1	0	0	0	0
2024-08-23 22:44:10	41.118543425	98.34874624999999	98.0747479375	1	0	0	0	0
2024-08-23 22:44:20	41.1821747	98.03514	98.05957	1	0	0	0	0
2024-08-23 22:44:30	41.12567316393443	98.07577445245902	97.93607629344262	1	0	0	0	0
2024-08-23 22:44:40	41.07126497142857	97.98915000000001	97.77159428571429	1	0	0	0	0
2024-08-23 22:44:50	41.27165478888889	97.3803303888889	97.95259666666666	1	0	0	0	0
2024-08-23 22:45:00	41.165585519672135	98.04381794590165	98.01953	1	0	0	0	0
2024-08-23 22:45:10	41.223525352112674	98.1267464084507	98.24932929577466	1	0	0	0	0
2024-08-23 22:45:20	40.89382196078431	98.02727196078432	97.0552755882353	1	0	0	0	0
2024-08-23 22:45:30	40.78286113	97.55098428571428	96.67565686142856	1	0	0	0	0
2024-08-23 22:45:40	40.82239441846154	97.40354342153846	97.01035752153845	1	0	0	0	0
2024-08-23 22:45:50	41.028349133333336	97.7106407037037	98.17482814814815	1	0	0	0	0
2024-08-23 22:46:00	41.19239972	97.467882	98.319861	1	0	0	0	0
2024-08-23 22:46:10	41.26055644444445	97.80269074074074	98.79223993333333	1	0	0	0	0
2024-08-23 22:46:20	41.08396320833333	98.7356328875	98.69097030833333	1	0	0	0	0
2024-08-23 22:46:30	41.13921253164557	97.814624	98.03868544303798	1	0	0	0	0
2024-08-23 22:46:40	41.176242	97.88312776	98.08684199999999	1	0	0	0	0
2024-08-23 22:46:50	41.20330956292135	98.24558649325843	98.50269550561798	1	0	0	0	0
2024-08-23 22:47:00	41.25574243333334	98.31799836666667	98.69105333333333	1	0	0	0	0
2024-08-23 22:47:10	41.084712138028166	98.81168732394366	98.30356243661971	1	0	0	0	0
2024-08-23 22:47:20	41.198126466666665	98.40326666666667	98.47902	1	0	0	0	0
2024-08-23 22:47:30	41.12631989285715	98.16266143857143	97.95295857	1	0	0	0	0
2024-08-23 22:47:40	41.13616960943396	98.25223889056603	98.17608	1	0	0	0	0
2024-08-23 22:47:50	40.972515	98.299025	97.81806	1	0	0	0	0
2024-08-23 22:48:00	41.1439794	97.90978156666667	98.2165	1	0	0	0	0
2024-08-23 22:48:10	41.05666246478874	98.01589027746479	97.92089436619717	1	0	0	0	0
2024-08-23 22:48:20	41.101528	98.36234823999999	98.331892	1	0	0	0	0
2024-08-23 22:48:30	41.10895170704225	97.90651823943662	97.99446999999999	1	0	0	0	0
2024-08-23 22:48:40	40.96432135254237	97.93168449152543	97.50775813559322	1	0	0	0	0
2024-08-23 22:48:50	40.90527506202532	97.94012101265822	97.5085382278481	1	0	0	0	0
2024-08-23 22:49:00	40.924050947887324	97.70365507042253	97.48677028169014	1	0	0	0	0
2024-08-23 22:49:10	40.91670520795455	97.86780465909091	97.71956114204545	1	0	0	0	0
2024-08-23 22:49:20	41.012260139215684	97.84638686274509	98.03387637254902	1	0	0	0	0
2024-08-23 22:49:30	41.088770311290325	97.84890532258065	98.30434145322582	1	0	0	0	0
2024-08-23 22:49:40	41.113752	97.91898599999999	98.28033952	1	0	0	0	0
2024-08-23 22:49:50	41.14928	97.89011	98.36924	1	0	0	0	0
2024-08-23 22:50:00	41.06488448064516	98.1219629032258	98.15365274193549	1	0	0	0	0
2024-08-23 22:50:10	41.00787909090909	97.59346545454545	97.39475818181818	1	0	0	0	0
2024-08-23 22:50:20	40.94201237288136	97.72984033898305	97.44103661016949	1	0	0	0	0
2024-08-23 22:50:30	41.06768893714286	97.5313442	97.7316847142857	1	0	0	0	0
2024-08-23 22:50:40	41.016955654	97.717074	97.77393959999999	1	0	0	0	0
2024-08-23 22:50:50	40.79031372	97.83101153	97.152678	1	0	0	0	0
2024-08-23 22:51:00	40.799087086206896	97.60903551724138	97.20919655172413	1	0	0	0	0
2024-08-23 22:51:10	41.20258215822785	97.3093864556962	98.34575253164556	1	0	0	0	0
2024-08-23 22:51:20	41.0899882625	98.12575025	98.50661203	1	0	0	0	0
2024-08-23 22:51:30	41.057813976811595	97.90045202898551	98.00613974202898	1	0	0	0	0
2024-08-23 22:51:40	41.08628780576923	97.74756730769231	97.93909652115384	1	0	0	0	0
2024-08-23 22:51:50	41.0339127	97.90128	97.924324	1	0	0	0	0
2024-08-23 22:52:00	41.183578525	97.7273189375	98.28343375	1	0	0	0	0
2024-08-23 22:52:10	41.0536870875	98.04120125	98.1301225	1	0	0	0	0
2024-08-23 22:52:20	41.06730218571429	97.76524485714286	97.80379242857143	1	0	0	0	0
2024-08-23 22:52:30	40.98733985625	97.87933087500001	97.6553601925	1	0	0	0	0
2024-08-23 22:52:40	41.058383354	97.7998102	97.8610498	1	0	0	0	0
2024-08-23 22:52:50	41.04927773714286	98.00421636285714	98.1553387142857	1	0	0	0	0
2024-08-23 22:53:00	41.314735170967744	97.37574821774194	98.39053370967741	1	0	0	0	0
2024-08-23 22:53:10	41.05126784269663	97.93749865168539	97.86777067415731	1	0	0	0	0
2024-08-23 22:53:20	40.94178142857143	97.81047017142858	97.38877497142857	1	0	0	0	0
2024-08-23 22:53:30	41.0585417	97.84594796666667	97.93173666666667	1	0	0	0	0
2024-08-23 22:53:40	40.927971	98.28064351612903	97.87638225806451	1	0	0	0	0
2024-08-23 22:53:50	41.09706027234042	97.73985667446809	98.06997849361701	1	0	0	0	0
2024-08-23 22:54:00	41.16118683809524	98.33799809523809	98.75246	1	0	0	0	0
2024-08-23 22:54:10	41.1175982375	98.86944125	98.75983197500001	1	0	0	0	0
2024-08-23 22:54:20	41.332534425423724	98.36044813559322	98.80854674915254	1	0	0	0	0
2024-08-23 22:54:30	41.45089746865671	98.21603014925373	98.7868076119403	1	0	0	0	0
2024-08-23 22:54:40	41.24490195254238	98.68335118644067	98.23636	1	0	0	0	0
2024-08-23 22:54:50	41.22998466666667	98.14216061111111	97.88652373333333	1	0	0	0	0
2024-08-23 22:55:00	41.243191213114756	98.23753327868853	98.1356659	1	0	0	0	0
2024-08-23 22:55:10	41.280590189873415	98.03341602531646	98.11189449367089	1	0	0	0	0
2024-08-23 22:55:20	41.319818757142855	97.97612714285714	98.22791927142858	1	0	0	0	0
2024-08-23 22:55:30	41.260406837078655	98.11363426966292	98.01481584382022	1	0	0	0	0
2024-08-23 22:55:40	41.1158142	98.2199	97.6702	1	0	0	0	0
2024-08-23 22:55:50	40.917168764705885	98.34364319215686	97.26295120392157	1	0	0	0	0
2024-08-23 22:56:00	41.054275961702125	97.57708212765958	97.3324297574468	1	0	0	0	0
2024-08-23 22:56:10	41.16507405192308	97.68529653846154	97.91128	1	0	0	0	0
2024-08-23 22:56:20	40.977650098360655	98.57076459016395	98.06952852459015	1	0	0	0	0
2024-08-23 22:56:30	41.146842227848104	98.24671088607595	98.32849108860759	1	0	0	0	0
2024-08-23 22:56:40	41.3303	97.79069	98.475914	1	0	0	0	0
2024-08-23 22:56:50	41.17001714285714	98.25631	98.34055128571428	1	0	0	0	0
2024-08-23 22:57:00	41.04351118	98.49573252	98.03271224	1	0	0	0	0
2024-08-23 22:57:10	40.960801062499996	97.791331375	97.3184027775	1	0	0	0	0
2024-08-23 22:57:20	41.087443934426226	97.66836983606558	97.79136	1	0	0	0	0
2024-08-23 22:57:30	40.9974287125	98.32007125	98.04303625	1	0	0	0	0
2024-08-23 22:57:40	41.05153966666666	98.96108236666666	98.60282141666666	1	0	0	0	0
2024-08-23 22:57:50	41.262437536231886	97.94045202608696	98.35275289855073	1	0	0	0	0
2024-08-23 22:58:00	41.09147421836735	98.50328310204083	98.24225040816327	1	0	0	0	0
2024-08-23 22:58:10	41.14956862745098	98.25408450980392	98.29967	1	0	0	0	0
2024-08-23 22:58:20	41.160709913043476	98.03857869565218	98.16059169565217	1	0	0	0	0
2024-08-23 22:58:30	41.11309329142857	98.19136439857142	98.10370232571428	1	0	0	0	0
2024-08-23 22:58:40	41.30166378169014	98.15614154929578	98.79320901408451	1	0	0	0	0
2024-08-23 22:58:50	41.277152875000006	98.18579911764706	98.46965088235295	1	0	0	0	0
2024-08-23 22:59:00	41.292851875	98.03999518125	98.25207	1	0	0	0	0
2024-08-23 22:59:10	41.2618197875	98.1521035275	98.21940725	1	0	0	0	0
2024-08-23 22:59:20	41.24344071666666	98.09088267999999	98.03861	1	0	0	0	0
2024-08-23 22:59:30	41.2126810654321	97.61297074074074	97.59846793950618	1	0	0	0	0
2024-08-23 22:59:40	41.09800463768116	97.85819666666666	97.4984479710145	1	0	0	0	0
2024-08-23 22:59:50	41.132896612903224	98.61633387096774	98.275745	1	0	0	0	0
2024-08-23 23:00:00	41.376624904761904	97.53025095238095	98.2439638095238	1	0	0	0	0
2024-08-23 23:00:10	41.24390855882353	99.05979019607844	98.972496	1	0	0	0	0
2024-08-23 23:00:20	41.39658624	98.25596088	98.650584	1	0	0	0	0
2024-08-23 23:00:30	41.32683616296296	98.38179444444444	98.42243222222221	1	0	0	0	0
2024-08-23 23:00:40	41.17953873333334	98.28580713333334	97.86501666666668	1	0	0	0	0
2024-08-23 23:00:50	41.17097546065574	98.27762862295081	98.03250311475409	1	0	0	0	0
2024-08-23 23:01:00	41.37635803333333	97.89945300000001	98.43271	1	0	0	0	0
2024-08-23 23:01:10	41.202904342857146	98.74606234285714	98.46310428571428	1	0	0	0	0
2024-08-23 23:01:20	41.42349	97.94709	98.51169	1	0	0	0	0
2024-08-23 23:01:30	41.35212805217391	98.37733536231883	98.60564565217392	1	0	0	0	0
2024-08-23 23:01:40	41.333959621951216	98.31454951219511	98.5719	1	0	0	0	0
2024-08-23 23:01:50	41.19832641126761	99.1300838028169	98.6690026084507	1	0	0	0	0
2024-08-23 23:02:00	41.32854985365854	98.09718013902439	98.21982	1	0	0	0	0
2024-08-23 23:02:10	41.054851594202894	97.75865017391305	97.16534608695652	1	0	0	0	0
2024-08-23 23:02:20	41.01698705882353	98.063382	97.52371764705882	1	0	0	0	0
2024-08-23 23:02:30	41.011267399999994	97.93619	97.61384000000001	1	0	0	0	0
2024-08-23 23:02:40	41.01770906666666	98.15200026666668	97.93718666666668	1	0	0	0	0
2024-08-23 23:02:50	41.181146500000004	97.5683124975	97.974133095	1	0	0	0	0
2024-08-23 23:03:00	41.00159099354838	98.7369023451613	98.32947180645162	1	0	0	0	0
2024-08-23 23:03:10	41.13632095714286	97.99810428571429	98.21065	1	0	0	0	0
2024-08-23 23:03:20	41.09378694615385	98.05974076923077	98.09247307692307	1	0	0	0	0
2024-08-23 23:03:30	41.147991149999996	98.413625	98.49451065	1	0	0	0	0
2024-08-23 23:03:40	41.2124062	98.02378	98.2926254	1	0	0	0	0
2024-08-23 23:03:50	41.33058433275862	98.03750086206897	98.54933155172414	1	0	0	0	0
2024-08-23 23:04:00	41.21579550847458	97.71624644067796	97.67420440677967	1	0	0	0	0
2024-08-23 23:04:10	41.04531093220339	97.7203606779661	97.23534	1	0	0	0	0
2024-08-23 23:04:20	40.910532833333335	98.01235380833334	97.2301	1	0	0	0	0
2024-08-23 23:04:30	40.93119163146068	97.1291168235955	96.83107348314607	1	0	0	0	0
2024-08-23 23:04:40	40.76207875714286	97.66040171428571	96.95038685714286	1	0	0	0	0
2024-08-23 23:04:50	41.04323066567164	97.66727767611941	98.11696567462687	1	0	0	0	0
2024-08-23 23:05:00	41.051816910810814	97.83385935135135	98.21300324324325	1	0	0	0	0
2024-08-23 23:05:10	41.1289981	98.01060391304348	98.47797739130434	1	0	0	0	0
2024-08-23 23:05:20	41.11619382884616	98.06217784807691	98.3111	1	0	0	0	0
2024-08-23 23:05:30	41.27023045316456	97.55841431772153	98.25286139240507	1	0	0	0	0
2024-08-23 23:05:40	40.969982475	98.6596305	97.93050249999999	1	0	0	0	0
2024-08-23 23:05:50	41.29139632	97.53888	98.25298	1	0	0	0	0
2024-08-23 23:06:00	41.31722017	97.305459	98.0721422	1	0	0	0	0
2024-08-23 23:06:10	41.27010901639345	97.99712573770492	98.47944	1	0	0	0	0
2024-08-23 23:06:20	41.11877812413793	98.71638946896552	98.43189434482758	1	0	0	0	0
2024-08-23 23:06:30	41.23253338450704	98.10669846619719	98.21916492957747	1	0	0	0	0
2024-08-23 23:06:40	41.163277697435895	97.74132301025641	97.7608246153846	1	0	0	0	0
2024-08-23 23:06:50	41.09357955	97.86709585714286	97.73140775571429	1	0	0	0	0
2024-08-23 23:07:00	41.03741217875	98.525670625	98.15140724999999	1	0	0	0	0
2024-08-23 23:07:10	41.20655355652174	98.03868826086956	98.2275604347826	1	0	0	0	0
2024-08-23 23:07:20	41.29349496	98.200336	98.4975357	1	0	0	0	0
2024-08-23 23:07:30	41.342380811594204	98.2224236231884	98.63727536231883	1	0	0	0	0
2024-08-23 23:07:40	41.389605924193546	98.37103903225807	98.73556080645162	1	0	0	0	0
2024-08-23 23:07:50	41.46616904237288	98.3122406779661	98.73073	1	0	0	0	0
2024-08-23 23:08:00	41.3595657	98.9055	98.85577	1	0	0	0	0
2024-08-23 23:08:10	41.400972949999996	98.2832281	98.29376690000001	1	0	0	0	0
2024-08-23 23:08:20	41.342244978431374	98.48593147058823	98.2427268627451	1	0	0	0	0
2024-08-23 23:08:30	41.023771950847454	98.44632627118644	97.36588355932203	1	0	0	0	0
2024-08-23 23:08:40	41.08192855070422	98.20580049295775	97.68767	1	0	0	0	0
2024-08-23 23:08:50	40.985430433333335	98.11478166666667	97.35602333333334	1	0	0	0	0
2024-08-23 23:09:00	41.00717	97.5979	97.1902	1	0	0	0	0
2024-08-23 23:09:10	41.27647382	97.58478001571429	98.14841214285714	1	0	0	0	0
2024-08-23 23:09:20	41.516707527419356	97.29228822580646	98.57745516129032	1	0	0	0	0
2024-08-23 23:09:30	41.495854406779664	97.82667745762711	98.72099	1	0	0	0	0
2024-08-23 23:09:40	41.27454757142857	98.2419452857143	98.21142908571429	1	0	0	0	0
2024-08-23 23:09:50	41.44664450704225	97.88809338028169	98.53286732394366	1	0	0	0	0
2024-08-23 23:10:00	41.43381470819672	98.21852459016394	98.7453662295082	1	0	0	0	0
2024-08-23 23:10:10	41.36655211428572	98.82015671428572	98.94104508571428	1	0	0	0	0
2024-08-23 23:10:20	41.41309052	98.34729800000001	98.66435111999999	1	0	0	0	0
2024-08-23 23:10:30	41.462496	98.49388434782608	98.82232942173913	1	0	0	0	0
2024-08-23 23:10:40	41.26973875	99.28265833333333	98.7482	1	0	0	0	0
2024-08-23 23:10:50	41.245716125	98.727708875	98.15005000000001	1	0	0	0	0
2024-08-23 23:11:00	41.1544699625	97.968639375	97.3104503375	1	0	0	0	0
2024-08-23 23:11:10	40.98561235915493	97.85682873239436	97.0207539	1	0	0	0	0
2024-08-23 23:11:20	40.8209152	97.09955	96.27072	1	0	0	0	0
2024-08-23 23:11:30	40.814325333333336	97.22669266666666	96.90499	1	0	0	0	0
2024-08-23 23:11:40	40.90050349152542	98.07568813559323	97.99259830508474	1	0	0	0	0
2024-08-23 23:11:50	41.04409005070422	97.75068690140846	98.16844297323944	1	0	0	0	0
2024-08-23 23:12:00	41.05106474576271	97.91312898305084	98.20324842203391	1	0	0	0	0
2024-08-23 23:12:10	40.98995357142857	97.64052502857142	97.56998714285714	1	0	0	0	0
2024-08-23 23:12:20	41.273740000000004	97.50750199999999	98.570826	1	0	0	0	0
2024-08-23 23:12:30	41.18787234782609	98.20618808695652	98.71147608695652	1	0	0	0	0
2024-08-23 23:12:40	41.22649094339623	98.82599623584906	99.17513754716981	1	0	0	0	0
2024-08-23 23:12:50	41.35825333333334	99.06802183333333	99.70895353333333	1	0	0	0	0
2024-08-23 23:13:00	41.49571482592592	99.00011592592593	99.74275732098765	1	0	0	0	0
2024-08-23 23:13:10	41.65096012345679	98.92572709876544	99.79455513580247	1	0	0	0	0
2024-08-23 23:13:20	41.716339322033896	99.13351627118644	99.88127922033898	1	0	0	0	0
2024-08-23 23:13:30	41.62299773770492	99.5651386885246	99.64365049180327	1	0	0	0	0
2024-08-23 23:13:40	41.66622052	99.46037100000001	99.62732799999999	1	0	0	0	0
2024-08-23 23:13:50	41.73514495	99.25821875	99.46640624999999	1	0	0	0	0
2024-08-23 23:14:00	41.654250133333335	99.42354806666667	99.38422333333332	1	0	0	0	0
2024-08-23 23:14:10	41.73996768571429	99.16380614285714	99.37175652857142	1	0	0	0	0
2024-08-23 23:14:20	41.7049446	99.02741	99.11519114	1	0	0	0	0
2024-08-23 23:14:30	41.59894405316456	99.25548365063291	99.00614635443038	1	0	0	0	0
2024-08-23 23:14:40	41.59172022653061	99.08183693877551	99.0119858	1	0	0	0	0
2024-08-23 23:14:50	41.59472773164557	98.46401873417722	98.63525734177216	1	0	0	0	0
2024-08-23 23:15:00	41.51827341935484	98.98756580645161	98.77891468064516	1	0	0	0	0
2024-08-23 23:15:10	41.56053443037975	98.97965392405064	99.03198566962025	1	0	0	0	0
2024-08-23 23:15:20	41.476441200000004	98.983092	98.76239	1	0	0	0	0
2024-08-23 23:15:30	41.56501086956522	98.79003817391305	98.92579869565218	1	0	0	0	0
2024-08-23 23:15:40	41.638625776	99.127679178	99.4370734	1	0	0	0	0
2024-08-23 23:15:50	41.580079999999995	99.317544	99.283165	1	0	0	0	0
2024-08-23 23:16:00	41.537702352941174	99.59217308823528	99.44612588235294	1	0	0	0	0
2024-08-23 23:16:10	41.580076577777774	99.34911296296296	99.46502444444445	1	0	0	0	0
2024-08-23 23:16:20	41.658105954929574	99.38212754929577	99.67148	1	0	0	0	0
2024-08-23 23:16:30	41.6084268115942	99.76269849855073	99.66016710144928	1	0	0	0	0
2024-08-23 23:16:40	41.59619543125	99.36717291666666	99.24713	1	0	0	0	0
2024-08-23 23:16:50	41.6975955443038	99.18957721518987	99.37770627848101	1	0	0	0	0
2024-08-23 23:17:00	41.53074744927537	99.35150724637681	98.99027814492754	1	0	0	0	0
2024-08-23 23:17:10	41.46472919027778	99.10319805555555	98.57924896527777	1	0	0	0	0
2024-08-23 23:17:20	41.45976279661017	99.05708542372881	98.8383255	1	0	0	0	0
2024-08-23 23:17:30	41.40744375	98.97994625	98.6704625	1	0	0	0	0
2024-08-23 23:17:40	41.31817823529412	98.96853470588235	98.55201647058823	1	0	0	0	0
2024-08-23 23:17:50	41.379057591836734	98.5704693877551	98.46059	1	0	0	0	0
2024-08-23 23:18:00	41.199030702083334	98.86477791666667	98.1492844	1	0	0	0	0
2024-08-23 23:18:10	41.17501862625	98.6146935	98.146387245	1	0	0	0	0
2024-08-23 23:18:20	41.19397	98.64180285714286	98.37982714285715	1	0	0	0	0
2024-08-23 23:18:30	41.19937625	98.46105693749999	98.32528875	1	0	0	0	0
2024-08-23 23:18:40	41.39490636111111	98.19528513888889	98.7609558	1	0	0	0	0
2024-08-23 23:18:50	41.29629621428572	98.93807142857143	98.84001857142857	1	0	0	0	0
2024-08-23 23:19:00	41.36350706	98.3252	98.436798	1	0	0	0	0
2024-08-23 23:19:10	41.34796311481482	98.5522988888889	98.50270872962963	1	0	0	0	0
2024-08-23 23:19:20	41.40958143333334	98.42982333333333	98.50759503333333	1	0	0	0	0
2024-08-23 23:19:30	41.159280247887324	98.80442308450705	98.0885690140845	1	0	0	0	0
2024-08-23 23:19:40	41.225260864285715	98.428219	98.20468942857143	1	0	0	0	0
2024-08-23 23:19:50	41.202626470588235	98.7142180392157	98.53092157843137	1	0	0	0	0
2024-08-23 23:20:00	41.17069047619048	98.71796097619048	98.43213130952381	1	0	0	0	0
2024-08-23 23:20:10	41.13082231267606	98.57109845070423	98.19263642253522	1	0	0	0	0
2024-08-23 23:20:20	41.20572	98.1445541	98.33058	1	0	0	0	0
2024-08-23 23:20:30	41.129159179775286	98.30634750337079	98.16052382022473	1	0	0	0	0
2024-08-23 23:20:40	41.02363239215686	98.75447882352941	98.41363878039215	1	0	0	0	0
2024-08-23 23:20:50	41.09086731012658	98.68537037974683	98.52804481012657	1	0	0	0	0
2024-08-23 23:21:00	41.19099165121951	98.24398112439025	98.55198073170732	1	0	0	0	0
2024-08-23 23:21:10	41.0326632409836	98.30767911639344	97.88039032786885	1	0	0	0	0
2024-08-23 23:21:20	40.868850281690136	98.3090933802817	97.5056885915493	1	0	0	0	0
2024-08-23 23:21:30	41.0118325	98.1130331875	98.19668374999999	1	0	0	0	0
2024-08-23 23:21:40	40.639595	99.55916	97.9553146	1	0	0	0	0
2024-08-23 23:21:50	41.02469285833334	97.84914500000001	98.04329426666666	1	0	0	0	0
2024-08-23 23:22:00	40.92874756097561	97.94138146341463	97.7862005804878	1	0	0	0	0
2024-08-23 23:22:10	40.950356006	97.992456	97.9959	1	0	0	0	0
2024-08-23 23:22:20	41.00063344084507	97.45916394366196	97.72089949154929	1	0	0	0	0
2024-08-23 23:22:30	40.95176119855072	98.19967775362319	98.23637640724638	1	0	0	0	0
2024-08-23 23:22:40	41.072952323076926	97.73753615384615	98.20158115384615	1	0	0	0	0
2024-08-23 23:22:50	41.19397045	97.98461073529411	98.71126911764705	1	0	0	0	0
2024-08-23 23:23:00	41.186960088235296	98.39053823529412	98.92052352941177	1	0	0	0	0
2024-08-23 23:23:10	41.182343821518984	98.57903696202531	98.72992	1	0	0	0	0
2024-08-23 23:23:20	41.24184606078431	98.59739764705881	98.91921411764706	1	0	0	0	0
2024-08-23 23:23:30	41.1182616622449	98.49293612244898	98.24698255102041	1	0	0	0	0
2024-08-23 23:23:40	40.956168379746835	98.43069886075949	97.74267757974683	1	0	0	0	0
2024-08-23 23:23:50	41.102293	98.18698499999999	98.0571975	1	0	0	0	0
2024-08-23 23:24:00	40.984875914285716	98.68268095238095	98.14784	1	0	0	0	0
2024-08-23 23:24:10	41.2175925862069	98.46467551724137	98.87419	1	0	0	0	0
2024-08-23 23:24:20	41.38639714285714	97.94003521428571	98.75709714285713	1	0	0	0	0
2024-08-23 23:24:30	41.116529130434785	98.30006869565217	97.92656463768117	1	0	0	0	0
2024-08-23 23:24:40	41.04458234117647	98.35831176470589	97.9611556	1	0	0	0	0
2024-08-23 23:24:50	40.9160672313253	98.57796490120482	97.8631211180723	1	0	0	0	0
2024-08-23 23:25:00	40.844409999999996	98.46897157142857	97.80455135714286	1	0	0	0	0
2024-08-23 23:25:10	40.98213711428571	98.09435285714285	98.04523571428571	1	0	0	0	0
2024-08-23 23:25:20	41.08464815	97.76979	98.15379166666666	1	0	0	0	0
2024-08-23 23:25:30	41.11667297857143	97.97302473714286	98.46197642857143	1	0	0	0	0
2024-08-23 23:25:40	40.9984474	98.71531	98.5097656	1	0	0	0	0
2024-08-23 23:25:50	41.223833696721314	97.96534639344263	98.47871	1	0	0	0	0
2024-08-23 23:26:00	41.07495741463415	99.07528878048781	98.88616	1	0	0	0	0
2024-08-23 23:26:10	41.130188823529416	98.40847255294118	98.38616647058824	1	0	0	0	0
2024-08-23 23:26:20	41.166791253999996	98.448856292	98.5217878	1	0	0	0	0
2024-08-23 23:26:30	41.191282830000006	98.57744169	98.59094491	1	0	0	0	0
2024-08-23 23:26:40	41.06413779565217	98.67671173913043	98.32708579710146	1	0	0	0	0
2024-08-23 23:26:50	41.119687688571425	98.49005708571428	98.47696328571429	1	0	0	0	0
2024-08-23 23:27:00	41.180084029999996	98.21597290999999	98.381754	1	0	0	0	0
2024-08-23 23:27:10	41.16971543166667	98.3714795	98.4973005	1	0	0	0	0
2024-08-23 23:27:20	41.249265744	98.179994952	98.54718	1	0	0	0	0
2024-08-23 23:27:30	41.13996672898551	98.20913365072464	98.19524463768116	1	0	0	0	0
2024-08-23 23:27:40	40.98844262	98.300251625	97.794517625	1	0	0	0	0
2024-08-23 23:27:50	41.01611515492958	97.97901408450704	97.88733614366197	1	0	0	0	0
2024-08-23 23:28:00	40.87957256666667	98.68666666666667	98.06099806666667	1	0	0	0	0
2024-08-23 23:28:10	41.186995308571426	98.16408014285715	98.80017414285714	1	0	0	0	0
2024-08-23 23:28:20	41.25798112	98.27604708	98.923772	1	0	0	0	0
2024-08-23 23:28:30	41.15064214084507	98.45640245070422	98.63802	1	0	0	0	0
2024-08-23 23:28:40	41.20739876470588	98.28080235294118	98.59691411764706	1	0	0	0	0
2024-08-23 23:28:50	41.26903405081967	98.17978557377049	98.58905810163934	1	0	0	0	0
2024-08-23 23:29:00	41.079893549999994	98.3844521	98.13397979999999	1	0	0	0	0
2024-08-23 23:29:10	41.02115262295082	98.25637465901639	97.90372484262295	1	0	0	0	0
2024-08-23 23:29:20	41.108966443999996	98.1203852	98.32052	1	0	0	0	0
2024-08-23 23:29:30	41.03345235949367	98.55693835443039	98.39558873417721	1	0	0	0	0
2024-08-23 23:29:40	41.29406859016393	98.21228984754099	99.0208162295082	1	0	0	0	0
2024-08-23 23:29:50	41.431371283333334	98.25164841666667	99.16198	1	0	0	0	0
2024-08-23 23:30:00	41.30575835217391	98.56416855072465	98.82862492753623	1	0	0	0	0
2024-08-23 23:30:10	41.33431603142857	98.36246057142857	98.58928114285713	1	0	0	0	0
2024-08-23 23:30:20	41.32341121632653	98.41640335714285	98.51752428571429	1	0	0	0	0
2024-08-23 23:30:30	41.06749214285714	98.63230407142856	97.9013415	1	0	0	0	0
2024-08-23 23:30:40	41.09651608860759	98.49746947974684	98.20431797468355	1	0	0	0	0
2024-08-23 23:30:50	41.18636643	98.07469575	98.252676575	1	0	0	0	0
2024-08-23 23:31:00	40.9634554275	98.766841875	98.058424925	1	0	0	0	0
2024-08-23 23:31:10	41.013370314492754	98.36601875217391	98.09179956521739	1	0	0	0	0
2024-08-23 23:31:20	40.99207536	98.519628	98.23993	1	0	0	0	0
2024-08-23 23:31:30	41.063245177464786	98.34389859154929	98.34187112676057	1	0	0	0	0
2024-08-23 23:31:40	41.01593445	98.50073676470589	98.31727985294117	1	0	0	0	0
2024-08-23 23:31:50	41.20388628627451	98.41201411764706	98.90783	1	0	0	0	0
2024-08-23 23:32:00	41.17054901428571	98.60949	98.80740782857143	1	0	0	0	0
2024-08-23 23:32:10	40.99078730512821	98.36725343589744	97.7803508	1	0	0	0	0
2024-08-23 23:32:20	40.94376298	97.90258	97.45421756	1	0	0	0	0
2024-08-23 23:32:30	40.94615672142857	97.68482292714286	97.47873	1	0	0	0	0
2024-08-23 23:32:40	40.84305409	98.12931715857142	97.64657814285714	1	0	0	0	0
2024-08-23 23:32:50	41.06678435409836	97.74917967213115	98.1546637704918	1	0	0	0	0
2024-08-23 23:33:00	40.93353168695652	98.44767536231885	98.18816582608696	1	0	0	0	0
2024-08-23 23:33:10	40.941586241428574	98.13868057142857	97.8970795157143	1	0	0	0	0
2024-08-23 23:33:20	41.019775745000004	97.93664066666666	98.1157761	1	0	0	0	0
2024-08-23 23:33:30	41.0811177	98.08465788857143	98.37580857142858	1	0	0	0	0
2024-08-23 23:33:40	40.966794470422535	99.08157394366198	98.67174917464789	1	0	0	0	0
2024-08-23 23:33:50	41.108662421666665	98.41994483333333	98.58508308833333	1	0	0	0	0
2024-08-23 23:34:00	41.034796289999996	98.395183	98.29249422	1	0	0	0	0
2024-08-23 23:34:10	40.91688159672131	99.09925557377049	98.4714355	1	0	0	0	0
2024-08-23 23:34:20	41.026593385	98.503355505	98.3929025	1	0	0	0	0
2024-08-23 23:34:30	41.148175221428566	98.45162785714285	98.89685	1	0	0	0	0
2024-08-23 23:34:40	41.16492143333333	98.26937383333333	98.60083803921569	1	0	0	0	0
2024-08-23 23:34:50	41.16492143333333	98.26937383333333	98.60083803921569	1	0	0	0	0
2024-08-23 23:35:00	40.821552785	98.70619083333334	97.88559333333333	1	0	0	0	0
2024-08-23 23:35:10	40.899603686956524	98.3312131884058	98.1726761	1	0	0	0	0
2024-08-23 23:35:20	40.80674055238095	98.94030619047619	98.25486573809525	1	0	0	0	0
2024-08-23 23:35:30	41.00939949032258	98.68514274193548	98.74849258064516	1	0	0	0	0
2024-08-23 23:35:40	41.020553305	98.64856943333334	98.64170866666667	1	0	0	0	0
2024-08-23 23:35:50	40.815776934426225	98.25667065573771	97.61761393606557	1	0	0	0	0
2024-08-23 23:36:00	40.78625293220339	97.99246220338982	97.51565	1	0	0	0	0
2024-08-23 23:36:10	40.864188012658225	98.09034139240507	98.03923227848101	1	0	0	0	0
2024-08-23 23:36:20	40.98428196938775	98.1703824489796	98.40957571836735	1	0	0	0	0
2024-08-23 23:36:30	40.942121785714285	98.19570714285715	98.22641428571428	1	0	0	0	0
2024-08-23 23:36:40	40.7508278	98.04053	97.47361	1	0	0	0	0
2024-08-23 23:36:50	40.75938855072464	97.24395260869565	96.98975246376811	1	0	0	0	0
2024-08-23 23:37:00	40.8915939	96.4488	96.94	1	0	0	0	0
2024-08-23 23:37:10	40.68026925	98.4191	97.99129744999999	1	0	0	0	0
2024-08-23 23:37:20	40.68026925	98.4191	97.99129744999999	1	0	0	0	0
2024-08-23 23:37:30	40.87945846153846	97.6579729025641	97.77226153846154	1	0	0	0	0
2024-08-23 23:37:40	40.87945846153846	97.6579729025641	97.77226153846154	1	0	0	0	0
2024-08-23 23:37:50	40.98232903333333	99.00693333333334	99.0579483	1	0	0	0	0
2024-08-23 23:38:00	41.15929827457627	99.25324990847457	99.58701457627119	1	0	0	0	0
2024-08-23 23:38:10	41.23796667407407	98.79276369629629	99.1939710148148	1	0	0	0	0
2024-08-23 23:38:20	41.3428764	98.4475555	99.0630341	1	0	0	0	0
2024-08-23 23:38:30	41.604248	97.94038	99.58135	1	0	0	0	0
2024-08-23 23:38:40	41.604248	97.94038	99.58135	1	0	0	0	0
2024-08-23 23:38:50	41.17522414084507	99.27992014084506	98.7281581690141	1	0	0	0	0
2024-08-23 23:39:00	41.17522414084507	99.27992014084506	98.7281581690141	1	0	0	0	0
2024-08-23 23:39:10	41.022418831645574	98.4310713670886	97.89065057088608	1	0	0	0	0
2024-08-23 23:39:20	41.022418831645574	98.4310713670886	97.89065057088608	1	0	0	0	0
2024-08-23 23:39:30	40.78141107571429	98.03170357142858	97.23725628571428	1	0	0	0	0
2024-08-23 23:39:40	40.828146711864406	97.66930422033899	97.34777322033898	1	0	0	0	0
2024-08-23 23:39:50	40.849737375	97.69474823499999	97.590451	1	0	0	0	0
2024-08-23 23:40:00	40.8930626	97.7694	97.76098	1	0	0	0	0
2024-08-23 23:40:10	40.992184886075954	97.54075081645568	97.83180518987342	1	0	0	0	0
2024-08-23 23:40:20	40.92513432173913	97.74471	97.71658942028985	1	0	0	0	0
2024-08-23 23:40:30	41.01232178875	97.847039875	98.11667775	1	0	0	0	0
2024-08-23 23:40:40	40.98901591836735	98.22404208367347	98.30255	1	0	0	0	0
2024-08-23 23:40:50	41.162454964999995	98.134721	98.767589	1	0	0	0	0
2024-08-23 23:41:00	41.00021457571429	98.91570614285715	98.70257695428572	1	0	0	0	0
2024-08-23 23:41:10	41.08089463414634	98.07006853658537	98.04488675853658	1	0	0	0	0
2024-08-23 23:41:20	41.03752246794872	98.40126064102564	98.33753163846154	1	0	0	0	0
2024-08-23 23:41:30	41.16255867857143	98.39252214285715	98.72421842857143	1	0	0	0	0
2024-08-23 23:41:40	41.12404633333333	98.77716383333333	98.7273385	1	0	0	0	0
2024-08-23 23:41:50	41.10812363090909	98.29492617999999	98.15293201272728	1	0	0	0	0
2024-08-23 23:42:00	41.14452695121951	98.41253665609756	98.4781	1	0	0	0	0
2024-08-23 23:42:10	41.13483741494253	98.34619243563218	98.46367839080459	1	0	0	0	0
2024-08-23 23:42:20	41.181955724999995	99.14072575	99.191372	1	0	0	0	0
2024-08-23 23:42:30	41.216349573749994	98.69067425	98.837316625	1	0	0	0	0
2024-08-23 23:42:40	41.361832372	98.681063674	99.22154	1	0	0	0	0
2024-08-23 23:42:50	41.18113385507246	98.8914131884058	98.59917101449275	1	0	0	0	0
2024-08-23 23:43:00	41.3556633	98.45294	98.83724	1	0	0	0	0
2024-08-23 23:43:10	41.4447735556962	99.43363759493671	99.87450417721519	1	0	0	0	0
2024-08-23 23:43:20	41.57820034782609	99.86062633043478	100.37502669565218	1	0	0	0	0
2024-08-23 23:43:30	41.71397348314606	100.13811578426967	100.74725305617977	1	0	0	0	0
2024-08-23 23:43:40	41.74583118196721	99.71360295081968	100.1295631147541	1	0	0	0	0
2024-08-23 23:43:50	41.624399540000006	99.417252	99.175502	1	0	0	0	0
2024-08-23 23:44:00	41.78713408163265	99.1795951020408	99.73549293877551	1	0	0	0	0
2024-08-23 23:44:10	41.70255473666666	100.16297393333333	100.1917	1	0	0	0	0
2024-08-23 23:44:20	41.9941063	99.9202042	100.843788	1	0	0	0	0
2024-08-23 23:44:30	41.74261577222222	99.71399173333334	99.66695766666668	1	0	0	0	0
2024-08-23 23:44:40	41.689472994	99.149450264	98.99919080000001	1	0	0	0	0
2024-08-23 23:44:50	41.7639529	99.15914333333333	99.43852666666666	1	0	0	0	0
2024-08-23 23:45:00	41.810516332	99.3935908	99.69968759999999	1	0	0	0	0
2024-08-23 23:45:10	41.85704492134832	100.01974719101123	100.3802303707865	1	0	0	0	0
2024-08-23 23:45:20	41.95889626666667	99.92297383333333	100.411568	1	0	0	0	0
2024-08-23 23:45:30	41.87827544444444	99.98443763333334	100.00922886666666	1	0	0	0	0
2024-08-23 23:45:40	41.80351836760563	100.09407492253521	99.81195887323945	1	0	0	0	0
2024-08-23 23:45:50	41.758933413725494	99.37686861764706	99.11915058823529	1	0	0	0	0
2024-08-23 23:46:00	41.83009547619048	99.10700523809524	99.18982261904762	1	0	0	0	0
2024-08-23 23:46:10	41.78433454927536	99.51498115942029	99.38515260869565	1	0	0	0	0
2024-08-23 23:46:20	41.82565057536232	99.3694872463768	99.50237275362318	1	0	0	0	0
2024-08-23 23:46:30	41.81689	99.77003	99.7862244	1	0	0	0	0
2024-08-23 23:46:40	41.805894512857144	99.42052328571428	99.52247151714285	1	0	0	0	0
2024-08-23 23:46:50	41.83928215142857	99.439569	99.58363342857143	1	0	0	0	0
2024-08-23 23:47:00	41.818299942	99.619522	99.6788658	1	0	0	0	0
2024-08-23 23:47:10	41.70951797540984	99.9929684557377	99.6350031147541	1	0	0	0	0
2024-08-23 23:47:20	41.75642954411765	99.80787338235294	99.72398352941175	1	0	0	0	0
2024-08-23 23:47:30	41.86411411	99.84087633333334	100.0641041	1	0	0	0	0
2024-08-23 23:47:40	41.8609467	100.10273	100.128159	1	0	0	0	0
2024-08-23 23:47:50	41.90795852	99.10828980000001	99.3965486	1	0	0	0	0
2024-08-23 23:48:00	41.7486071	99.75632697142856	99.39092285714285	1	0	0	0	0
2024-08-23 23:48:10	41.720662501999996	99.514647662	99.2801361	1	0	0	0	0
2024-08-23 23:48:20	41.75624104	99.66810452	99.4230464	1	0	0	0	0
2024-08-23 23:48:30	41.647651573033706	99.55741943820225	99.17744651685393	1	0	0	0	0
2024-08-23 23:48:40	41.42800313770492	99.05057967213115	98.1725593442623	1	0	0	0	0
2024-08-23 23:48:50	41.53714553278689	98.25602950819672	98.21199868852459	1	0	0	0	0
2024-08-23 23:49:00	41.346799499999996	98.544096	97.99876	1	0	0	0	0
2024-08-23 23:49:10	41.30805182608695	98.34504913043477	97.94937260869565	1	0	0	0	0
2024-08-23 23:49:20	41.22653521960784	98.67584756862746	98.1972351	1	0	0	0	0
2024-08-23 23:49:30	41.33161650833333	98.37754055555556	98.46757875694443	1	0	0	0	0
2024-08-23 23:49:40	41.20588617647059	99.05459	98.66002637794118	1	0	0	0	0
2024-08-23 23:49:50	41.33649138571429	98.77769642857143	98.97379296714286	1	0	0	0	0
2024-08-23 23:50:00	41.410190812500005	98.56435375000001	98.88142678125	1	0	0	0	0
2024-08-23 23:50:10	41.280973482608694	99.0316388405797	98.67795217391304	1	0	0	0	0
2024-08-23 23:50:20	41.263478202	98.3665674	98.1949944	1	0	0	0	0
2024-08-23 23:50:30	41.05005522272727	98.68012782840908	97.88466909090909	1	0	0	0	0
2024-08-23 23:50:40	41.143618544285715	97.86081818	97.7836927142857	1	0	0	0	0
2024-08-23 23:50:50	41.30420911111111	98.2524368888889	98.782208	1	0	0	0	0
2024-08-23 23:51:00	41.318275	98.68535176470589	99.05623924117647	1	0	0	0	0
2024-08-23 23:51:10	41.42365854683544	98.57811693670887	99.10404	1	0	0	0	0
2024-08-23 23:51:20	41.32195610980392	98.56947752941177	98.65838607843138	1	0	0	0	0
2024-08-23 23:51:30	41.30690325857143	98.32536057142858	98.38724714285713	1	0	0	0	0
2024-08-23 23:51:40	41.25520929428571	98.19121971428571	98.12145928571428	1	0	0	0	0
2024-08-23 23:51:50	41.001144208571425	98.31239985714286	97.39559813714285	1	0	0	0	0
2024-08-23 23:52:00	40.853563995	98.11992	97.1563	1	0	0	0	0
2024-08-23 23:52:10	41.113139691139246	97.53475898734177	97.85014734177216	1	0	0	0	0
2024-08-23 23:52:20	40.9934838	97.8811097	97.6703958	1	0	0	0	0
2024-08-23 23:52:30	40.88896778064516	97.89002093548386	97.46998451612903	1	0	0	0	0
2024-08-23 23:52:40	40.871779636708865	97.63292275949367	97.39464025316455	1	0	0	0	0
2024-08-23 23:52:50	41.03520693076923	97.76790769230769	98.12485230769231	1	0	0	0	0
2024-08-23 23:53:00	41.023189917391306	97.74649066666666	98.03890098550724	1	0	0	0	0
2024-08-23 23:53:10	41.16516081392405	98.14257339240505	98.82897	1	0	0	0	0
2024-08-23 23:53:20	41.15876979	98.092667282	98.5873488	1	0	0	0	0
2024-08-23 23:53:30	41.17503933333334	98.50141777777777	98.80412901234568	1	0	0	0	0
2024-08-23 23:53:40	41.27802142857143	98.25404571428572	98.81988477142858	1	0	0	0	0
2024-08-23 23:53:50	40.83356437843137	99.45304	98.09217	1	0	0	0	0
2024-08-23 23:54:00	40.92533	99.39602	98.5635	1	0	0	0	0
2024-08-23 23:54:10	41.12978138717949	98.06620282051283	98.07453564102565	1	0	0	0	0
2024-08-23 23:54:20	40.99976	98.25865	97.84447	1	0	0	0	0
2024-08-23 23:54:30	40.82669783606558	97.74102901639344	97.12157149180328	1	0	0	0	0
2024-08-23 23:54:40	40.83113507042253	97.5343252112676	97.1785049	1	0	0	0	0
2024-08-23 23:54:50	40.777945518987345	97.72927526582278	97.37672143164558	1	0	0	0	0
2024-08-23 23:55:00	40.71650119577465	97.93386044084507	97.50213211267607	1	0	0	0	0
2024-08-23 23:55:10	40.66039854556962	97.90846105949367	97.43375740506329	1	0	0	0	0
2024-08-23 23:55:20	40.77450646470588	97.36155286078431	97.42049	1	0	0	0	0
2024-08-23 23:55:30	40.6721705	97.83353714285714	97.46619874285715	1	0	0	0	0
2024-08-23 23:55:40	41.10400796610169	97.56446737288135	98.96388746440678	1	0	0	0	0
2024-08-23 23:55:50	41.08101270588235	98.25190891176472	99.0458755	1	0	0	0	0
2024-08-23 23:56:00	41.19047	98.53801142857142	99.30919571428572	1	0	0	0	0
2024-08-23 23:56:10	41.383270253164554	98.62143696202531	99.73067	1	0	0	0	0
2024-08-23 23:56:20	41.49916608	98.695672	99.755764	1	0	0	0	0
2024-08-23 23:56:30	41.392101924050635	99.26050954430379	99.45502037974684	1	0	0	0	0
2024-08-23 23:56:40	41.371870711666666	99.336293095	99.3124	1	0	0	0	0
2024-08-23 23:56:50	41.28679508142857	99.47768191714286	99.14154185714285	1	0	0	0	0
2024-08-23 23:57:00	41.51945012307692	99.13964604307692	99.53128415384616	1	0	0	0	0
2024-08-23 23:57:10	41.654133448275864	99.35057620689655	99.93337703448276	1	0	0	0	0
2024-08-23 23:57:20	41.65587205106383	99.62985255319148	99.90603	1	0	0	0	0
2024-08-23 23:57:30	41.64221339710145	99.51051996231884	99.65099123188406	1	0	0	0	0
2024-08-23 23:57:40	41.60692948679245	99.03233535471698	99.05772	1	0	0	0	0
2024-08-23 23:57:50	41.573042734285714	99.04329175571429	98.89213514285714	1	0	0	0	0
2024-08-23 23:58:00	41.565746634999996	99.1926612975	99.09350622625	1	0	0	0	0
2024-08-23 23:58:10	41.47641830285715	99.15941651714286	98.82479301285714	1	0	0	0	0
2024-08-23 23:58:20	41.3843651	99.33314	98.8329239	1	0	0	0	0
2024-08-23 23:58:30	41.218198157692306	99.1979373076923	98.19029884615385	1	0	0	0	0
2024-08-23 23:58:40	41.23399654	99.24664800000001	98.50965528	1	0	0	0	0
2024-08-23 23:58:50	41.10445305375	98.38075750875001	97.43990037500001	1	0	0	0	0
2024-08-23 23:59:00	41.20193216393442	97.25764549508196	97.25220032786885	1	0	0	0	0
2024-08-23 23:59:10	40.99423045070422	98.25213112676056	97.53066816901408	1	0	0	0	0
2024-08-23 23:59:20	41.06622	98.33738	98.01138	1	0	0	0	0
2024-08-23 23:59:30	40.97865567833333	98.37022279	97.66222483333333	1	0	0	0	0
2024-08-23 23:59:40	40.991069815	97.662114715	97.3040825	1	0	0	0	0
2024-08-23 23:59:50	40.510882816666665	97.97999666666666	96.07136	1	0	0	0	0
2024-08-24 00:00:00	40.659065813043476	97.78995898550724	96.91641797101448	1	0	0	0	0
