PROCESSDATA	2111FIC41004 Data	yyyy-MM-dd HH:mm:ss
8	10	2024-11-07 21:55:00	751
tagname	2111FIC41004.MV	2111FIC41004.PV	2111FIC41004.SV	2111FIC41004.MODE	bOpOFL	bPvOFL	bSpOFL	bAutOFL
desc	P403A/B至C400_OP	P403A/B至C400_PV	P403A/B至C400_SP	Aut	bOpOFL	bPvOFL	bSpOFL	bAutOFL
fsMax=0.4465968040816328	fsMin=0	fsGridNum=10	fdMax=0.4465968040816328tfdMin=0	fdGridNum=10	v0GridNum=10	L=24
2024-11-07 21:55:00	30.7852340375	102.82745925	100.999985	1	0	0	0	0
2024-11-07 21:55:10	31.229786998305084	99.28243105084746	100.999985	1	0	0	0	0
2024-11-07 21:55:20	31.335667991428572	99.57869011428572	100.999985	1	0	0	0	0
2024-11-07 21:55:30	30.747853288524592	103.15428063934426	100.999985	1	0	0	0	0
2024-11-07 21:55:40	31.363712508163264	98.72419285714285	100.999985	1	0	0	0	0
2024-11-07 21:55:50	31.198120102469137	101.11705266666667	100.999985	1	0	0	0	0
2024-11-07 21:56:00	30.880679222857143	102.36115335714285	100.999985	1	0	0	0	0
2024-11-07 21:56:10	31.27968316329114	99.41810398101266	100.999985	1	0	0	0	0
2024-11-07 21:56:20	31.364983481012658	99.82034249367088	100.999985	1	0	0	0	0
2024-11-07 21:56:30	30.829073529411765	102.90882182352942	100.999985	1	0	0	0	0
2024-11-07 21:56:40	31.067175186885244	100.48394514754098	100.999985	1	0	0	0	0
2024-11-07 21:56:50	31.4309464	99.01689	100.999985	1	0	0	0	0
2024-11-07 21:57:00	30.861883804494383	102.64169741573033	100.999985	1	0	0	0	0
2024-11-07 21:57:10	31.06838981960784	100.3286665490196	100.999985	1	0	0	0	0
2024-11-07 21:57:20	31.378429446376813	99.38424204927536	100.999985	1	0	0	0	0
2024-11-07 21:57:30	30.855711	102.923462	100.999985	1	0	0	0	0
2024-11-07 21:57:40	30.7427845	102.655228	100.999985	1	0	0	0	0
2024-11-07 21:57:50	31.355892535	99.035145	100.999985	1	0	0	0	0
2024-11-07 21:58:00	30.897711375	102.60832225	100.999985	1	0	0	0	0
2024-11-07 21:58:10	31.005663032786885	100.94563259016394	100.999985	1	0	0	0	0
2024-11-07 21:58:20	31.345754383950617	99.2507738271605	100.999985	1	0	0	0	0
2024-11-07 21:58:30	30.920703840983606	102.66958444262295	100.999985	1	0	0	0	0
2024-11-07 21:58:40	30.994104382	101.18768936000001	100.999985	1	0	0	0	0
2024-11-07 21:58:50	31.46783	98.654274	100.999985	1	0	0	0	0
2024-11-07 21:59:00	30.987612379746835	102.20419873417721	100.999985	1	0	0	0	0
2024-11-07 21:59:10	30.89689634	101.98134920000001	100.999985	1	0	0	0	0
2024-11-07 21:59:20	31.387212974074075	99.40560081481482	100.999985	1	0	0	0	0
2024-11-07 21:59:30	30.8049488	103.543831	100.999985	1	0	0	0	0
2024-11-07 21:59:40	31.1467915	99.93536	100.999985	1	0	0	0	0
2024-11-07 21:59:50	31.44047765862069	99.05703431034483	100.999985	1	0	0	0	0
2024-11-07 22:00:00	30.838943184999998	103.13414838749999	100.999985	1	0	0	0	0
2024-11-07 22:00:10	30.96437240289855	101.44258739130434	100.999985	1	0	0	0	0
2024-11-07 22:00:20	31.45221905	98.87819155	100.999985	1	0	0	0	0
2024-11-07 22:00:30	30.8553944	102.927887	100.999985	1	0	0	0	0
2024-11-07 22:00:40	31.0841	100.244125	100.999985	1	0	0	0	0
2024-11-07 22:00:50	31.338444282857143	99.81369987142857	100.999985	1	0	0	0	0
2024-11-07 22:01:00	30.860005913043477	102.96837869565216	100.999985	1	0	0	0	0
2024-11-07 22:01:10	31.135120284000003	100.008160674	100.999985	1	0	0	0	0
2024-11-07 22:01:20	31.325393483098594	99.68196571830985	100.999985	1	0	0	0	0
2024-11-07 22:01:30	30.828925583050847	102.96874738983051	100.999985	1	0	0	0	0
2024-11-07 22:01:40	31.03415443207547	100.77271324528301	100.999985	1	0	0	0	0
2024-11-07 22:01:50	31.4091339	99.14942	100.999985	1	0	0	0	0
2024-11-07 22:02:00	30.84532961971831	102.70683591549296	100.999985	1	0	0	0	0
2024-11-07 22:02:10	31.177832859375	99.4924447546875	100.999985	1	0	0	0	0
2024-11-07 22:02:20	31.188622264102563	100.49083050384615	100.999985	1	0	0	0	0
2024-11-07 22:02:30	30.7532063	103.298668	100.999985	1	0	0	0	0
2024-11-07 22:02:40	31.14578385714286	99.94515016122449	100.999985	1	0	0	0	0
2024-11-07 22:02:50	31.237060200000002	100.29820603333334	100.999985	1	0	0	0	0
2024-11-07 22:03:00	30.772541	103.289261	100.999985	1	0	0	0	0
2024-11-07 22:03:10	31.316009917647058	99.1010105882353	100.999985	1	0	0	0	0
2024-11-07 22:03:20	31.47054597142857	99.19274322857143	100.999985	1	0	0	0	0
2024-11-07 22:03:30	30.860915419999998	102.81531887999999	100.999985	1	0	0	0	0
2024-11-07 22:03:40	31.30436932244898	99.26227408163265	100.999985	1	0	0	0	0
2024-11-07 22:03:50	31.43528934901961	99.46509431372549	100.999985	1	0	0	0	0
2024-11-07 22:04:00	30.862428461643834	103.04947220547946	100.999985	1	0	0	0	0
2024-11-07 22:04:10	30.995180028735632	101.33574045287357	100.999985	1	0	0	0	0
2024-11-07 22:04:20	31.496012469354838	98.71272102903227	100.999985	1	0	0	0	0
2024-11-07 22:04:30	30.8309116	103.232544	100.999985	1	0	0	0	0
2024-11-07 22:04:40	31.1944656	99.5450745	100.999985	1	0	0	0	0
2024-11-07 22:04:50	31.362505638297872	99.47198408510639	100.999985	1	0	0	0	0
2024-11-07 22:05:00	30.794338563492065	103.30724714285714	100.999985	1	0	0	0	0
2024-11-07 22:05:10	31.0906804	100.08881342000001	100.999985	1	0	0	0	0
2024-11-07 22:05:20	31.20934477761194	100.34399841791044	100.999985	1	0	0	0	0
2024-11-07 22:05:30	30.836710092592593	102.82731591358025	100.999985	1	0	0	0	0
2024-11-07 22:05:40	31.10813640588235	100.22288070588236	100.999985	1	0	0	0	0
2024-11-07 22:05:50	31.314444685999998	99.7340585	100.999985	1	0	0	0	0
2024-11-07 22:06:00	30.83127928	102.91562760000001	100.999985	1	0	0	0	0
2024-11-07 22:06:10	31.092896811392404	100.50964848101266	100.999985	1	0	0	0	0
2024-11-07 22:06:20	31.351010744155847	99.49760363636364	100.999985	1	0	0	0	0
2024-11-07 22:06:30	30.757697389830508	103.22199744067797	100.999985	1	0	0	0	0
2024-11-07 22:06:40	31.215817483333332	99.32279333333334	100.999985	1	0	0	0	0
2024-11-07 22:06:50	31.15495597142857	101.00767642857143	100.999985	1	0	0	0	0
2024-11-07 22:07:00	30.7551008	103.04609131666666	100.999985	1	0	0	0	0
2024-11-07 22:07:10	31.307645363414636	99.03885478048781	100.999985	1	0	0	0	0
2024-11-07 22:07:20	31.177368312857144	101.0568036	100.999985	1	0	0	0	0
2024-11-07 22:07:30	30.77143381333333	102.9389096	100.999985	1	0	0	0	0
2024-11-07 22:07:40	31.29122331857143	99.11517969714285	100.999985	1	0	0	0	0
2024-11-07 22:07:50	31.151330187096775	101.29299175483871	100.999985	1	0	0	0	0
2024-11-07 22:08:00	30.751973529411764	103.14766105882353	100.999985	1	0	0	0	0
2024-11-07 22:08:10	31.241563660784312	99.0936765882353	100.999985	1	0	0	0	0
2024-11-07 22:08:20	31.434282168354432	98.94896017721518	100.999985	1	0	0	0	0
2024-11-07 22:08:30	30.782313471428573	102.97014857142857	100.999985	1	0	0	0	0
2024-11-07 22:08:40	31.237538574074073	99.46462607407408	100.999985	1	0	0	0	0
2024-11-07 22:08:50	31.4413357	99.0469	100.999985	1	0	0	0	0
2024-11-07 22:09:00	30.721607501639344	103.44264055737705	100.999985	1	0	0	0	0
2024-11-07 22:09:10	31.1855312	99.4536504	100.999985	1	0	0	0	0
2024-11-07 22:09:20	31.4075241	99.08067	100.999985	1	0	0	0	0
2024-11-07 22:09:30	30.72272490819672	103.19701001639345	100.999985	1	0	0	0	0
2024-11-07 22:09:40	31.24078727096774	99.15817583870968	100.999985	1	0	0	0	0
2024-11-07 22:09:50	31.178853270588235	100.69917041568627	100.999985	1	0	0	0	0
2024-11-07 22:10:00	30.7784357	102.6603686	100.999985	1	0	0	0	0
2024-11-07 22:10:10	31.228724356666667	99.26640283333333	100.999985	1	0	0	0	0
2024-11-07 22:10:20	31.04136905882353	101.49357882352942	100.999985	1	0	0	0	0
2024-11-07 22:10:30	30.68084	102.997688	100.999985	1	0	0	0	0
2024-11-07 22:10:40	31.30303971375	99.08349175000001	100.999985	1	0	0	0	0
2024-11-07 22:10:50	30.99003702125	101.72160955	100.999985	1	0	0	0	0
2024-11-07 22:11:00	30.862120796721314	101.62635055737705	100.999985	1	0	0	0	0
2024-11-07 22:11:10	31.3143768	99.15186	100.999985	1	0	0	0	0
2024-11-07 22:11:20	30.7862244	103.434669	100.999985	1	0	0	0	0
2024-11-07 22:11:30	31.05476818405797	100.47690116666666	100.999985	1	0	0	0	0
2024-11-07 22:11:40	31.306857414285716	99.48895142857144	100.999985	1	0	0	0	0
2024-11-07 22:11:50	30.786117042857143	102.91423485714286	100.999985	1	0	0	0	0
2024-11-07 22:12:00	31.1011185971831	99.87253712676056	100.999985	1	0	0	0	0
2024-11-07 22:12:10	31.210449105882354	100.20076882352942	100.999985	1	0	0	0	0
2024-11-07 22:12:20	30.74714432	103.028322	100.999985	1	0	0	0	0
2024-11-07 22:12:30	31.184587391549293	99.35877138028168	100.999985	1	0	0	0	0
2024-11-07 22:12:40	31.157892811235953	100.39437406741573	100.999985	1	0	0	0	0
2024-11-07 22:12:50	30.75294348115942	102.6892511884058	100.999985	1	0	0	0	0
2024-11-07 22:13:00	31.22690984567901	99.59662913580247	100.999985	1	0	0	0	0
2024-11-07 22:13:10	30.99778172195122	101.883658	100.999985	1	0	0	0	0
2024-11-07 22:13:20	30.6546459	103.123245	100.999985	1	0	0	0	0
2024-11-07 22:13:30	31.338339265573772	98.7818762295082	100.999985	1	0	0	0	0
2024-11-07 22:13:40	30.886471271641792	102.33733362686567	100.999985	1	0	0	0	0
2024-11-07 22:13:50	31.0621315654321	100.2357371345679	100.999985	1	0	0	0	0
2024-11-07 22:14:00	31.230727572463767	99.92907100000001	100.999985	1	0	0	0	0
2024-11-07 22:14:10	30.8018761	102.936752	100.999985	1	0	0	0	0
2024-11-07 22:14:20	31.148531361666667	99.84150728333333	100.999985	1	0	0	0	0
2024-11-07 22:14:30	31.177774262745096	100.53873620980393	100.999985	1	0	0	0	0
2024-11-07 22:14:40	30.824809655714287	102.62385845714286	100.999985	1	0	0	0	0
2024-11-07 22:14:50	31.171414180000003	99.69546150000001	100.999985	1	0	0	0	0
2024-11-07 22:15:00	30.988773112820514	101.69036739743589	100.999985	1	0	0	0	0
2024-11-07 22:15:10	30.75689551875	102.60405902083333	100.999985	1	0	0	0	0
2024-11-07 22:15:20	31.29203875714286	99.14742	100.999985	1	0	0	0	0
2024-11-07 22:15:30	30.819153676	103.05538154	100.999985	1	0	0	0	0
2024-11-07 22:15:40	30.76539388857143	102.439723	100.999985	1	0	0	0	0
2024-11-07 22:15:50	31.251693349438202	99.41575516853933	100.999985	1	0	0	0	0
2024-11-07 22:16:00	30.807541135294116	103.01048411764707	100.999985	1	0	0	0	0
2024-11-07 22:16:10	30.820273014285714	101.99972142857143	100.999985	1	0	0	0	0
2024-11-07 22:16:20	31.3795547	98.7609253	100.999985	1	0	0	0	0
2024-11-07 22:16:30	30.778808997058825	103.06029335294119	100.999985	1	0	0	0	0
2024-11-07 22:16:40	31.077955647058822	100.22857058823529	100.999985	1	0	0	0	0
2024-11-07 22:16:50	31.36807494875	99.264785375	100.999985	1	0	0	0	0
2024-11-07 22:17:00	30.845825700000002	102.36973371428572	100.999985	1	0	0	0	0
2024-11-07 22:17:10	31.277952788235297	99.02218535294118	100.999985	1	0	0	0	0
2024-11-07 22:17:20	31.01373212	101.99628166	100.999985	1	0	0	0	0
2024-11-07 22:17:30	30.797686588461538	102.61831538461539	100.999985	1	0	0	0	0
2024-11-07 22:17:40	31.31650363	99.11036634499999	100.999985	1	0	0	0	0
2024-11-07 22:17:50	30.9632181	102.01151899999999	100.999985	1	0	0	0	0
2024-11-07 22:18:00	31.08381303888889	100.23195328333334	100.999985	1	0	0	0	0
2024-11-07 22:18:10	31.236635769620253	99.85388088607596	100.999985	1	0	0	0	0
2024-11-07 22:18:20	30.83666108235294	102.94897864705882	100.999985	1	0	0	0	0
2024-11-07 22:18:30	30.999908418	100.644875698	100.999985	1	0	0	0	0
2024-11-07 22:18:40	31.318540473239437	99.35185396056339	100.999985	1	0	0	0	0
2024-11-07 22:18:50	30.868866	102.968437	100.999985	1	0	0	0	0
2024-11-07 22:19:00	31.054003876404494	100.66410056179775	100.999985	1	0	0	0	0
2024-11-07 22:19:10	31.1965192	100.404033	100.999985	1	0	0	0	0
2024-11-07 22:19:20	30.714719918032785	103.23873080327868	100.999985	1	0	0	0	0
2024-11-07 22:19:30	31.2622757	99.2423599173077	100.999985	1	0	0	0	0
2024-11-07 22:19:40	31.216233633999998	100.46862732	100.999985	1	0	0	0	0
2024-11-07 22:19:50	30.738052558227846	103.10255873417721	100.999985	1	0	0	0	0
2024-11-07 22:20:00	31.31966265949367	98.92646614683544	100.999985	1	0	0	0	0
2024-11-07 22:20:10	31.02978376885246	101.8846015147541	100.999985	1	0	0	0	0
2024-11-07 22:20:20	30.68067208988764	103.18840449438201	100.999985	1	0	0	0	0
2024-11-07 22:20:30	31.318390400000002	99.14614399999999	100.999985	1	0	0	0	0
2024-11-07 22:20:40	30.885620528	102.75631702	100.999985	1	0	0	0	0
2024-11-07 22:20:50	30.803452175714284	102.16059147142857	100.999985	1	0	0	0	0
2024-11-07 22:21:00	31.33088851153846	99.2437588602564	100.999985	1	0	0	0	0
2024-11-07 22:21:10	30.860601133333336	102.95142883333332	100.999985	1	0	0	0	0
2024-11-07 22:21:20	31.051428133333335	100.4502655	100.999985	1	0	0	0	0
2024-11-07 22:21:30	31.40435117647059	98.6648168627451	100.999985	1	0	0	0	0
2024-11-07 22:21:40	30.848886273770493	103.025395	100.999985	1	0	0	0	0
2024-11-07 22:21:50	31.02512345409836	100.72957893442623	100.999985	1	0	0	0	0
2024-11-07 22:22:00	31.253294987500002	99.7587585375	100.999985	1	0	0	0	0
2024-11-07 22:22:10	30.765912375	103.21023941666667	100.999985	1	0	0	0	0
2024-11-07 22:22:20	31.139604212658227	99.94985816455696	100.999985	1	0	0	0	0
2024-11-07 22:22:30	31.32831403220339	99.56289340677966	100.999985	1	0	0	0	0
2024-11-07 22:22:40	30.730439851612903	103.36596175806451	100.999985	1	0	0	0	0
2024-11-07 22:22:50	31.269176095652174	99.13620652173913	100.999985	1	0	0	0	0
2024-11-07 22:23:00	31.273837795522386	100.09976291044775	100.999985	1	0	0	0	0
2024-11-07 22:23:10	30.7587242	102.885704	100.999985	1	0	0	0	0
2024-11-07 22:23:20	31.239028966197182	99.44944633802817	100.999985	1	0	0	0	0
2024-11-07 22:23:30	30.8677979	103.024818	100.999985	1	0	0	0	0
2024-11-07 22:23:40	30.68370805882353	103.12563135294118	100.999985	1	0	0	0	0
2024-11-07 22:23:50	31.269001852	99.21987179999999	100.999985	1	0	0	0	0
2024-11-07 22:24:00	30.89411516455696	102.54504002531645	100.999985	1	0	0	0	0
2024-11-07 22:24:10	30.9309893	101.2681485	100.999985	1	0	0	0	0
2024-11-07 22:24:20	31.23121192875	99.562902775	100.999985	1	0	0	0	0
2024-11-07 22:24:30	30.79638816	102.94033566666667	100.999985	1	0	0	0	0
2024-11-07 22:24:40	31.02707585882353	100.35782037254901	100.999985	1	0	0	0	0
2024-11-07 22:24:50	31.314245391428575	99.26881528571428	100.999985	1	0	0	0	0
2024-11-07 22:25:00	30.774094695081967	102.87342836065574	100.999985	1	0	0	0	0
2024-11-07 22:25:10	31.19411496	99.32680056599999	100.999985	1	0	0	0	0
2024-11-07 22:25:20	31.404711727142857	99.07706708142858	100.999985	1	0	0	0	0
2024-11-07 22:25:30	30.756626352941176	103.03134207843138	100.999985	1	0	0	0	0
2024-11-07 22:25:40	31.251955049367087	99.11754734177215	100.999985	1	0	0	0	0
2024-11-07 22:25:50	31.074400315686272	101.4110588235294	100.999985	1	0	0	0	0
2024-11-07 22:26:00	30.706388176470586	103.12414335294118	100.999985	1	0	0	0	0
2024-11-07 22:26:10	31.2642937	99.14722	100.999985	1	0	0	0	0
2024-11-07 22:26:20	31.07392727377049	101.13389360655738	100.999985	1	0	0	0	0
2024-11-07 22:26:30	30.841029315730335	101.94480307865169	100.999985	1	0	0	0	0
2024-11-07 22:26:40	31.32823547254902	98.94880898039216	100.999985	1	0	0	0	0
2024-11-07 22:26:50	30.91100622714286	102.64573174142858	100.999985	1	0	0	0	0
2024-11-07 22:27:00	30.97223567	101.0169545	100.999985	1	0	0	0	0
2024-11-07 22:27:10	31.286833745238095	99.25855276190477	100.999985	1	0	0	0	0
2024-11-07 22:27:20	30.87576042253521	102.43890507042254	100.999985	1	0	0	0	0
2024-11-07 22:27:30	31.142155239436622	99.66464366197182	100.999985	1	0	0	0	0
2024-11-07 22:27:40	31.383099780769232	99.14581293076922	100.999985	1	0	0	0	0
2024-11-07 22:27:50	30.777074052	103.17134757999999	100.999985	1	0	0	0	0
2024-11-07 22:28:00	31.229689097183098	99.22009267605632	100.999985	1	0	0	0	0
2024-11-07 22:28:10	31.16759492	100.8282456	100.999985	1	0	0	0	0
2024-11-07 22:28:20	30.772962153932582	102.73828078651685	100.999985	1	0	0	0	0
2024-11-07 22:28:30	31.183188133333335	99.45076463333334	100.999985	1	0	0	0	0
2024-11-07 22:28:40	30.93141345	102.09379172499999	100.999985	1	0	0	0	0
2024-11-07 22:28:50	30.699259407407407	102.99054803703704	100.999985	1	0	0	0	0
2024-11-07 22:29:00	31.17382122622951	99.64278327868853	100.999985	1	0	0	0	0
2024-11-07 22:29:10	31.0484361375	101.5553106875	100.999985	1	0	0	0	0
2024-11-07 22:29:20	30.905659266666667	101.2729925	100.999985	1	0	0	0	0
2024-11-07 22:29:30	31.287622626373626	99.11543110989011	100.999985	1	0	0	0	0
2024-11-07 22:29:40	30.89496013833333	102.35390973333334	100.999985	1	0	0	0	0
2024-11-07 22:29:50	30.785863679310346	102.21502263793103	100.999985	1	0	0	0	0
2024-11-07 22:30:00	31.3207989	99.0850754	100.999985	1	0	0	0	0
2024-11-07 22:30:10	30.798413680597015	103.12626971641791	100.999985	1	0	0	0	0
2024-11-07 22:30:20	30.872536	101.85844857142857	100.999985	1	0	0	0	0
2024-11-07 22:30:30	31.260353091549295	100.02105380281691	100.999985	1	0	0	0	0
2024-11-07 22:30:40	30.6599369	103.554909	100.999985	1	0	0	0	0
2024-11-07 22:30:50	31.2330769	99.21837076	100.999985	1	0	0	0	0
2024-11-07 22:31:00	31.174484838709677	100.64860529032258	100.999985	1	0	0	0	0
2024-11-07 22:31:10	30.690957414634145	103.1214512195122	100.999985	1	0	0	0	0
2024-11-07 22:31:20	31.2485134625	99.3496275	100.999985	1	0	0	0	0
2024-11-07 22:31:30	30.78279	103.398857	100.999985	1	0	0	0	0
2024-11-07 22:31:40	30.94332097142857	101.31017657142857	100.999985	1	0	0	0	0
2024-11-07 22:31:50	31.374605155555553	98.87210518518519	100.999985	1	0	0	0	0
2024-11-07 22:32:00	30.832127176666667	102.91515951666666	100.999985	1	0	0	0	0
2024-11-07 22:32:10	30.96487188	100.80505538571428	100.999985	1	0	0	0	0
2024-11-07 22:32:20	31.319241243999997	99.15210259999999	100.999985	1	0	0	0	0
2024-11-07 22:32:30	30.768235355932205	102.89944779661018	100.999985	1	0	0	0	0
2024-11-07 22:32:40	31.18403	99.24559	100.999985	1	0	0	0	0
2024-11-07 22:32:50	31.12174626056338	100.54801957746479	100.999985	1	0	0	0	0
2024-11-07 22:33:00	30.666336580821916	103.16211084931507	100.999985	1	0	0	0	0
2024-11-07 22:33:10	31.23721803333333	98.98255041666667	100.999985	1	0	0	0	0
2024-11-07 22:33:20	31.033172335714287	101.546015	100.999985	1	0	0	0	0
2024-11-07 22:33:30	30.85714605882353	101.71611511764705	100.999985	1	0	0	0	0
2024-11-07 22:33:40	31.27299694567901	99.2863587654321	100.999985	1	0	0	0	0
2024-11-07 22:33:50	30.99614865063291	101.74802255696203	100.999985	1	0	0	0	0
2024-11-07 22:34:00	31.016597960655737	100.53599406557377	100.999985	1	0	0	0	0
2024-11-07 22:34:10	31.307263229411767	99.17138941176471	100.999985	1	0	0	0	0
2024-11-07 22:34:20	30.717742226760564	103.43826350704225	100.999985	1	0	0	0	0
2024-11-07 22:34:30	31.00128376101695	100.63020791525425	100.999985	1	0	0	0	0
2024-11-07 22:34:40	31.111685574390243	100.59854792682927	100.999985	1	0	0	0	0
2024-11-07 22:34:50	30.7308588375	103.110131525	100.999985	1	0	0	0	0
2024-11-07 22:35:00	31.275561803278688	98.95077065573771	100.999985	1	0	0	0	0
2024-11-07 22:35:10	31.3405743	99.50762	100.999985	1	0	0	0	0
2024-11-07 22:35:20	30.841774346938777	102.16504271428572	100.999985	1	0	0	0	0
2024-11-07 22:35:30	31.2276107375	99.4402044025	100.999985	1	0	0	0	0
2024-11-07 22:35:40	30.915350874509805	102.39129607843137	100.999985	1	0	0	0	0
2024-11-07 22:35:50	30.77693934494382	102.26864730337078	100.999985	1	0	0	0	0
2024-11-07 22:36:00	31.303023775409837	98.98436803278689	100.999985	1	0	0	0	0
2024-11-07 22:36:10	30.864430713333334	102.28322063333334	100.999985	1	0	0	0	0
2024-11-07 22:36:20	30.909333506666666	101.30482908333333	100.999985	1	0	0	0	0
2024-11-07 22:36:30	31.311101	99.18050928571428	100.999985	1	0	0	0	0
2024-11-07 22:36:40	30.673473374	103.43573974	100.999985	1	0	0	0	0
2024-11-07 22:36:50	31.197365726229506	99.23300770491804	100.999985	1	0	0	0	0
2024-11-07 22:37:00	30.991063445714286	101.85772757142858	100.999985	1	0	0	0	0
2024-11-07 22:37:10	30.802265533333333	102.32312894117646	100.999985	1	0	0	0	0
2024-11-07 22:37:20	31.25672061525424	99.34505423728814	100.999985	1	0	0	0	0
2024-11-07 22:37:30	30.914062953521125	102.23209647887325	100.999985	1	0	0	0	0
2024-11-07 22:37:40	31.04601113809524	100.31976404761905	100.999985	1	0	0	0	0
2024-11-07 22:37:50	31.355781973333333	99.11456166666667	100.999985	1	0	0	0	0
2024-11-07 22:38:00	30.77049745714286	102.98924514285714	100.999985	1	0	0	0	0
2024-11-07 22:38:10	31.122772285714284	99.76183114285715	100.999985	1	0	0	0	0
2024-11-07 22:38:20	31.183341769565217	100.16700550724637	100.999985	1	0	0	0	0
2024-11-07 22:38:30	30.686466816666666	103.20010666666667	100.999985	1	0	0	0	0
2024-11-07 22:38:40	30.686466816666666	103.20010666666667	100.999985	1	0	0	0	0
2024-11-07 22:38:50	31.205278506	99.4078686	100.999985	1	0	0	0	0
2024-11-07 22:39:00	31.23193137	101.35843716049382	100.999985	1	0	0	0	0
2024-11-07 22:39:10	30.91046153580247	101.35843716049382	100.999985	1	0	0	0	0
2024-11-07 22:39:20	31.330528970588237	98.73006529411765	100.999985	1	0	0	0	0
2024-11-07 22:39:30	30.8402138	103.041084	100.999985	1	0	0	0	0
2024-11-07 22:39:40	30.96870887	100.96593798	100.999985	1	0	0	0	0
2024-11-07 22:39:50	31.360386985714285	98.95591449387754	100.999985	1	0	0	0	0
2024-11-07 22:40:00	30.773641212857143	103.33300932857142	100.999985	1	0	0	0	0
2024-11-07 22:40:10	30.9486008	101.18479171428572	100.999985	1	0	0	0	0
2024-11-07 22:40:20	31.304601126760563	99.47116915492957	100.999985	1	0	0	0	0
2024-11-07 22:40:30	30.83907588888889	102.29359987654321	100.999985	1	0	0	0	0
2024-11-07 22:40:40	31.15580487826087	99.72449069565218	100.999985	1	0	0	0	0
2024-11-07 22:40:50	31.120220696226415	100.90688386792453	100.999985	1	0	0	0	0
2024-11-07 22:41:00	30.65396314590164	103.19134600000001	100.999985	1	0	0	0	0
2024-11-07 22:41:10	31.211393834177215	99.31113607594936	100.999985	1	0	0	0	0
2024-11-07 22:41:20	30.859396	102.637375	100.999985	1	0	0	0	0
2024-11-07 22:41:30	30.916520600000002	100.9455125	100.999985	1	0	0	0	0
2024-11-07 22:41:40	31.271612976	99.135878164	100.999985	1	0	0	0	0
2024-11-07 22:41:50	30.740268051666668	103.30885529999999	100.999985	1	0	0	0	0
2024-11-07 22:42:00	31.062637111764708	100.06980776470589	100.999985	1	0	0	0	0
2024-11-07 22:42:10	31.28128485063291	99.56840927848101	100.999985	1	0	0	0	0
2024-11-07 22:42:20	30.751383508333333	102.66632908333334	100.999985	1	0	0	0	0
2024-11-07 22:42:30	31.196111671014492	99.2784924347826	100.999985	1	0	0	0	0
2024-11-07 22:42:40	30.9932671	101.771164	100.999985	1	0	0	0	0
2024-11-07 22:42:50	30.5832863	103.382965	100.999985	1	0	0	0	0
2024-11-07 22:43:00	31.33883868852459	98.67779737704917	100.999985	1	0	0	0	0
2024-11-07 22:43:10	30.7503529	103.217941	100.999985	1	0	0	0	0
2024-11-07 22:43:20	31.10426258	99.9027912	100.999985	1	0	0	0	0
2024-11-07 22:43:30	31.2355242	99.93463	100.999985	1	0	0	0	0
2024-11-07 22:43:40	30.7116702	103.19415142857143	100.999985	1	0	0	0	0
2024-11-07 22:43:50	31.252986853658538	99.3220712195122	100.999985	1	0	0	0	0
2024-11-07 22:44:00	31.125069152542373	101.10134410169492	100.999985	1	0	0	0	0
2024-11-07 22:44:10	30.944102203389832	100.96278647457628	100.999985	1	0	0	0	0
2024-11-07 22:44:20	31.304419085	99.00507334999999	100.999985	1	0	0	0	0
2024-11-07 22:44:30	30.84480928985507	102.60233831884058	100.999985	1	0	0	0	0
2024-11-07 22:44:40	30.985185366	100.52047092000001	100.999985	1	0	0	0	0
2024-11-07 22:44:50	31.273252103797468	99.4553416835443	100.999985	1	0	0	0	0
2024-11-07 22:45:00	30.64399903529412	103.79850111764706	100.999985	1	0	0	0	0
2024-11-07 22:45:10	31.131425193749998	99.553467375	100.999985	1	0	0	0	0
2024-11-07 22:45:20	31.323241548	99.192081	100.999985	1	0	0	0	0
2024-11-07 22:45:30	30.873314734285717	101.49184497142856	100.999985	1	0	0	0	0
2024-11-07 22:45:40	31.234854674285714	99.32445414285714	100.999985	1	0	0	0	0
2024-11-07 22:45:50	30.892865512500002	102.33649	100.999985	1	0	0	0	0
2024-11-07 22:46:00	30.95620103	100.79503936666667	100.999985	1	0	0	0	0
2024-11-07 22:46:10	31.2402434375	99.60395737500001	100.999985	1	0	0	0	0
2024-11-07 22:46:20	30.837898862025316	102.3550819113924	100.999985	1	0	0	0	0
2024-11-07 22:46:30	31.13853735	99.83610183333333	100.999985	1	0	0	0	0
2024-11-07 22:46:40	31.116113522222225	100.88997093055555	100.999985	1	0	0	0	0
2024-11-07 22:46:50	30.639698544230768	103.41538159615385	100.999985	1	0	0	0	0
2024-11-07 22:47:00	31.252122204081633	99.08536979591837	100.999985	1	0	0	0	0
2024-11-07 22:47:10	30.909697190322582	102.47093293548387	100.999985	1	0	0	0	0
2024-11-07 22:47:20	30.95769394576271	100.8153902881356	100.999985	1	0	0	0	0
2024-11-07 22:47:30	31.189395788888888	99.95213991555556	100.999985	1	0	0	0	0
2024-11-07 22:47:40	30.71389954	103.35558191999999	100.999985	1	0	0	0	0
2024-11-07 22:47:50	31.079683747058823	99.98282835294117	100.999985	1	0	0	0	0
2024-11-07 22:48:00	31.148747765	100.32501085	100.999985	1	0	0	0	0
2024-11-07 22:48:10	30.616159676	103.41934825999999	100.999985	1	0	0	0	0
2024-11-07 22:48:20	31.20823690140845	99.27613126760563	100.999985	1	0	0	0	0
2024-11-07 22:48:30	30.909096833333333	102.2889075	100.999985	1	0	0	0	0
2024-11-07 22:48:40	30.6549759	103.025681	100.999985	1	0	0	0	0
2024-11-07 22:48:50	31.3158226	99.07264	100.999985	1	0	0	0	0
2024-11-07 22:49:00	30.8951931	102.679413	100.999985	1	0	0	0	0
2024-11-07 22:49:10	30.966838795588234	100.93698955882354	100.999985	1	0	0	0	0
2024-11-07 22:49:20	31.28800754285714	99.30706203809524	100.999985	1	0	0	0	0
2024-11-07 22:49:30	30.700040390123455	103.30213703703704	100.999985	1	0	0	0	0
2024-11-07 22:49:40	31.186636797142857	99.34125814	100.999985	1	0	0	0	0
2024-11-07 22:49:50	31.175327739130434	100.23620413043479	100.999985	1	0	0	0	0
2024-11-07 22:50:00	30.799877147540986	101.97164532786886	100.999985	1	0	0	0	0
2024-11-07 22:50:10	31.22627230769231	99.27980403846153	100.999985	1	0	0	0	0
2024-11-07 22:50:20	30.788774167088608	103.03529489873418	100.999985	1	0	0	0	0
2024-11-07 22:50:30	30.8926731	101.39384690140845	100.999985	1	0	0	0	0
2024-11-07 22:50:40	31.32812938169014	99.06097084507041	100.999985	1	0	0	0	0
2024-11-07 22:50:50	30.7727499975	102.6061794125	100.999985	1	0	0	0	0
2024-11-07 22:51:00	31.069615524637683	99.92465101449275	100.999985	1	0	0	0	0
2024-11-07 22:51:10	31.052781658333334	100.91364873333333	100.999985	1	0	0	0	0
2024-11-07 22:51:20	30.6532419	102.87565522222222	100.999985	1	0	0	0	0
2024-11-07 22:51:30	31.179479541772153	99.33806493670886	100.999985	1	0	0	0	0
2024-11-07 22:51:40	30.84022543943662	102.23516014084508	100.999985	1	0	0	0	0
2024-11-07 22:51:50	30.98488462857143	100.33603428571429	100.999985	1	0	0	0	0
2024-11-07 22:52:00	31.302973333333334	99.1028704	100.999985	1	0	0	0	0
2024-11-07 22:52:10	30.71559743076923	103.17987480769231	100.999985	1	0	0	0	0
2024-11-07 22:52:20	31.15547978	99.458447792	100.999985	1	0	0	0	0
2024-11-07 22:52:30	31.224316703370786	99.91077695505618	100.999985	1	0	0	0	0
2024-11-07 22:52:40	30.770599033802817	102.37419029577465	100.999985	1	0	0	0	0
2024-11-07 22:52:50	31.236464074	99.292938	100.999985	1	0	0	0	0
2024-11-07 22:53:00	30.7221488	103.30727741509435	100.999985	1	0	0	0	0
2024-11-07 22:53:10	31.013031	100.064186	100.999985	1	0	0	0	0
2024-11-07 22:53:20	31.2070541	99.49681	100.999985	1	0	0	0	0
2024-11-07 22:53:30	30.6652222	103.206924	100.999985	1	0	0	0	0
2024-11-07 22:53:40	31.10041096	99.6938908	100.999985	1	0	0	0	0
2024-11-07 22:53:50	31.04390495949367	100.62372449367089	100.999985	1	0	0	0	0
2024-11-07 22:54:00	30.84832195	101.4307705	100.999985	1	0	0	0	0
2024-11-07 22:54:10	31.16931362295082	99.55072836065574	100.999985	1	0	0	0	0
2024-11-07 22:54:20	30.734865431666666	102.80050671666667	100.999985	1	0	0	0	0
2024-11-07 22:54:30	30.95050966470588	100.56877423529411	100.999985	1	0	0	0	0
2024-11-07 22:54:40	31.20555013820225	99.5283473033708	100.999985	1	0	0	0	0
2024-11-07 22:54:50	30.723227634177217	102.41555253164557	100.999985	1	0	0	0	0
2024-11-07 22:55:00	31.143009166666666	99.34424111111112	100.999985	1	0	0	0	0
2024-11-07 22:55:10	30.868879090163933	101.94985213114755	100.999985	1	0	0	0	0
2024-11-07 22:55:20	30.75988065625	101.77175293750001	100.999985	1	0	0	0	0
2024-11-07 22:55:30	31.1862812	99.3782959	100.999985	1	0	0	0	0
2024-11-07 22:55:40	30.68502316	102.932686	100.999985	1	0	0	0	0
2024-11-07 22:55:50	31.068233893258427	99.71766000000001	100.999985	1	0	0	0	0
2024-11-07 22:56:00	31.15342	99.8542	100.999985	1	0	0	0	0
2024-11-07 22:56:10	30.626942329411765	102.955949	100.999985	1	0	0	0	0
2024-11-07 22:56:20	31.152165952	99.217748	100.999985	1	0	0	0	0
2024-11-07 22:56:30	30.828052232394366	102.11157552112677	100.999985	1	0	0	0	0
2024-11-07 22:56:40	30.845373178260868	101.1087504347826	100.999985	1	0	0	0	0
2024-11-07 22:56:50	31.13466	99.59151	100.999985	1	0	0	0	0
2024-11-07 22:57:00	30.78341191111111	102.305629	100.999985	1	0	0	0	0
2024-11-07 22:57:10	31.094842093442622	99.64094629508197	100.999985	1	0	0	0	0
2024-11-07 22:57:20	31.057909195918366	100.71702326530612	100.999985	1	0	0	0	0
2024-11-07 22:57:30	30.75383343414634	102.04860209756097	100.999985	1	0	0	0	0
2024-11-07 22:57:40	31.099813718333333	99.85604172	100.999985	1	0	0	0	0
2024-11-07 22:57:50	30.845449478651684	101.86236516853933	100.999985	1	0	0	0	0
2024-11-07 22:58:00	30.8765106345679	100.93994950617285	100.999985	1	0	0	0	0
2024-11-07 22:58:10	31.074272867901236	100.19722386419753	100.999985	1	0	0	0	0
2024-11-07 22:58:20	30.754156332786884	102.61036513114755	100.999985	1	0	0	0	0
2024-11-07 22:58:30	30.978656334	100.29421866	100.999985	1	0	0	0	0
2024-11-07 22:58:40	31.149145347457626	99.90714723728814	100.999985	1	0	0	0	0
2024-11-07 22:58:50	30.737544697183097	102.60802680281691	100.999985	1	0	0	0	0
2024-11-07 22:59:00	31.021708959322034	100.17868347457627	100.999985	1	0	0	0	0
2024-11-07 22:59:10	30.891214525	101.67040812500001	100.999985	1	0	0	0	0
2024-11-07 22:59:20	30.66198133902439	102.81394275609756	100.999985	1	0	0	0	0
2024-11-07 22:59:30	31.08167005952381	99.67624857142857	100.999985	1	0	0	0	0
2024-11-07 22:59:40	30.90994284117647	101.42787588235295	100.999985	1	0	0	0	0
2024-11-07 22:59:50	30.809688623728814	101.3785633898305	100.999985	1	0	0	0	0
2024-11-07 23:00:00	31.140857077777778	99.39137888888888	100.999985	1	0	0	0	0
2024-11-07 23:00:10	30.83214125	101.9252145375	100.999985	1	0	0	0	0
2024-11-07 23:00:20	30.849463691304347	100.99282391304348	100.999985	1	0	0	0	0
2024-11-07 23:00:30	31.10608689322034	99.7507819322034	100.999985	1	0	0	0	0
2024-11-07 23:00:40	30.71266747391304	102.5690807826087	100.999985	1	0	0	0	0
2024-11-07 23:00:50	30.872516435999998	100.594057608	100.999985	1	0	0	0	0
2024-11-07 23:01:00	31.024424229508195	100.09977409836065	100.999985	1	0	0	0	0
2024-11-07 23:01:10	30.63796164050633	102.6297220506329	100.999985	1	0	0	0	0
2024-11-07 23:01:20	30.97820150425532	99.80326723404255	100.999985	1	0	0	0	0
2024-11-07 23:01:30	30.951798632786886	100.72872131147541	100.999985	1	0	0	0	0
2024-11-07 23:01:40	30.61070070857143	102.75973285714286	100.999985	1	0	0	0	0
2024-11-07 23:01:50	31.02943179375	99.64129249999999	100.999985	1	0	0	0	0
2024-11-07 23:02:00	30.975432820454547	100.65834602272727	100.999985	1	0	0	0	0
2024-11-07 23:02:10	30.77142797142857	101.71869	100.999985	1	0	0	0	0
2024-11-07 23:02:20	31.077340368749997	99.784663125	100.999985	1	0	0	0	0
2024-11-07 23:02:30	30.93311257142857	101.15001085714286	100.999985	1	0	0	0	0
2024-11-07 23:02:40	30.61888695081967	102.6076113442623	100.999985	1	0	0	0	0
2024-11-07 23:02:50	31.065130102	99.8849042	100.999985	1	0	0	0	0
2024-11-07 23:03:00	30.828240514285714	102.067576	100.999985	1	0	0	0	0
2024-11-07 23:03:10	30.890264300000002	100.85584349999999	100.999985	1	0	0	0	0
2024-11-07 23:03:20	31.109191868627452	99.7176794117647	100.999985	1	0	0	0	0
2024-11-07 23:03:30	30.729675990163933	102.66229875409836	100.999985	1	0	0	0	0
2024-11-07 23:03:40	30.96013586811594	100.29249637681158	100.999985	1	0	0	0	0
2024-11-07 23:03:50	31.172611335294118	99.55242176470588	100.999985	1	0	0	0	0
2024-11-07 23:04:00	30.698994005084746	102.7967606779661	100.999985	1	0	0	0	0
2024-11-07 23:04:10	30.95456020819672	100.34403229508196	100.999985	1	0	0	0	0
2024-11-07 23:04:20	31.1949425	99.39606	100.999985	1	0	0	0	0
2024-11-07 23:04:30	30.737054765	102.54238045	100.999985	1	0	0	0	0
2024-11-07 23:04:40	31.07987925769231	99.84567984615384	100.999985	1	0	0	0	0
2024-11-07 23:04:50	31.13145140625	100.4862406875	100.999985	1	0	0	0	0
2024-11-07 23:05:00	30.746858055737704	102.62735672131147	100.999985	1	0	0	0	0
2024-11-07 23:05:10	31.021335548148148	100.33641037037037	100.999985	1	0	0	0	0
2024-11-07 23:05:20	31.072948181355933	100.57969105084746	100.999985	1	0	0	0	0
2024-11-07 23:05:30	30.741355201639344	102.52708373770491	100.999985	1	0	0	0	0
2024-11-07 23:05:40	31.0773310372549	99.71969329411765	100.999985	1	0	0	0	0
2024-11-07 23:05:50	31.031665128813557	100.8062626779661	100.999985	1	0	0	0	0
2024-11-07 23:06:00	30.632285542857144	103.009456	100.999985	1	0	0	0	0
2024-11-07 23:06:10	31.106712052857144	99.49712314285715	100.999985	1	0	0	0	0
2024-11-07 23:06:20	30.93578364197531	101.50552839506173	100.999985	1	0	0	0	0
2024-11-07 23:06:30	30.680606795505618	102.58091325842697	100.999985	1	0	0	0	0
2024-11-07 23:06:40	31.13790272	99.44483444	100.999985	1	0	0	0	0
2024-11-07 23:06:50	31.067960875409835	100.60910203278688	100.999985	1	0	0	0	0
2024-11-07 23:07:00	30.828451364705884	101.46331711764705	100.999985	1	0	0	0	0
2024-11-07 23:07:10	31.218549069620252	99.35150734177215	100.999985	1	0	0	0	0
2024-11-07 23:07:20	30.79524052352941	102.66927666666666	100.999985	1	0	0	0	0
2024-11-07 23:07:30	30.95367258271605	100.61691014814815	100.999985	1	0	0	0	0
2024-11-07 23:07:40	31.24993512658228	99.14105371392405	100.999985	1	0	0	0	0
2024-11-07 23:07:50	30.7482529	102.836182	100.999985	1	0	0	0	0
2024-11-07 23:08:00	31.037227203389833	100.07187508474577	100.999985	1	0	0	0	0
2024-11-07 23:08:10	31.195255185714284	99.77667071428571	100.999985	1	0	0	0	0
2024-11-07 23:08:20	30.74813247142857	102.71015042857142	100.999985	1	0	0	0	0
2024-11-07 23:08:30	31.115860494366196	99.63358332394367	100.999985	1	0	0	0	0
2024-11-07 23:08:40	31.12011576	100.58244959999999	100.999985	1	0	0	0	0
2024-11-07 23:08:50	30.693985484745763	102.99899918644068	100.999985	1	0	0	0	0
2024-11-07 23:09:00	31.15004282622951	99.32862832786886	100.999985	1	0	0	0	0
2024-11-07 23:09:10	30.978320417391302	101.2892882173913	100.999985	1	0	0	0	0
2024-11-07 23:09:20	30.668191657142856	102.78405724489797	100.999985	1	0	0	0	0
2024-11-07 23:09:30	31.130034106593406	99.2111676923077	100.999985	1	0	0	0	0
2024-11-07 23:09:40	31.14931879615385	100.05393711538461	100.999985	1	0	0	0	0
2024-11-07 23:09:50	30.697624620000003	102.49614016000001	100.999985	1	0	0	0	0
2024-11-07 23:10:00	31.061155217391306	99.76923312463768	100.999985	1	0	0	0	0
2024-11-07 23:10:10	30.92888386122449	101.53299312244897	100.999985	1	0	0	0	0
2024-11-07 23:10:20	30.73982938202247	102.16336247191012	100.999985	1	0	0	0	0
2024-11-07 23:10:30	31.1269699	99.44203142857144	100.999985	1	0	0	0	0
2024-11-07 23:10:40	30.852329233333332	101.964918	100.999985	1	0	0	0	0
2024-11-07 23:10:50	30.808414033870967	101.73824796774194	100.999985	1	0	0	0	0
2024-11-07 23:11:00	31.189200889855073	99.30847869565218	100.999985	1	0	0	0	0
2024-11-07 23:11:10	30.943886460869564	101.48720265217392	100.999985	1	0	0	0	0
2024-11-07 23:11:20	30.814062390243905	101.51231219512195	100.999985	1	0	0	0	0
2024-11-07 23:11:30	31.08116211830986	100.20522450704226	100.999985	1	0	0	0	0
2024-11-07 23:11:40	30.689875284269664	102.99984652808989	100.999985	1	0	0	0	0
2024-11-07 23:11:50	31.046961013114753	99.76962246065574	100.999985	1	0	0	0	0
2024-11-07 23:12:00	31.244604260869565	99.42859142028985	100.999985	1	0	0	0	0
2024-11-07 23:12:10	30.70729163265306	103.08213453061224	100.999985	1	0	0	0	0
2024-11-07 23:12:20	31.241761570149254	98.79748202985074	100.999985	1	0	0	0	0
2024-11-07 23:12:30	31.037658591549295	101.28293	100.999985	1	0	0	0	0
2024-11-07 23:12:40	30.716473209876543	102.9869710617284	100.999985	1	0	0	0	0
2024-11-07 23:12:50	31.219124628333333	99.318853715	100.999985	1	0	0	0	0
2024-11-07 23:13:00	30.911955974683544	102.382309721519	100.999985	1	0	0	0	0
2024-11-07 23:13:10	30.885249042857144	101.52552128571429	100.999985	1	0	0	0	0
2024-11-07 23:13:20	31.24104935	99.2044522	100.999985	1	0	0	0	0
2024-11-07 23:13:30	30.961512527500002	101.7823583	100.999985	1	0	0	0	0
2024-11-07 23:13:40	30.94499713333333	100.92286904347826	100.999985	1	0	0	0	0
2024-11-07 23:13:50	31.235538484057972	99.59545616666666	100.999985	1	0	0	0	0
2024-11-07 23:14:00	30.76569268852459	103.02055924590164	100.999985	1	0	0	0	0
2024-11-07 23:14:10	30.969978376923077	100.62585576923077	100.999985	1	0	0	0	0
2024-11-07 23:14:20	31.241986908474576	99.64559150847458	100.999985	1	0	0	0	0
2024-11-07 23:14:30	30.718588483333335	102.93128516666667	100.999985	1	0	0	0	0
2024-11-07 23:14:40	31.10672003559322	99.71046440677966	100.999985	1	0	0	0	0
2024-11-07 23:14:50	30.95411547142857	101.73232928571429	100.999985	1	0	0	0	0
2024-11-07 23:15:00	30.66271	103.09449	100.999985	1	0	0	0	0
2024-11-07 23:15:10	31.116169926666668	99.60495096666666	100.999985	1	0	0	0	0
2024-11-07 23:15:20	31.068554549999998	100.96742115625	100.999985	1	0	0	0	0
2024-11-07 23:15:30	30.6046486	103.236969	100.999985	1	0	0	0	0
2024-11-07 23:15:40	31.225051413114752	99.09389081967213	100.999985	1	0	0	0	0
2024-11-07 23:15:50	30.71212088852459	103.29787737704919	100.999985	1	0	0	0	0
2024-11-07 23:16:00	30.79228478627451	101.6127634509804	100.999985	1	0	0	0	0
2024-11-07 23:16:10	31.179042083333336	99.626434	100.999985	1	0	0	0	0
2024-11-07 23:16:20	30.71550548387097	102.9965410967742	100.999985	1	0	0	0	0
2024-11-07 23:16:30	31.024004011764706	99.98774111764705	100.999985	1	0	0	0	0
2024-11-07 23:16:40	31.2535419	99.33214	100.999985	1	0	0	0	0
2024-11-07 23:16:50	30.797919986249997	102.0856907875	100.999985	1	0	0	0	0
2024-11-07 23:17:00	31.12077656125	99.5742073925	100.999985	1	0	0	0	0
2024-11-07 23:17:10	30.970035137704915	101.62293850819671	100.999985	1	0	0	0	0
2024-11-07 23:17:20	30.65578484489796	103.02595879591837	100.999985	1	0	0	0	0
2024-11-07 23:17:30	31.2535744	98.82833	100.999985	1	0	0	0	0
2024-11-07 23:17:40	30.890942755737704	102.22203163934427	100.999985	1	0	0	0	0
2024-11-07 23:17:50	30.686977085714286	102.54700457142857	100.999985	1	0	0	0	0
2024-11-07 23:18:00	31.225112857142857	99.42267857142858	100.999985	1	0	0	0	0
2024-11-07 23:18:10	30.71391014084507	103.00097915492957	100.999985	1	0	0	0	0
2024-11-07 23:18:20	31.0002811852459	100.30341932786885	100.999985	1	0	0	0	0
2024-11-07 23:18:30	31.101379011764706	100.47724319607843	100.999985	1	0	0	0	0
2024-11-07 23:18:40	30.733472307692306	102.63416951282052	100.999985	1	0	0	0	0
2024-11-07 23:18:50	31.164470714814815	99.3815739962963	100.999985	1	0	0	0	0
2024-11-07 23:19:00	31.2957172	99.1157761	100.999985	1	0	0	0	0
2024-11-07 23:19:10	30.695841275	102.701912075	100.999985	1	0	0	0	0
2024-11-07 23:19:20	31.221502419512195	99.06643097560976	100.999985	1	0	0	0	0
2024-11-07 23:19:30	30.9335537	102.234848	100.999985	1	0	0	0	0
2024-11-07 23:19:40	30.96885542372881	100.94257118644069	100.999985	1	0	0	0	0
2024-11-07 23:19:50	31.29915366666667	99.26393766666666	100.999985	1	0	0	0	0
2024-11-07 23:20:00	30.853431115189874	102.68645234177215	100.999985	1	0	0	0	0
2024-11-07 23:20:10	30.968192472881356	101.03976372542373	100.999985	1	0	0	0	0
2024-11-07 23:20:20	31.24502400123457	99.66828347160494	100.999985	1	0	0	0	0
2024-11-07 23:20:30	30.7861028	102.9765334	100.999985	1	0	0	0	0
2024-11-07 23:20:40	31.10806254237288	99.7645286440678	100.999985	1	0	0	0	0
2024-11-07 23:20:50	31.345250801612906	99.05257046774194	100.999985	1	0	0	0	0
2024-11-07 23:21:00	30.75264975857143	102.84049291428572	100.999985	1	0	0	0	0
2024-11-07 23:21:10	31.1731968	99.58487	100.999985	1	0	0	0	0
2024-11-07 23:21:20	31.068042275	101.37144377083332	100.999985	1	0	0	0	0
2024-11-07 23:21:30	30.701680854	103.00669784	100.999985	1	0	0	0	0
2024-11-07 23:21:40	31.189456266666667	99.4769264	100.999985	1	0	0	0	0
2024-11-07 23:21:50	30.966465247058824	101.80684027941176	100.999985	1	0	0	0	0
2024-11-07 23:22:00	30.894614341935483	101.22852146774193	100.999985	1	0	0	0	0
2024-11-07 23:22:10	31.18650635802469	99.63614679012346	100.999985	1	0	0	0	0
2024-11-07 23:22:20	30.827448797468353	102.5803942278481	100.999985	1	0	0	0	0
2024-11-07 23:22:30	31.027222941176472	100.04556707843136	100.999985	1	0	0	0	0
2024-11-07 23:22:40	31.314476135294118	99.12856294117647	100.999985	1	0	0	0	0
2024-11-07 23:22:50	30.751798578431373	103.04890709803922	100.999985	1	0	0	0	0
2024-11-07 23:23:00	31.1210834425	99.7742602	100.999985	1	0	0	0	0
2024-11-07 23:23:10	31.125509083333334	100.64219255	100.999985	1	0	0	0	0
2024-11-07 23:23:20	30.730100439999998	102.9456954	100.999985	1	0	0	0	0
2024-11-07 23:23:30	31.270331038709678	98.79394248387096	100.999985	1	0	0	0	0
2024-11-07 23:23:40	31.16012732	100.5962772	100.999985	1	0	0	0	0
2024-11-07 23:23:50	30.856767382	101.81639538	100.999985	1	0	0	0	0
2024-11-07 23:24:00	31.282806629113924	99.13155235063292	100.999985	1	0	0	0	0
2024-11-07 23:24:10	31.078393385714286	101.19865714285714	100.999985	1	0	0	0	0
2024-11-07 23:24:20	30.8451163	101.71377925925925	100.999985	1	0	0	0	0
2024-11-07 23:24:30	31.240175505617977	99.43597168539326	100.999985	1	0	0	0	0
2024-11-07 23:24:40	30.874268	102.6323412	100.999985	1	0	0	0	0
2024-11-07 23:24:50	30.797987191803276	102.0950771147541	100.999985	1	0	0	0	0
2024-11-07 23:25:00	31.270825	99.39827994705882	100.999985	1	0	0	0	0
2024-11-07 23:25:10	30.741662694936707	103.21038584810127	100.999985	1	0	0	0	0
2024-11-07 23:25:20	31.083903274509805	99.81972441176471	100.999985	1	0	0	0	0
2024-11-07 23:25:30	31.3242168	99.18694	100.999985	1	0	0	0	0
2024-11-07 23:25:40	30.73023180677966	102.82565796610169	100.999985	1	0	0	0	0
2024-11-07 23:25:50	31.28452875	98.81595833333333	100.999985	1	0	0	0	0
2024-11-07 23:26:00	30.980607714285714	101.91577214285714	100.999985	1	0	0	0	0
2024-11-07 23:26:10	30.886122488732394	101.67696816901407	100.999985	1	0	0	0	0
2024-11-07 23:26:20	31.318875192957744	98.94953211267605	100.999985	1	0	0	0	0
2024-11-07 23:26:30	30.90127601016949	102.41740208474576	100.999985	1	0	0	0	0
2024-11-07 23:26:40	30.9788594	100.67148774074073	100.999985	1	0	0	0	0
2024-11-07 23:26:50	31.334458217999998	99.094236876	100.999985	1	0	0	0	0
2024-11-07 23:27:00	30.72086028	103.521457	100.999985	1	0	0	0	0
2024-11-07 23:27:10	31.073241608450704	100.12183592957746	100.999985	1	0	0	0	0
2024-11-07 23:27:20	31.215059612244897	100.12623579591836	100.999985	1	0	0	0	0
2024-11-07 23:27:30	30.77359261111111	102.65025577777777	100.999985	1	0	0	0	0
2024-11-07 23:27:40	31.14761162	99.4225368	100.999985	1	0	0	0	0
2024-11-07 23:27:50	31.14785408235294	100.66414231764705	100.999985	1	0	0	0	0
2024-11-07 23:28:00	30.63453	103.496086	100.999985	1	0	0	0	0
2024-11-07 23:28:10	31.333041176470587	98.71827078431373	100.999985	1	0	0	0	0
2024-11-07 23:28:20	31.062694213114753	101.3717913114754	100.999985	1	0	0	0	0
2024-11-07 23:28:30	30.90020718764045	101.48547056179775	100.999985	1	0	0	0	0
2024-11-07 23:28:40	31.317894314084505	99.3435104225352	100.999985	1	0	0	0	0
2024-11-07 23:28:50	30.763050204	103.40244832	100.999985	1	0	0	0	0
2024-11-07 23:29:00	30.94146143076923	101.16747123076922	100.999985	1	0	0	0	0
2024-11-07 23:29:10	31.3299713	99.3294	100.999985	1	0	0	0	0
2024-11-07 23:29:20	30.712218866	103.58256764	100.999985	1	0	0	0	0
2024-11-07 23:29:30	31.201419816666665	99.597365	100.999985	1	0	0	0	0
2024-11-07 23:29:40	31.286807234615384	99.83625596153846	100.999985	1	0	0	0	0
2024-11-07 23:29:50	30.67183764528302	103.37284624528303	100.999985	1	0	0	0	0
2024-11-07 23:30:00	31.30273	98.79939	100.999985	1	0	0	0	0
2024-11-07 23:30:10	31.1898153	100.78270505555555	100.999985	1	0	0	0	0
2024-11-07 23:30:20	30.87639460869565	101.86293594202898	100.999985	1	0	0	0	0
2024-11-07 23:30:30	31.306515070422535	99.15233830985916	100.999985	1	0	0	0	0
2024-11-07 23:30:40	30.794859702222222	103.36730204444444	100.999985	1	0	0	0	0
2024-11-07 23:30:50	30.916855189873417	101.47478126582278	100.999985	1	0	0	0	0
2024-11-07 23:31:00	31.408635416666666	98.76685499999999	100.999985	1	0	0	0	0
2024-11-07 23:31:10	30.820773043478262	102.943324	100.999985	1	0	0	0	0
2024-11-07 23:31:20	31.113873285714284	100.16196585714286	100.999985	1	0	0	0	0
2024-11-07 23:31:30	31.1589915375	100.744426	100.999985	1	0	0	0	0
2024-11-07 23:31:40	30.74301774864865	103.11482789189189	100.999985	1	0	0	0	0
2024-11-07 23:31:50	31.265886201298702	99.07123948051948	100.999985	1	0	0	0	0
2024-11-07 23:32:00	31.191657915254236	100.701859	100.999985	1	0	0	0	0
2024-11-07 23:32:10	30.686766069230767	103.36964138461539	100.999985	1	0	0	0	0
2024-11-07 23:32:20	31.25294456	99.20869885714285	100.999985	1	0	0	0	0
2024-11-07 23:32:30	31.205423123595505	100.36267013483146	100.999985	1	0	0	0	0
2024-11-07 23:32:40	30.90008971014493	101.61301072463769	100.999985	1	0	0	0	0
2024-11-07 23:32:50	31.299568684722225	99.06121022222221	100.999985	1	0	0	0	0
2024-11-07 23:33:00	30.935981871186442	102.15936847457627	100.999985	1	0	0	0	0
2024-11-07 23:33:10	30.946175616666668	101.07091583333333	100.999985	1	0	0	0	0
2024-11-07 23:33:20	31.3974667	98.7035446	100.999985	1	0	0	0	0
2024-11-07 23:33:30	30.74274062542373	103.29819152542373	100.999985	1	0	0	0	0
2024-11-07 23:33:40	31.1966553	99.24034	100.999985	1	0	0	0	0
2024-11-07 23:33:50	31.075876332876714	101.21082921917808	100.999985	1	0	0	0	0
2024-11-07 23:34:00	30.6526641	103.57848855263157	100.999985	1	0	0	0	0
2024-11-07 23:34:10	31.284431408163265	99.10152569183673	100.999985	1	0	0	0	0
2024-11-07 23:34:20	31.030007268	101.6524932	100.999985	1	0	0	0	0
2024-11-07 23:34:30	30.978880624050635	100.75563265822784	100.999985	1	0	0	0	0
2024-11-07 23:34:40	31.264295172881358	99.23297211694916	100.999985	1	0	0	0	0
2024-11-07 23:34:50	30.894662585714286	102.15000888571429	100.999985	1	0	0	0	0
2024-11-07 23:35:00	31.067355759259257	100.06888061728395	100.999985	1	0	0	0	0
2024-11-07 23:35:10	31.351957611764703	99.0222459117647	100.999985	1	0	0	0	0
2024-11-07 23:35:20	30.727546389361702	103.34755214893617	100.999985	1	0	0	0	0
2024-11-07 23:35:30	31.214489276000002	99.24298456	100.999985	1	0	0	0	0
2024-11-07 23:35:40	31.184594821311475	100.49079752459016	100.999985	1	0	0	0	0
2024-11-07 23:35:50	30.66234757826087	103.3214437826087	100.999985	1	0	0	0	0
2024-11-07 23:36:00	31.3407555	98.9027252	100.999985	1	0	0	0	0
2024-11-07 23:36:10	31.027152020000003	102.22731736	100.999985	1	0	0	0	0
2024-11-07 23:36:20	30.72463988	103.19606040000001	100.999985	1	0	0	0	0
2024-11-07 23:36:30	31.276879017241377	99.19549678965517	100.999985	1	0	0	0	0
2024-11-07 23:36:40	30.96299465487805	102.23525396463414	100.999985	1	0	0	0	0
2024-11-07 23:36:50	30.83412496125	102.3060381125	100.999985	1	0	0	0	0
2024-11-07 23:37:00	31.369182525714283	99.070612	100.999985	1	0	0	0	0
2024-11-07 23:37:10	30.806327278688524	103.28982409836065	100.999985	1	0	0	0	0
2024-11-07 23:37:20	30.72215124047619	102.71461266666665	100.999985	1	0	0	0	0
2024-11-07 23:37:30	31.422012146341462	98.65386878048781	100.999985	1	0	0	0	0
2024-11-07 23:37:40	30.7664852	103.546104	100.999985	1	0	0	0	0
2024-11-07 23:37:50	31.05770252173913	100.7061781173913	100.999985	1	0	0	0	0
2024-11-07 23:38:00	31.3777561	99.3029	100.999985	1	0	0	0	0
2024-11-07 23:38:10	30.716941623076924	103.64750296153846	100.999985	1	0	0	0	0
2024-11-07 23:38:20	31.176307251923078	99.4621851923077	100.999985	1	0	0	0	0
2024-11-07 23:38:30	31.408114728	98.9447122	100.999985	1	0	0	0	0
2024-11-07 23:38:40	30.718809936065572	103.21754906557378	100.999985	1	0	0	0	0
2024-11-07 23:38:50	31.28802035	98.8596082625	100.999985	1	0	0	0	0
2024-11-07 23:39:00	31.1584644	100.91452405	100.999985	1	0	0	0	0
2024-11-07 23:39:10	30.7284088	103.135948	100.999985	1	0	0	0	0
2024-11-07 23:39:20	31.35920308367347	98.71858530612245	100.999985	1	0	0	0	0
2024-11-07 23:39:30	30.987146734693876	102.40203479591837	100.999985	1	0	0	0	0
2024-11-07 23:39:40	30.85058284489796	102.21841879591837	100.999985	1	0	0	0	0
2024-11-07 23:39:50	31.25918002469136	99.56486222222222	100.999985	1	0	0	0	0
2024-11-07 23:40:00	31.00694306	101.93824827142858	100.999985	1	0	0	0	0
2024-11-07 23:40:10	30.776507257142857	102.58313457142856	100.999985	1	0	0	0	0
2024-11-07 23:40:20	31.423045542857142	98.75749028571428	100.999985	1	0	0	0	0
2024-11-07 23:40:30	30.856358633333333	103.05599466666666	100.999985	1	0	0	0	0
2024-11-07 23:40:40	31.077255054411765	100.32307530588236	100.999985	1	0	0	0	0
2024-11-07 23:40:50	31.34802575	99.24451288461539	100.999985	1	0	0	0	0
2024-11-07 23:41:00	30.814020918032785	103.07000463934426	100.999985	1	0	0	0	0
2024-11-07 23:41:10	31.05862112625	100.618692	100.999985	1	0	0	0	0
2024-11-07 23:41:20	31.31406021276596	99.77984953191489	100.999985	1	0	0	0	0
2024-11-07 23:41:30	30.73554294509804	103.31361292156863	100.999985	1	0	0	0	0
2024-11-07 23:41:40	31.15885638227848	99.75102240506328	100.999985	1	0	0	0	0
2024-11-07 23:41:50	31.2000916625	100.476599125	100.999985	1	0	0	0	0
2024-11-07 23:42:00	30.848525050724636	102.210149	100.999985	1	0	0	0	0
2024-11-07 23:42:10	31.257827271830983	99.21764605633803	100.999985	1	0	0	0	0
2024-11-07 23:42:20	31.172985875000002	100.81781965	100.999985	1	0	0	0	0
2024-11-07 23:42:30	30.898267740677966	101.74261040677966	100.999985	1	0	0	0	0
2024-11-07 23:42:40	31.41974425	98.7492312	100.999985	1	0	0	0	0
2024-11-07 23:42:50	30.857307627118644	103.17894354237288	100.999985	1	0	0	0	0
2024-11-07 23:43:00	31.120952499999998	100.21709447222221	100.999985	1	0	0	0	0
2024-11-07 23:43:10	31.371458475	99.34167390625	100.999985	1	0	0	0	0
2024-11-07 23:43:20	30.816307182978722	103.03382134042553	100.999985	1	0	0	0	0
2024-11-07 23:43:30	31.207231884615386	99.61542915384615	100.999985	1	0	0	0	0
2024-11-07 23:43:40	31.24750031025641	100.43901228205128	100.999985	1	0	0	0	0
2024-11-07 23:43:50	30.755584333333335	103.06469549019607	100.999985	1	0	0	0	0
2024-11-07 23:44:00	31.293979742372883	99.03881033898305	100.999985	1	0	0	0	0
2024-11-07 23:44:10	30.95380234285714	102.4516842857143	100.999985	1	0	0	0	0
2024-11-07 23:44:20	30.7490864	102.946327	100.999985	1	0	0	0	0
2024-11-07 23:44:30	31.38606421830986	99.00831197183099	100.999985	1	0	0	0	0
2024-11-07 23:44:40	30.933404450724638	102.67408362318841	100.999985	1	0	0	0	0
2024-11-07 23:44:50	31.108547106	100.30981487999999	100.999985	1	0	0	0	0
2024-11-07 23:45:00	31.3234045	99.6583252	100.999985	1	0	0	0	0
2024-11-07 23:45:10	30.758912575	103.15472249999999	100.999985	1	0	0	0	0
2024-11-07 23:45:20	31.318349440000002	98.8412453	100.999985	1	0	0	0	0
2024-11-07 23:45:30	31.1125311625	101.4858275	100.999985	1	0	0	0	0
2024-11-07 23:45:40	30.845662708333332	102.39426785	100.999985	1	0	0	0	0
2024-11-07 23:45:50	31.351796639344265	98.98865345081967	100.999985	1	0	0	0	0
2024-11-07 23:46:00	31.047614014084505	101.94148402112675	100.999985	1	0	0	0	0
2024-11-07 23:46:10	30.83777270422535	102.40692760563381	100.999985	1	0	0	0	0
2024-11-07 23:46:20	31.35410564556962	99.09389139240507	100.999985	1	0	0	0	0
2024-11-07 23:46:30	30.92750849861111	102.53099583333334	100.999985	1	0	0	0	0
2024-11-07 23:46:40	30.77115288979592	102.66417346938776	100.999985	1	0	0	0	0
2024-11-07 23:46:50	31.34692020819672	99.39066934426229	100.999985	1	0	0	0	0
2024-11-07 23:47:00	30.88120811594203	102.80168717391304	100.999985	1	0	0	0	0
2024-11-07 23:47:10	31.021042363380282	100.88408090140845	100.999985	1	0	0	0	0
2024-11-07 23:47:20	31.361735330508473	99.31814271186441	100.999985	1	0	0	0	0
2024-11-07 23:47:30	30.81623471147541	102.72073026229508	100.999985	1	0	0	0	0
2024-11-07 23:47:40	31.27365914	99.11826640000001	100.999985	1	0	0	0	0
2024-11-07 23:47:50	31.162691676923075	101.02990846153845	100.999985	1	0	0	0	0
2024-11-07 23:48:00	30.785458583333334	102.80114833333333	100.999985	1	0	0	0	0
2024-11-07 23:48:10	31.319239877049178	99.13276704918033	100.999985	1	0	0	0	0
2024-11-07 23:48:20	30.97131	102.480652	100.999985	1	0	0	0	0
2024-11-07 23:48:30	30.98311595633803	101.30292252112676	100.999985	1	0	0	0	0
2024-11-07 23:48:40	31.35715831617647	99.01137279411765	100.999985	1	0	0	0	0
2024-11-07 23:48:50	30.82900968367347	103.15750112244898	100.999985	1	0	0	0	0
2024-11-07 23:49:00	30.9228325	101.404114	100.999985	1	0	0	0	0
2024-11-07 23:49:10	31.168912849999998	100.6343195	100.999985	1	0	0	0	0
2024-11-07 23:49:20	30.779213183606558	102.97750926229507	100.999985	1	0	0	0	0
2024-11-07 23:49:30	31.097699539240505	100.43089329113924	100.999985	1	0	0	0	0
2024-11-07 23:49:40	31.12435387887324	101.07498253521126	100.999985	1	0	0	0	0
2024-11-07 23:49:50	30.6248837	103.430565	100.999985	1	0	0	0	0
2024-11-07 23:50:00	31.269796288135595	99.2180966101695	100.999985	1	0	0	0	0
2024-11-07 23:50:10	30.8443067375	102.896337125	100.999985	1	0	0	0	0
2024-11-07 23:50:20	30.92709597142857	101.50953428571428	100.999985	1	0	0	0	0
2024-11-07 23:50:30	31.34317535	99.22591	100.999985	1	0	0	0	0
2024-11-07 23:50:40	30.776440946	103.21038793999999	100.999985	1	0	0	0	0
2024-11-07 23:50:50	31.22780033	99.44594614285714	100.999985	1	0	0	0	0
2024-11-07 23:51:00	31.053298030508476	101.63924933898305	100.999985	1	0	0	0	0
2024-11-07 23:51:10	30.90425759180328	101.75526039344263	100.999985	1	0	0	0	0
2024-11-07 23:51:20	31.264815791549296	99.35250225352112	100.999985	1	0	0	0	0
2024-11-07 23:51:30	30.9522276	101.757752	100.999985	1	0	0	0	0
2024-11-07 23:51:40	31.16052	99.4923248	100.999985	1	0	0	0	0
2024-11-07 23:51:50	31.343219249999997	99.211223125	100.999985	1	0	0	0	0
2024-11-07 23:52:00	30.739191176470587	103.22005098039214	100.999985	1	0	0	0	0
2024-11-07 23:52:10	31.148887806976745	99.68004730697675	100.999985	1	0	0	0	0
2024-11-07 23:52:20	31.145911005633803	100.68784971690141	100.999985	1	0	0	0	0
2024-11-07 23:52:30	30.726958936666666	103.07316976666667	100.999985	1	0	0	0	0
2024-11-07 23:52:40	31.260653086885245	99.3182962295082	100.999985	1	0	0	0	0
2024-11-07 23:52:50	30.96458262	102.18211774000001	100.999985	1	0	0	0	0
2024-11-07 23:53:00	31.046462277464787	100.42029374647888	100.999985	1	0	0	0	0
2024-11-07 23:53:10	31.361020547540985	99.06955282131148	100.999985	1	0	0	0	0
2024-11-07 23:53:20	30.791861672	103.09808644	100.999985	1	0	0	0	0
2024-11-07 23:53:30	31.188419734177216	99.63282518987342	100.999985	1	0	0	0	0
2024-11-07 23:53:40	31.3414574	99.47609	100.999985	1	0	0	0	0
2024-11-07 23:53:50	30.748007470588234	102.99919984313725	100.999985	1	0	0	0	0
2024-11-07 23:54:00	31.272493093333335	99.12145366666667	100.999985	1	0	0	0	0
2024-11-07 23:54:10	31.170256029999997	100.677711	100.999985	1	0	0	0	0
2024-11-07 23:54:20	30.744478603225804	102.7965205	100.999985	1	0	0	0	0
2024-11-07 23:54:30	31.371583158333333	99.01591833333333	100.999985	1	0	0	0	0
2024-11-07 23:54:40	30.985544279545454	102.04692745454545	100.999985	1	0	0	0	0
2024-11-07 23:54:50	30.875065507246376	102.01317227391304	100.999985	1	0	0	0	0
2024-11-07 23:55:00	31.355319416666667	99.24167751666667	100.999985	1	0	0	0	0
2024-11-07 23:55:10	30.738466164285715	103.41216412857143	100.999985	1	0	0	0	0
2024-11-07 23:55:20	31.181705649999998	99.5755355	100.999985	1	0	0	0	0
2024-11-07 23:55:30	31.27211765	99.94346516666667	100.999985	1	0	0	0	0
2024-11-07 23:55:40	30.913596042857144	101.63913600000001	100.999985	1	0	0	0	0
2024-11-07 23:55:50	31.312052328571426	99.35845242857143	100.999985	1	0	0	0	0
2024-11-07 23:56:00	30.897636640740743	102.67086551851853	100.999985	1	0	0	0	0
2024-11-07 23:56:10	31.087108019607843	100.34325196078431	100.999985	1	0	0	0	0
2024-11-07 23:56:20	31.217696183050847	100.0867787457627	100.999985	1	0	0	0	0
2024-11-07 23:56:30	30.712797771428573	103.2387597142857	100.999985	1	0	0	0	0
2024-11-07 23:56:40	31.2311783	99.16782	100.999985	1	0	0	0	0
2024-11-07 23:56:50	31.10523444	100.712782	100.999985	1	0	0	0	0
2024-11-07 23:57:00	30.917326471014494	101.21376572463768	100.999985	1	0	0	0	0
2024-11-07 23:57:10	31.20249452	99.57270354833334	100.999985	1	0	0	0	0
2024-11-07 23:57:20	30.841590809523808	102.43731976190476	100.999985	1	0	0	0	0
2024-11-07 23:57:30	30.92727364852941	101.09841225	100.999985	1	0	0	0	0
2024-11-07 23:57:40	31.28459033483146	99.25929505617978	100.999985	1	0	0	0	0
2024-11-07 23:57:50	30.821368683544303	102.2958336329114	100.999985	1	0	0	0	0
2024-11-07 23:58:00	31.115290675409835	99.87422852459017	100.999985	1	0	0	0	0
2024-11-07 23:58:10	31.018335888235296	101.35699411764705	100.999985	1	0	0	0	0
2024-11-07 23:58:20	30.721483942	102.68808278	100.999985	1	0	0	0	0
2024-11-07 23:58:30	31.156971	99.56849	100.999985	1	0	0	0	0
2024-11-07 23:58:40	31.062210357142856	100.75546342857143	100.999985	1	0	0	0	0
2024-11-07 23:58:50	30.94015536885246	100.84682240983607	100.999985	1	0	0	0	0
2024-11-07 23:59:00	31.201205245901637	99.47622721311475	100.999985	1	0	0	0	0
2024-11-07 23:59:10	30.86553759710145	102.03166042028985	100.999985	1	0	0	0	0
2024-11-07 23:59:20	30.90798055952381	100.91040554761905	100.999985	1	0	0	0	0
2024-11-07 23:59:30	31.268116	99.12279	100.999985	1	0	0	0	0
2024-11-07 23:59:40	30.77315084285714	102.34400614285714	100.999985	1	0	0	0	0
2024-11-07 23:59:50	31.128621891549294	99.73214770422535	100.999985	1	0	0	0	0
2024-11-08 00:00:00	30.8929729	102.154022	100.999985	1	0	0	0	0
