PROCESSDATA	2111PIC86501 Data	yyyy-MM-dd HH:mm:ss
8	10	2024-10-26 21:55:00	751
tagname	2111PIC86501.MV	2111PIC86501.PV	2111PIC86501.SV	2111PIC86501.MODE	bOpOFL	bPvOFL	bSpOFL	bAutOFL
desc	燃气自D861至F401炉膛1#_OP	燃气自D861至F401炉膛1#_PV	燃气自D861至F401炉膛1#_SP	Aut	bOpOFL	bPvOFL	bSpOFL	bAutOFL
fsMax=1.8372980101055312	fsMin=0	fsGridNum=10	fdMax=1.8372980101055312tfdMin=0	fdGridNum=10	v0GridNum=10	L=24
2024-10-26 21:55:00	34.137093258	0.16433856772	0.165034816	1	0	0	0	0
2024-10-26 21:55:10	33.9992138	0.16457911726000002	0.16339386424	1	0	0	0	0
2024-10-26 21:55:20	33.998928703703704	0.16456629137037038	0.16393206096296298	1	0	0	0	0
2024-10-26 21:55:30	33.89219215769231	0.16455540073076924	0.1624939	1	0	0	0	0
2024-10-26 21:55:40	33.8945715	0.16354187936	0.162472084	1	0	0	0	0
2024-10-26 21:55:50	33.979655448	0.16294269558	0.1635039029	1	0	0	0	0
2024-10-26 21:56:00	34.01692571	0.16282539964	0.16369827908	1	0	0	0	0
2024-10-26 21:56:10	33.87941215399999	0.16365294484	0.161783352	1	0	0	0	0
2024-10-26 21:56:20	33.939066407812504	0.163677236875	0.163683186015625	1	0	0	0	0
2024-10-26 21:56:30	33.93326785714285	0.16369366642857144	0.16355525642857144	1	0	0	0	0
2024-10-26 21:56:40	33.8623919	0.16379939786	0.16258819766000002	1	0	0	0	0
2024-10-26 21:56:50	33.848566666	0.16416307034	0.16333586	1	0	0	0	0
2024-10-26 21:57:00	33.864308826	0.16331382706	0.16390977242	1	0	0	0	0
2024-10-26 21:57:10	33.822868050000004	0.16298363138	0.16219463312	1	0	0	0	0
2024-10-26 21:57:20	34.00006221746032	0.16378253066666665	0.16590753719047618	1	0	0	0	0
2024-10-26 21:57:30	33.94150740243902	0.1652246756097561	0.164834946	1	0	0	0	0
2024-10-26 21:57:40	33.914799796	0.16453567904	0.163930252	1	0	0	0	0
2024-10-26 21:57:50	34.065117082	0.16433516382	0.16602774968	1	0	0	0	0
2024-10-26 21:58:00	34.046591738000004	0.16448846602	0.16497461238	1	0	0	0	0
2024-10-26 21:58:10	33.699239494	0.16452315644	0.159119636	1	0	0	0	0
2024-10-26 21:58:20	33.88332178703704	0.16437929925925926	0.1633237487037037	1	0	0	0	0
2024-10-26 21:58:30	33.78628963617022	0.16391664042553192	0.16186574782978722	1	0	0	0	0
2024-10-26 21:58:40	33.845091492	0.16355862104	0.16346723982	1	0	0	0	0
2024-10-26 21:58:50	33.860989994	0.16376569044	0.16383338	1	0	0	0	0
2024-10-26 21:59:00	33.836657392	0.16349120642	0.163197756	1	0	0	0	0
2024-10-26 21:59:10	33.78844644	0.16316925354	0.1625480036	1	0	0	0	0
2024-10-26 21:59:20	33.76635198888889	0.16320742594444446	0.16248157353703704	1	0	0	0	0
2024-10-26 21:59:30	33.74967949787234	0.16339136797872342	0.162797868	1	0	0	0	0
2024-10-26 21:59:40	33.790724472	0.1627074907	0.163042024	1	0	0	0	0
2024-10-26 21:59:50	33.9582152	0.16323555206	0.16512414082000001	1	0	0	0	0
2024-10-26 22:00:00	34.0315272	0.16338911622	0.16563031222	1	0	0	0	0
2024-10-26 22:00:10	33.992090324	0.16397881326	0.1643959	1	0	0	0	0
2024-10-26 22:00:20	33.95553720555556	0.16437484355555557	0.16387246587037035	1	0	0	0	0
2024-10-26 22:00:30	33.79823520851063	0.1646317414468085	0.16158585853191487	1	0	0	0	0
2024-10-26 22:00:40	33.774803404	0.16382747978	0.16191250042	1	0	0	0	0
2024-10-26 22:00:50	33.791933224	0.16338243955999998	0.162589252	1	0	0	0	0
2024-10-26 22:01:00	33.996574	0.16328348992	0.165948883	1	0	0	0	0
2024-10-26 22:01:10	33.801819172	0.16405733686	0.1613958863	1	0	0	0	0
2024-10-26 22:01:20	33.910555283018866	0.16344196990566037	0.16407992613207548	1	0	0	0	0
2024-10-26 22:01:30	33.92431533333333	0.16472097558333332	0.164931163	1	0	0	0	0
2024-10-26 22:01:40	33.857079524	0.16473458153999998	0.163857222	1	0	0	0	0
2024-10-26 22:01:50	33.918676528	0.16375684784	0.1639540247	1	0	0	0	0
2024-10-26 22:02:00	34.024388775999995	0.16350523886	0.16537444028	1	0	0	0	0
2024-10-26 22:02:10	33.985754484	0.16421843394	0.1644481	1	0	0	0	0
2024-10-26 22:02:20	33.93797690925926	0.16437468274074074	0.1639755138888889	1	0	0	0	0
2024-10-26 22:02:30	33.76083308510638	0.16435169921276596	0.1608900174255319	1	0	0	0	0
2024-10-26 22:02:40	33.792649086000004	0.16237453386	0.16123088294	1	0	0	0	0
2024-10-26 22:02:50	33.82561089	0.16225724132	0.162058726	1	0	0	0	0
2024-10-26 22:03:00	33.854444168	0.16246330206	0.1630612442	1	0	0	0	0
2024-10-26 22:03:10	33.829310256	0.16302899108	0.16276164708000002	1	0	0	0	0
2024-10-26 22:03:20	33.800495851851856	0.16309070437037038	0.16268833729629628	1	0	0	0	0
2024-10-26 22:03:30	33.76659533404255	0.1625087369361702	0.161751419	1	0	0	0	0
2024-10-26 22:03:40	33.935419038	0.16263923084	0.1647274	1	0	0	0	0
2024-10-26 22:03:50	33.783348472	0.16291129434	0.16209225286	1	0	0	0	0
2024-10-26 22:04:00	33.773837914000005	0.1628269328	0.16227154298000002	1	0	0	0	0
2024-10-26 22:04:10	33.706910021999995	0.1625417529	0.1611654	1	0	0	0	0
2024-10-26 22:04:20	33.912069288888894	0.16238143355555554	0.1652510255925926	1	0	0	0	0
2024-10-26 22:04:30	33.93993859787234	0.1631862830638298	0.16487755085106384	1	0	0	0	0
2024-10-26 22:04:40	33.95166027021276	0.16373791857446807	0.1649283214255319	1	0	0	0	0
2024-10-26 22:04:50	33.947632516	0.16355491476	0.1640631	1	0	0	0	0
2024-10-26 22:05:00	33.967921632	0.16329887088	0.16383432892	1	0	0	0	0
2024-10-26 22:05:10	33.938825478	0.16324207218	0.16288584366	1	0	0	0	0
2024-10-26 22:05:20	33.81277647222222	0.16361922564814815	0.1614850461111111	1	0	0	0	0
2024-10-26 22:05:30	33.758543191489366	0.16359161727659577	0.161693558	1	0	0	0	0
2024-10-26 22:05:40	33.690160049999996	0.16239735638	0.160405889	1	0	0	0	0
2024-10-26 22:05:50	33.904037800000005	0.16212758593999999	0.16461531844	1	0	0	0	0
2024-10-26 22:06:00	33.944289292	0.1630967961	0.16490487458	1	0	0	0	0
2024-10-26 22:06:10	33.903463246	0.1635373017	0.163809448	1	0	0	0	0
2024-10-26 22:06:20	33.721642037037036	0.16374993777777777	0.16118113551851854	1	0	0	0	0
2024-10-26 22:06:30	33.69514832553192	0.16301425080851062	0.16138437668085107	1	0	0	0	0
2024-10-26 22:06:40	33.73263744680851	0.16230094865957448	0.16199534780851063	1	0	0	0	0
2024-10-26 22:06:50	33.639745559999994	0.16190808314	0.16022931	1	0	0	0	0
2024-10-26 22:07:00	33.755959256000004	0.16178960346000001	0.16286828906	1	0	0	0	0
2024-10-26 22:07:10	33.7479862	0.16219395582	0.16251304812	1	0	0	0	0
2024-10-26 22:07:20	33.6951163859375	0.162424993640625	0.161820797421875	1	0	0	0	0
2024-10-26 22:07:30	33.71161174390244	0.1621551873902439	0.162178025	1	0	0	0	0
2024-10-26 22:07:40	33.675368078	0.16179582508	0.161298484	1	0	0	0	0
2024-10-26 22:07:50	33.729007249999995	0.16151463159999999	0.1623432722	1	0	0	0	0
2024-10-26 22:08:00	33.743586568000005	0.16195634332	0.1625441735	1	0	0	0	0
2024-10-26 22:08:10	33.898194586	0.16206719068	0.16495	1	0	0	0	0
2024-10-26 22:08:20	33.6950983640625	0.162228638015625	0.16044566903125002	1	0	0	0	0
2024-10-26 22:08:30	33.76804857142857	0.16172995185714287	0.16233170042857142	1	0	0	0	0
2024-10-26 22:08:40	33.746740954	0.16185936718	0.16120307668	1	0	0	0	0
2024-10-26 22:08:50	33.941379122	0.16193694032	0.165154487	1	0	0	0	0
2024-10-26 22:09:00	33.798790828	0.16276033716	0.1622567	1	0	0	0	0
2024-10-26 22:09:10	33.83762524	0.1626311742	0.16419541932	1	0	0	0	0
2024-10-26 22:09:20	33.921161483018864	0.16291127011320755	0.16465109358490568	1	0	0	0	0
2024-10-26 22:09:30	33.8955577	0.16284965966666667	0.16348654	1	0	0	0	0
2024-10-26 22:09:40	33.877518582	0.16299082410000001	0.16309692367999998	1	0	0	0	0
2024-10-26 22:09:50	33.875336598	0.16334840022	0.1634248547	1	0	0	0	0
2024-10-26 22:10:00	33.854489064	0.16334679130000002	0.1630401386	1	0	0	0	0
2024-10-26 22:10:10	33.95707468	0.16285671346	0.164387867	1	0	0	0	0
2024-10-26 22:10:20	33.95270626603774	0.16238846850943398	0.1631417475471698	1	0	0	0	0
2024-10-26 22:10:30	33.978672707692304	0.16259918996153847	0.16345958380769232	1	0	0	0	0
2024-10-26 22:10:40	34.05313537	0.1632182955	0.16480015990000002	1	0	0	0	0
2024-10-26 22:10:50	33.911657502000004	0.16404481054	0.162674114	1	0	0	0	0
2024-10-26 22:11:00	33.9257748	0.16332131726	0.16285701938	1	0	0	0	0
2024-10-26 22:11:10	34.018286978	0.16292221328	0.16432188781999998	1	0	0	0	0
2024-10-26 22:11:20	34.00409914528302	0.16298405090566037	0.16337080966037734	1	0	0	0	0
2024-10-26 22:11:30	33.94257433333333	0.16346993533333334	0.162778988	1	0	0	0	0
2024-10-26 22:11:40	33.959895438	0.16373845736	0.16390668417999998	1	0	0	0	0
2024-10-26 22:11:50	33.996776368	0.1631748054	0.1637810905	1	0	0	0	0
2024-10-26 22:12:00	33.96439236	0.1628911697	0.16265970634000002	1	0	0	0	0
2024-10-26 22:12:10	33.731542	0.16320938756	0.159482539	1	0	0	0	0
2024-10-26 22:12:20	33.80366802075471	0.16256488505660377	0.16166938490566038	1	0	0	0	0
2024-10-26 22:12:30	33.77438196875	0.16250448466666667	0.16152470420833334	1	0	0	0	0
2024-10-26 22:12:40	33.782953500000005	0.16211865094	0.16175511612	1	0	0	0	0
2024-10-26 22:12:50	34.011070462	0.16242589012	0.165755242	1	0	0	0	0
2024-10-26 22:13:00	33.885161124	0.16360853844	0.16380700788	1	0	0	0	0
2024-10-26 22:13:10	33.815150200000005	0.16392909572	0.16274783764	1	0	0	0	0
2024-10-26 22:13:20	33.83920856603774	0.16298103207547168	0.16287404469811323	1	0	0	0	0
2024-10-26 22:13:30	33.90615872340426	0.16265665719148936	0.1635983	1	0	0	0	0
2024-10-26 22:13:40	33.898873946	0.16290580699999999	0.16293408841999998	1	0	0	0	0
2024-10-26 22:13:50	33.796967326	0.16351409872	0.16180431184	1	0	0	0	0
2024-10-26 22:14:00	33.873998652	0.16355735738	0.16405044624	1	0	0	0	0
2024-10-26 22:14:10	33.784779484	0.16331321314	0.1619727	1	0	0	0	0
2024-10-26 22:14:20	33.88147906545454	0.16301308576363638	0.16349859430909092	1	0	0	0	0
2024-10-26 22:14:30	33.84921319148936	0.16295948023404255	0.1626305644468085	1	0	0	0	0
2024-10-26 22:14:40	33.905562683999996	0.16319363813999999	0.16398857866	1	0	0	0	0
2024-10-26 22:14:50	33.846466638	0.16325409604	0.162610024	1	0	0	0	0
2024-10-26 22:15:00	33.846115578	0.16340360292	0.1630277279	1	0	0	0	0
2024-10-26 22:15:10	33.861477541999996	0.16324700618	0.16338488108	1	0	0	0	0
2024-10-26 22:15:20	33.87989379622641	0.1626598476981132	0.1629996725283019	1	0	0	0	0
2024-10-26 22:15:30	33.94831735957447	0.16245231321276596	0.163749263	1	0	0	0	0
2024-10-26 22:15:40	33.912768946	0.1629986081	0.16347923584	1	0	0	0	0
2024-10-26 22:15:50	33.941234354	0.1633014386	0.16401989818	1	0	0	0	0
2024-10-26 22:16:00	33.848535736	0.16349377841999999	0.16231021752	1	0	0	0	0
2024-10-26 22:16:10	33.86442889	0.16306688646	0.162853643	1	0	0	0	0
2024-10-26 22:16:20	33.95779881509434	0.1626808126037736	0.16365521490566037	1	0	0	0	0
2024-10-26 22:16:30	33.92762230212766	0.162884642893617	0.16282435165957446	1	0	0	0	0
2024-10-26 22:16:40	33.879529602	0.16340284136	0.16261990688	1	0	0	0	0
2024-10-26 22:16:50	33.868274528	0.16344505046	0.162886769	1	0	0	0	0
2024-10-26 22:17:00	33.915159224	0.16306160674	0.16325688908000002	1	0	0	0	0
2024-10-26 22:17:10	34.082109436	0.16301347386	0.16614744304	1	0	0	0	0
2024-10-26 22:17:20	34.080097781132075	0.16518381824528303	0.16670701743396227	1	0	0	0	0
2024-10-26 22:17:30	34.05445777234042	0.16534760697872342	0.165820569	1	0	0	0	0
2024-10-26 22:17:40	34.056982128	0.16562814666	0.16589571278	1	0	0	0	0
2024-10-26 22:17:50	33.985236142	0.16541772538	0.16422931878	1	0	0	0	0
2024-10-26 22:18:00	34.035479126000006	0.16474617536	0.16505962638	1	0	0	0	0
2024-10-26 22:18:10	34.100819344	0.16466540348	0.165727973	1	0	0	0	0
2024-10-26 22:18:20	34.042243969811324	0.16510808686792453	0.1642641570943396	1	0	0	0	0
2024-10-26 22:18:30	33.87039946666666	0.164952646	0.16157386666666665	1	0	0	0	0
2024-10-26 22:18:40	33.9741274	0.16319775683999999	0.16325161658	1	0	0	0	0
2024-10-26 22:18:50	33.942222612	0.16369077002	0.163051561	1	0	0	0	0
2024-10-26 22:19:00	33.933753728	0.16357527278	0.16306225538	1	0	0	0	0
2024-10-26 22:19:10	33.98073995	0.16386018177999997	0.16454091564	1	0	0	0	0
2024-10-26 22:19:20	34.15998522075472	0.16419267709433963	0.16729224601886794	1	0	0	0	0
2024-10-26 22:19:30	34.12503648723404	0.1652226324680851	0.166183636	1	0	0	0	0
2024-10-26 22:19:40	34.112738199999995	0.1648434941	0.16517658093999998	1	0	0	0	0
2024-10-26 22:19:50	34.134981048	0.16507440852	0.16563643686	1	0	0	0	0
2024-10-26 22:20:00	34.130891132	0.16553053686000002	0.16572535242	1	0	0	0	0
2024-10-26 22:20:10	34.013743344	0.16476594044	0.163128242	1	0	0	0	0
2024-10-26 22:20:20	34.227906256603774	0.16427884528301887	0.16636000150943397	1	0	0	0	0
2024-10-26 22:20:30	34.19224824680851	0.16496240370212764	0.16541223523404255	1	0	0	0	0
2024-10-26 22:20:40	34.2361106	0.16502522276	0.16601748048	1	0	0	0	0
2024-10-26 22:20:50	34.134023298	0.16577140808000002	0.164566562	1	0	0	0	0
2024-10-26 22:21:00	34.109131483999995	0.16589320600000002	0.16416617014	1	0	0	0	0
2024-10-26 22:21:10	34.13009496	0.16486574666	0.1645399235	1	0	0	0	0
2024-10-26 22:21:20	34.08711339245283	0.16467677981132076	0.16374375094339622	1	0	0	0	0
2024-10-26 22:21:30	34.03951348163265	0.16461651034693878	0.163440645	1	0	0	0	0
2024-10-26 22:21:40	33.973052523999996	0.16490291623999997	0.1632275688	1	0	0	0	0
2024-10-26 22:21:50	33.948845752	0.1651427287	0.16401471980000001	1	0	0	0	0
2024-10-26 22:22:00	33.918650400000004	0.16498145616	0.16388512221999998	1	0	0	0	0
2024-10-26 22:22:10	33.95459131	0.16444122362	0.164478958	1	0	0	0	0
2024-10-26 22:22:20	33.95855905471698	0.1641058453018868	0.16421749732075472	1	0	0	0	0
2024-10-26 22:22:30	33.88258026170213	0.16470850221276598	0.1633927579148936	1	0	0	0	0
2024-10-26 22:22:40	33.90718485	0.1642717967	0.164183662	1	0	0	0	0
2024-10-26 22:22:50	33.921753956	0.1636517624	0.16371	1	0	0	0	0
2024-10-26 22:23:00	33.914652368	0.16423204049999998	0.16379647366	1	0	0	0	0
2024-10-26 22:23:10	33.963893899999995	0.16465789808	0.16548978384	1	0	0	0	0
2024-10-26 22:23:20	34.06772137735849	0.16514971147169813	0.16711306433962264	1	0	0	0	0
2024-10-26 22:23:30	34.12582381702128	0.16513277863829787	0.167091951	1	0	0	0	0
2024-10-26 22:23:40	34.051186806	0.16484100056	0.16489099428	1	0	0	0	0
2024-10-26 22:23:50	33.998066200000004	0.16511521578	0.16415275262	1	0	0	0	0
2024-10-26 22:24:00	33.92353796	0.16526381802	0.1636468189	1	0	0	0	0
2024-10-26 22:24:10	33.976861746	0.16477282384	0.164784014	1	0	0	0	0
2024-10-26 22:24:20	33.92353515283019	0.1646399105283019	0.16403622362264153	1	0	0	0	0
2024-10-26 22:24:30	33.8880768	0.164664954	0.16370234	1	0	0	0	0
2024-10-26 22:24:40	33.945472624000004	0.16386787921999998	0.16433072399999998	1	0	0	0	0
2024-10-26 22:24:50	33.91317315	0.1638684499	0.163533509	1	0	0	0	0
2024-10-26 22:25:00	33.870698148	0.16384101	0.16302307	1	0	0	0	0
2024-10-26 22:25:10	33.900098062	0.16390318762	0.16335905414	1	0	0	0	0
2024-10-26 22:25:20	33.92672484528302	0.16398004530188678	0.16419336283018868	1	0	0	0	0
2024-10-26 22:25:30	33.707530000000006	0.16356220366666666	0.160153061	1	0	0	0	0
2024-10-26 22:25:40	33.964866082	0.16217045532000002	0.16493849432000002	1	0	0	0	0
2024-10-26 22:25:50	33.817720666	0.1634499422	0.16194850134000002	1	0	0	0	0
2024-10-26 22:26:00	33.794257200000004	0.1623815342	0.16141873334	1	0	0	0	0
2024-10-26 22:26:10	33.812935428	0.1624132028	0.162127	1	0	0	0	0
2024-10-26 22:26:20	33.80865174716981	0.162495675754717	0.1623535455471698	1	0	0	0	0
2024-10-26 22:26:30	33.820198029787235	0.16218393497872338	0.1622920153191489	1	0	0	0	0
2024-10-26 22:26:40	33.761875572	0.16176749456	0.1608573903	1	0	0	0	0
2024-10-26 22:26:50	33.980282724	0.16192513354	0.164964825	1	0	0	0	0
2024-10-26 22:27:00	34.006719000000004	0.16289458544	0.16439877706	1	0	0	0	0
2024-10-26 22:27:10	33.9353731	0.163766995	0.16340137752	1	0	0	0	0
2024-10-26 22:27:20	33.971922603773585	0.1637444456226415	0.16418761071698112	1	0	0	0	0
2024-10-26 22:27:30	33.95849909361702	0.163315402893617	0.163275927	1	0	0	0	0
2024-10-26 22:27:40	34.03469001	0.16412800872	0.16405886479999998	1	0	0	0	0
2024-10-26 22:27:50	34.00560397	0.16388852308	0.1636014058	1	0	0	0	0
2024-10-26 22:28:00	34.066219718	0.16385084958	0.16464514054	1	0	0	0	0
2024-10-26 22:28:10	33.981445212	0.1640198649	0.163024232	1	0	0	0	0
2024-10-26 22:28:20	34.0333765264151	0.16361264050943397	0.16382256226415093	1	0	0	0	0
2024-10-26 22:28:30	34.19161703461538	0.16339458757692307	0.16635221923076923	1	0	0	0	0
2024-10-26 22:28:40	34.240767571999996	0.16502218802	0.16705420731999998	1	0	0	0	0
2024-10-26 22:28:50	34.225449148	0.1657108507	0.166589692	1	0	0	0	0
2024-10-26 22:29:00	34.045567292	0.16553090278	0.16284280588	1	0	0	0	0
2024-10-26 22:29:10	34.0267341	0.16412305314	0.1625382114	1	0	0	0	0
2024-10-26 22:29:20	34.101274009433965	0.16363381288679246	0.16393401673584906	1	0	0	0	0
2024-10-26 22:29:30	34.09040436666667	0.164239218	0.164103091	1	0	0	0	0
2024-10-26 22:29:40	34.095086196000004	0.1645123915	0.16495695644	1	0	0	0	0
2024-10-26 22:29:50	34.08781505	0.16408929234	0.16400557202000002	1	0	0	0	0
2024-10-26 22:30:00	34.2685802	0.16413334136	0.1670615229	1	0	0	0	0
2024-10-26 22:30:10	34.167940812	0.16593171144	0.1656251	1	0	0	0	0
2024-10-26 22:30:20	34.18352853018868	0.16592584466037735	0.16577776928301885	1	0	0	0	0
2024-10-26 22:30:30	34.215253051063826	0.1654924760851064	0.16601327638297872	1	0	0	0	0
2024-10-26 22:30:40	34.251568924000004	0.16519098765999998	0.16598451102	1	0	0	0	0
2024-10-26 22:30:50	34.100883732	0.16555352862	0.16357258	1	0	0	0	0
2024-10-26 22:31:00	34.076202232	0.16506600372000002	0.16409712176	1	0	0	0	0
2024-10-26 22:31:10	34.25026878	0.16475253508	0.16739015186	1	0	0	0	0
2024-10-26 22:31:20	34.10073110754717	0.1650011395471698	0.16388793294339624	1	0	0	0	0
2024-10-26 22:31:30	34.08783561923077	0.16395455288461538	0.1635079	1	0	0	0	0
2024-10-26 22:31:40	34.07056728	0.164377958	0.16345784168	1	0	0	0	0
2024-10-26 22:31:50	34.115120654	0.1646741858	0.16525615200000002	1	0	0	0	0
2024-10-26 22:32:00	34.3012243	0.16512892378	0.16823564106000002	1	0	0	0	0
2024-10-26 22:32:10	34.210730848	0.1663824962	0.166491657	1	0	0	0	0
2024-10-26 22:32:20	34.02286172830188	0.16611853767924528	0.16256652603773586	1	0	0	0	0
2024-10-26 22:32:30	34.05965929574468	0.16458635429787233	0.1635855095319149	1	0	0	0	0
2024-10-26 22:32:40	34.048552826	0.16449343522	0.16360145610000001	1	0	0	0	0
2024-10-26 22:32:50	34.1094024	0.16432584612	0.164934441	1	0	0	0	0
2024-10-26 22:33:00	34.083262600000005	0.16411693872000002	0.16418634058	1	0	0	0	0
2024-10-26 22:33:10	34.115938228	0.16408673192	0.16469665514	1	0	0	0	0
2024-10-26 22:33:20	34.105665046296295	0.16416418255555554	0.16429691437037036	1	0	0	0	0
2024-10-26 22:33:30	34.05300611153846	0.16428057123076925	0.163536727	1	0	0	0	0
2024-10-26 22:33:40	34.062797726	0.16473464788	0.16430266864	1	0	0	0	0
2024-10-26 22:33:50	34.0242766	0.16473991926	0.16389931248	1	0	0	0	0
2024-10-26 22:34:00	34.046749138	0.16413807574	0.16408503464	1	0	0	0	0
2024-10-26 22:34:10	34.124110654	0.16380637896	0.164959967	1	0	0	0	0
2024-10-26 22:34:20	34.12653959245283	0.16438717033962263	0.16534804181132073	1	0	0	0	0
2024-10-26 22:34:30	34.089024708510635	0.16468562023404254	0.16444424978723404	1	0	0	0	0
2024-10-26 22:34:40	34.035542942	0.16427086138	0.1633479766	1	0	0	0	0
2024-10-26 22:34:50	34.078517898	0.16382117826	0.1640615	1	0	0	0	0
2024-10-26 22:35:00	34.119643768	0.16373374214	0.16448624614	1	0	0	0	0
2024-10-26 22:35:10	34.106136400000004	0.164134602	0.16427322506	1	0	0	0	0
2024-10-26 22:35:20	34.106980003773586	0.16404470958490566	0.1641765308490566	1	0	0	0	0
2024-10-26 22:35:30	34.16280431489362	0.16364810085106382	0.1646234	1	0	0	0	0
2024-10-26 22:35:40	34.308431066000004	0.16360533116	0.1675513975	1	0	0	0	0
2024-10-26 22:35:50	34.066092618	0.16608493642	0.16347226912	1	0	0	0	0
2024-10-26 22:36:00	34.163633494	0.16452837480000002	0.16499897094000002	1	0	0	0	0
2024-10-26 22:36:10	34.368397714000004	0.16545731144	0.168732882	1	0	0	0	0
2024-10-26 22:36:20	34.250805788679244	0.16619140232075472	0.16627994086792452	1	0	0	0	0
2024-10-26 22:36:30	34.23776243333334	0.166187694	0.16599440066666668	1	0	0	0	0
2024-10-26 22:36:40	34.273394844	0.1662208014	0.16675819508	1	0	0	0	0
2024-10-26 22:36:50	34.463063704	0.16663800144	0.169782549	1	0	0	0	0
2024-10-26 22:37:00	34.243616396	0.16621602282	0.16532133798	1	0	0	0	0
2024-10-26 22:37:10	34.282580084	0.16563116352	0.16572541782	1	0	0	0	0
2024-10-26 22:37:20	34.287542150943395	0.1660204224716981	0.16615257549056603	1	0	0	0	0
2024-10-26 22:37:30	34.31318787234043	0.16630190882978724	0.166713372	1	0	0	0	0
2024-10-26 22:37:40	34.302793058	0.1669078129	0.1666075884	1	0	0	0	0
2024-10-26 22:37:50	34.27071959	0.16744538932	0.16687846936	1	0	0	0	0
2024-10-26 22:38:00	34.276452902	0.16730200892	0.16711250058	1	0	0	0	0
2024-10-26 22:38:10	34.302628528	0.16663662522	0.166960508	1	0	0	0	0
2024-10-26 22:38:20	34.24143764905661	0.16656878771698114	0.1655048360754717	1	0	0	0	0
2024-10-26 22:38:30	34.20177193333333	0.16689290066666665	0.165807776	1	0	0	0	0
2024-10-26 22:38:40	34.227194388	0.16641535200000002	0.16617601663999998	1	0	0	0	0
2024-10-26 22:38:50	34.255755924	0.16613119344	0.166450292	1	0	0	0	0
2024-10-26 22:39:00	34.247973955999996	0.16571386728	0.16717054764	1	0	0	0	0
2024-10-26 22:39:10	34.341919258	0.16643615742	0.16853615978	1	0	0	0	0
2024-10-26 22:39:20	34.293739433962266	0.16684770996226414	0.1671976200943396	1	0	0	0	0
2024-10-26 22:39:30	34.230948133333335	0.166886451	0.16617322	1	0	0	0	0
2024-10-26 22:39:40	34.27744832	0.1667394257	0.1679301373	1	0	0	0	0
2024-10-26 22:39:50	34.127508974	0.1664712179	0.16402383707999998	1	0	0	0	0
2024-10-26 22:40:00	33.974652468	0.16583977986	0.16235612	1	0	0	0	0
2024-10-26 22:40:10	34.0842528	0.16575468378	0.165680617	1	0	0	0	0
2024-10-26 22:40:20	34.15448588679245	0.16535799111320754	0.16654232845283018	1	0	0	0	0
2024-10-26 22:40:30	34.0978228	0.16523156	0.16467769066666665	1	0	0	0	0
2024-10-26 22:40:40	34.064115199999996	0.1652551855	0.16465618222	1	0	0	0	0
2024-10-26 22:40:50	34.066913298	0.16509632542	0.164763	1	0	0	0	0
2024-10-26 22:41:00	34.265072746	0.1650083813	0.16875310996	1	0	0	0	0
2024-10-26 22:41:10	34.03069357	0.16674075344	0.16405827482	1	0	0	0	0
2024-10-26 22:41:20	34.02787096226415	0.16485504590566039	0.16375987835849057	1	0	0	0	0
2024-10-26 22:41:30	34.19978413333333	0.16487651066666667	0.166768432	1	0	0	0	0
2024-10-26 22:41:40	34.05909372	0.16543429732	0.16427907424	1	0	0	0	0
2024-10-26 22:41:50	34.0382926	0.16525992288	0.16438657146	1	0	0	0	0
2024-10-26 22:42:00	34.182124978	0.1650670064	0.16696962696	1	0	0	0	0
2024-10-26 22:42:10	34.335651817999995	0.16640561806	0.169509709	1	0	0	0	0
2024-10-26 22:42:20	34.20234097735849	0.1669453266981132	0.16658022820754717	1	0	0	0	0
2024-10-26 22:42:30	34.215756666666664	0.16655227066666667	0.16661804433333335	1	0	0	0	0
2024-10-26 22:42:40	34.275668152	0.16609404402	0.1670563304	1	0	0	0	0
2024-10-26 22:42:50	34.342762883999995	0.16594214314	0.167490959	1	0	0	0	0
2024-10-26 22:43:00	34.3833902	0.16612618756	0.16787491154	1	0	0	0	0
2024-10-26 22:43:10	34.522714454	0.16634243299999998	0.1696127338	1	0	0	0	0
2024-10-26 22:43:20	34.40018468679245	0.1674514572264151	0.1671480047735849	1	0	0	0	0
2024-10-26 22:43:30	34.36655793333333	0.16721660900000002	0.166782632	1	0	0	0	0
2024-10-26 22:43:40	34.424494804	0.16713128556	0.16751522912	1	0	0	0	0
2024-10-26 22:43:50	34.4276172	0.16706289518	0.16733742414	1	0	0	0	0
2024-10-26 22:44:00	34.380573999999996	0.16704548478	0.1664130891	1	0	0	0	0
2024-10-26 22:44:10	34.42178183	0.16690086242	0.167309552	1	0	0	0	0
2024-10-26 22:44:20	34.48264943018868	0.16691891975471698	0.16800971064150944	1	0	0	0	0
2024-10-26 22:44:30	34.52739666666667	0.16717033566666667	0.16850305133333335	1	0	0	0	0
2024-10-26 22:44:40	34.445017902	0.16742444786	0.16671958222	1	0	0	0	0
2024-10-26 22:44:50	34.501778736000006	0.16731170232	0.168013692	1	0	0	0	0
2024-10-26 22:45:00	34.512636486	0.16725033226	0.1677149758	1	0	0	0	0
2024-10-26 22:45:10	34.48664129	0.16711088052	0.16684821482	1	0	0	0	0
2024-10-26 22:45:20	34.500447116981135	0.16699158296226416	0.16711390377358493	1	0	0	0	0
2024-10-26 22:45:30	34.57254666666667	0.16684664333333332	0.168028653	1	0	0	0	0
2024-10-26 22:45:40	34.530624066	0.16813943386000002	0.16765275604000002	1	0	0	0	0
2024-10-26 22:45:50	34.48701575	0.16808985048	0.1672295292	1	0	0	0	0
2024-10-26 22:46:00	34.59088211	0.16726669553999998	0.16849634026	1	0	0	0	0
2024-10-26 22:46:10	34.5887784	0.16755776966	0.168008	1	0	0	0	0
2024-10-26 22:46:20	34.56558325660377	0.16796106713207545	0.16763304881132077	1	0	0	0	0
2024-10-26 22:46:30	34.58070988461539	0.16771113942307692	0.1678829643846154	1	0	0	0	0
2024-10-26 22:46:40	34.662636224	0.1672346971	0.16858778226	1	0	0	0	0
2024-10-26 22:46:50	34.622563272	0.16758422852000002	0.167557046	1	0	0	0	0
2024-10-26 22:47:00	34.641402442	0.16805680348	0.16827912922	1	0	0	0	0
2024-10-26 22:47:10	34.612180088	0.16804457666	0.16764138358	1	0	0	0	0
2024-10-26 22:47:20	34.61437273962264	0.16758486058490565	0.1674456796226415	1	0	0	0	0
2024-10-26 22:47:30	34.6865629	0.1673653026666667	0.168431357	1	0	0	0	0
2024-10-26 22:47:40	34.63928379	0.16780405152	0.167710525	1	0	0	0	0
2024-10-26 22:47:50	34.7233292	0.16834735114000002	0.16992098692000002	1	0	0	0	0
2024-10-26 22:48:00	34.625911532	0.16928348134	0.16828988088	1	0	0	0	0
2024-10-26 22:48:10	34.60130023	0.16880955288	0.168095738	1	0	0	0	0
2024-10-26 22:48:20	34.63605235471698	0.16876613849056604	0.16913027033962263	1	0	0	0	0
2024-10-26 22:48:30	34.554702340425536	0.16917718199999998	0.16785045685106384	1	0	0	0	0
2024-10-26 22:48:40	34.5234292	0.1683972226	0.16737608714000002	1	0	0	0	0
2024-10-26 22:48:50	34.411636424	0.16773097139999998	0.165378064	1	0	0	0	0
2024-10-26 22:49:00	34.411107560000005	0.16712181666	0.16624574534	1	0	0	0	0
2024-10-26 22:49:10	34.3912426	0.16651379244	0.16556795124	1	0	0	0	0
2024-10-26 22:49:20	34.39888698113207	0.16645292881132076	0.16615391211320754	1	0	0	0	0
2024-10-26 22:49:30	34.465843166666666	0.16682862233333332	0.1675924	1	0	0	0	0
2024-10-26 22:49:40	34.359799994	0.1674093626	0.16651402548	1	0	0	0	0
2024-10-26 22:49:50	34.297379387999996	0.16774400056	0.16619270758	1	0	0	0	0
2024-10-26 22:50:00	34.282036632	0.16701823082	0.16602449912	1	0	0	0	0
2024-10-26 22:50:10	34.348786834	0.16619194912000002	0.1667598	1	0	0	0	0
2024-10-26 22:50:20	34.29008764716981	0.16604510811320755	0.1655870753962264	1	0	0	0	0
2024-10-26 22:50:30	34.311976666666666	0.166487227	0.16670013	1	0	0	0	0
2024-10-26 22:50:40	34.350185599999996	0.1665624409	0.16722257937999999	1	0	0	0	0
2024-10-26 22:50:50	34.321390694	0.16635503533999998	0.16624	1	0	0	0	0
2024-10-26 22:51:00	34.324103452	0.16630829883999998	0.16628159072	1	0	0	0	0
2024-10-26 22:51:10	34.371264456	0.16642273434000002	0.16730472168	1	0	0	0	0
2024-10-26 22:51:20	34.35327468301887	0.1664049041509434	0.16652493994339623	1	0	0	0	0
2024-10-26 22:51:30	34.33379826666667	0.166453168	0.16629684	1	0	0	0	0
2024-10-26 22:51:40	34.337161	0.16661517936	0.1665864803	1	0	0	0	0
2024-10-26 22:51:50	34.30645586	0.16670684566	0.16615587456	1	0	0	0	0
2024-10-26 22:52:00	34.325969900000004	0.16665661462	0.16672347834	1	0	0	0	0
2024-10-26 22:52:10	34.222080225999996	0.16632224618	0.16472806	1	0	0	0	0
2024-10-26 22:52:20	34.318466973584904	0.1662130737735849	0.16610243273584907	1	0	0	0	0
2024-10-26 22:52:30	34.32281523333334	0.16682018833333334	0.16707042366666666	1	0	0	0	0
2024-10-26 22:52:40	34.330726914	0.16662086782000002	0.16669177734	1	0	0	0	0
2024-10-26 22:52:50	34.305087723999996	0.16692468234	0.166622549	1	0	0	0	0
2024-10-26 22:53:00	34.266213484	0.16716448612	0.1663819861	1	0	0	0	0
2024-10-26 22:53:10	34.28150668	0.16680091394	0.16669948235999998	1	0	0	0	0
2024-10-26 22:53:20	34.29020919056604	0.16640493773584905	0.1664688926037736	1	0	0	0	0
2024-10-26 22:53:30	34.23280333061224	0.16614695648979594	0.165296867	1	0	0	0	0
2024-10-26 22:53:40	34.3196162	0.16604922996	0.16650695022	1	0	0	0	0
2024-10-26 22:53:50	34.298320976	0.16670695094000001	0.16662529376000002	1	0	0	0	0
2024-10-26 22:54:00	34.255078286	0.16720889654	0.16647631594	1	0	0	0	0
2024-10-26 22:54:10	34.210641558	0.16681859518	0.165779278	1	0	0	0	0
2024-10-26 22:54:20	34.485482286792454	0.1670277451509434	0.17011769467924528	1	0	0	0	0
2024-10-26 22:54:30	34.35914833333333	0.168029378	0.16734805666666666	1	0	0	0	0
2024-10-26 22:54:40	34.254974076	0.16697541278	0.16516942546000002	1	0	0	0	0
2024-10-26 22:54:50	34.38483093	0.16681554158	0.167983353	1	0	0	0	0
2024-10-26 22:55:00	34.2930841	0.166954004	0.16490514264	1	0	0	0	0
2024-10-26 22:55:10	34.480975638000004	0.16601591504	0.16880612154	1	0	0	0	0
2024-10-26 22:55:20	34.34582263018868	0.16727006986792453	0.16641107569811323	1	0	0	0	0
2024-10-26 22:55:30	34.34736432978723	0.16653620378723405	0.166446015	1	0	0	0	0
2024-10-26 22:55:40	34.320266844	0.16694706872	0.16607719724	1	0	0	0	0
2024-10-26 22:55:50	34.468145704	0.16699903796	0.16945191794	1	0	0	0	0
2024-10-26 22:56:00	34.534407582	0.16753387202	0.16961228734	1	0	0	0	0
2024-10-26 22:56:10	34.524144039999996	0.16790809926	0.168926448	1	0	0	0	0
2024-10-26 22:56:20	34.31391614150944	0.16739224222641508	0.16527622941509434	1	0	0	0	0
2024-10-26 22:56:30	34.33247883333333	0.16711927933333331	0.16632885766666666	1	0	0	0	0
2024-10-26 22:56:40	34.32216338	0.16705469041999998	0.16644645426	1	0	0	0	0
2024-10-26 22:56:50	34.30702228	0.16667815552	0.166147068	1	0	0	0	0
2024-10-26 22:57:00	34.340013	0.16650178714	0.1669435876	1	0	0	0	0
2024-10-26 22:57:10	34.296392908	0.16663986572	0.16598646184	1	0	0	0	0
2024-10-26 22:57:20	34.12110227169811	0.16613631418867925	0.1632487401509434	1	0	0	0	0
2024-10-26 22:57:30	34.221522	0.165502121	0.165633291	1	0	0	0	0
2024-10-26 22:57:40	34.137150554	0.16574649954	0.16460833976	1	0	0	0	0
2024-10-26 22:57:50	34.086522342	0.16518589896	0.16365704786000002	1	0	0	0	0
2024-10-26 22:58:00	34.058713664	0.1650180939	0.1638571342	1	0	0	0	0
2024-10-26 22:58:10	34.10783976	0.16475094456	0.164865643	1	0	0	0	0
2024-10-26 22:58:20	34.259748760377356	0.1647032675283019	0.1675298663018868	1	0	0	0	0
2024-10-26 22:58:30	34.174166400000004	0.165446341	0.165101046	1	0	0	0	0
2024-10-26 22:58:40	34.055472546	0.16501939644	0.16331551366	1	0	0	0	0
2024-10-26 22:58:50	34.30430653	0.16457126034	0.167611286	1	0	0	0	0
2024-10-26 22:59:00	34.289296404	0.16580281636	0.16682383278000001	1	0	0	0	0
2024-10-26 22:59:10	34.24262795	0.16618895184	0.16592392262	1	0	0	0	0
2024-10-26 22:59:20	34.30671379622641	0.16582589956603774	0.16676095071698113	1	0	0	0	0
2024-10-26 22:59:30	34.36272886666667	0.1655129743333333	0.16683197	1	0	0	0	0
2024-10-26 22:59:40	34.327561689999996	0.16551260182	0.16555933722	1	0	0	0	0
2024-10-26 22:59:50	34.355768000000005	0.16599424982	0.16660685824000002	1	0	0	0	0
2024-10-26 23:00:00	34.364134438	0.16650738873999998	0.16690838725999999	1	0	0	0	0
2024-10-26 23:00:10	34.368448032	0.16615310672	0.16648677	1	0	0	0	0
2024-10-26 23:00:20	34.37106283018868	0.16579658316981133	0.1662794908679245	1	0	0	0	0
2024-10-26 23:00:30	34.27035393333333	0.1659697	0.16429557333333333	1	0	0	0	0
2024-10-26 23:00:40	34.1619568	0.16602689944000001	0.16366207359999999	1	0	0	0	0
2024-10-26 23:00:50	34.104952600000004	0.16597587058000002	0.163801983	1	0	0	0	0
2024-10-26 23:01:00	34.105001218	0.1654791853	0.16430963571999999	1	0	0	0	0
2024-10-26 23:01:10	34.114736526	0.16503520698000002	0.1646232456	1	0	0	0	0
2024-10-26 23:01:20	34.26341358679245	0.16472413143396228	0.16679174543396227	1	0	0	0	0
2024-10-26 23:01:30	34.27017222340426	0.16544631344680852	0.166482508	1	0	0	0	0
2024-10-26 23:01:40	34.239432388	0.16573836194	0.16599270082	1	0	0	0	0
2024-10-26 23:01:50	34.299787898	0.1652243932	0.16636765372	1	0	0	0	0
2024-10-26 23:02:00	34.257845494	0.16523790516	0.1650628693	1	0	0	0	0
2024-10-26 23:02:10	34.166133332	0.16555383728	0.164099827	1	0	0	0	0
2024-10-26 23:02:20	34.242724150943396	0.16551768011320755	0.16685829	1	0	0	0	0
2024-10-26 23:02:30	34.370238988461544	0.16550977526923077	0.16824430565384615	1	0	0	0	0
2024-10-26 23:02:40	34.361701584	0.16552934014	0.16676749474	1	0	0	0	0
2024-10-26 23:02:50	34.325420124	0.16551813114	0.165670067	1	0	0	0	0
2024-10-26 23:03:00	34.35793525	0.1658786656	0.16649280090000002	1	0	0	0	0
2024-10-26 23:03:10	34.208809172	0.16613986312	0.16371855912	1	0	0	0	0
2024-10-26 23:03:20	34.0762748	0.16489658301886792	0.16190507671698112	1	0	0	0	0
2024-10-26 23:03:30	34.2877477	0.16465471866666667	0.166303068	1	0	0	0	0
2024-10-26 23:03:40	34.2568912	0.16620484266	0.16532952044	1	0	0	0	0
2024-10-26 23:03:50	34.227654550000004	0.16590179714	0.16529378194	1	0	0	0	0
2024-10-26 23:04:00	34.347983838	0.16617733684	0.16768179553999998	1	0	0	0	0
2024-10-26 23:04:10	34.226005656	0.16652947668	0.165304214	1	0	0	0	0
2024-10-26 23:04:20	34.306935683018864	0.16601316309433964	0.16655767888679246	1	0	0	0	0
2024-10-26 23:04:30	34.300763333333336	0.165856679	0.16597505433333334	1	0	0	0	0
2024-10-26 23:04:40	34.240213	0.166276118	0.1654250455	1	0	0	0	0
2024-10-26 23:04:50	34.23977517	0.16642682	0.166011825	1	0	0	0	0
2024-10-26 23:05:00	34.205864829999996	0.16635021052	0.16548571305999998	1	0	0	0	0
2024-10-26 23:05:10	34.284869048	0.16580686104	0.16682798276	1	0	0	0	0
2024-10-26 23:05:20	34.273664701886794	0.1656837293018868	0.16594664718867924	1	0	0	0	0
2024-10-26 23:05:30	34.28528086666667	0.165953646	0.166374609	1	0	0	0	0
2024-10-26 23:05:40	34.258236074	0.1660947939	0.16590776212000002	1	0	0	0	0
2024-10-26 23:05:50	34.263537916	0.16611920994	0.16611809018	1	0	0	0	0
2024-10-26 23:06:00	34.09030581	0.1658179979	0.16300491086	1	0	0	0	0
2024-10-26 23:06:10	34.110092691999995	0.1642041172	0.163244426	1	0	0	0	0
2024-10-26 23:06:20	34.12019123396227	0.16398260324528302	0.1635747757735849	1	0	0	0	0
2024-10-26 23:06:30	34.1967354	0.164012467	0.16523309733333333	1	0	0	0	0
2024-10-26 23:06:40	34.151319	0.16461364238	0.164325418	1	0	0	0	0
2024-10-26 23:06:50	34.075294746	0.16521471006	0.163959846	1	0	0	0	0
2024-10-26 23:07:00	33.916896286	0.16552303764	0.16229870684	1	0	0	0	0
2024-10-26 23:07:10	34.056503308	0.16376691666	0.16470858006	1	0	0	0	0
2024-10-26 23:07:20	34.025833349056605	0.16426903509433963	0.16414378664150944	1	0	0	0	0
2024-10-26 23:07:30	33.973282133333335	0.16458425899999998	0.163780525	1	0	0	0	0
2024-10-26 23:07:40	33.882976199999995	0.16504647932	0.16286481598	1	0	0	0	0
2024-10-26 23:07:50	34.014835202	0.16326719448000002	0.16457901356	1	0	0	0	0
2024-10-26 23:08:00	34.010628342	0.16399946492	0.16449609188	1	0	0	0	0
2024-10-26 23:08:10	33.94020268	0.16425933012	0.163466156	1	0	0	0	0
2024-10-26 23:08:20	33.90740620754717	0.16444214158490567	0.16359752294339622	1	0	0	0	0
2024-10-26 23:08:30	33.86975473333333	0.164274175	0.16316950800000002	1	0	0	0	0
2024-10-26 23:08:40	33.895134786	0.16326081396	0.16317533356	1	0	0	0	0
2024-10-26 23:08:50	33.9394516	0.1629119355	0.163521677	1	0	0	0	0
2024-10-26 23:09:00	33.906841098	0.16345381318	0.16299294906	1	0	0	0	0
2024-10-26 23:09:10	33.896885186000006	0.16343019988	0.16314634115999999	1	0	0	0	0
2024-10-26 23:09:20	33.9695158264151	0.162955314754717	0.1639426135283019	1	0	0	0	0
2024-10-26 23:09:30	34.029518784	0.1627785113	0.164211869	1	0	0	0	0
2024-10-26 23:09:40	33.957636404	0.16321008114	0.16320672551999998	1	0	0	0	0
2024-10-26 23:09:50	33.994502178	0.16357724308	0.16427060100000002	1	0	0	0	0
2024-10-26 23:10:00	33.973457026	0.16368369636	0.16364051174	1	0	0	0	0
2024-10-26 23:10:10	34.129855718	0.1635676628	0.166089743	1	0	0	0	0
2024-10-26 23:10:20	34.129855718	0.1635676628	0.166089743	1	0	0	0	0
2024-10-26 23:10:30	34.18731053333333	0.164637372	0.165846939	1	0	0	0	0
2024-10-26 23:10:40	34.199806036	0.16451785962	0.16543818142	1	0	0	0	0
2024-10-26 23:10:50	34.175128856	0.16486308268	0.164904729	1	0	0	0	0
2024-10-26 23:11:00	34.194587634	0.16518965816	0.16567943599999999	1	0	0	0	0
2024-10-26 23:11:10	34.189832316	0.16496708454	0.16501519598	1	0	0	0	0
2024-10-26 23:11:20	34.21338822641509	0.16474789692452832	0.16518526507547168	1	0	0	0	0
2024-10-26 23:11:30	34.21338822641509	0.16474789692452832	0.16518526507547168	1	0	0	0	0
2024-10-26 23:11:40	34.258755363999995	0.16539074067999998	0.16619720224	1	0	0	0	0
2024-10-26 23:11:50	34.178576799999995	0.16626276078000002	0.16525636634	1	0	0	0	0
2024-10-26 23:12:00	33.9704419	0.16490166186	0.16118191654	1	0	0	0	0
2024-10-26 23:12:10	34.08170777	0.16382191652	0.163717091	1	0	0	0	0
2024-10-26 23:12:20	34.08170777	0.16382191652	0.163717091	1	0	0	0	0
2024-10-26 23:12:30	33.887476911538464	0.1647936443076923	0.1623640858076923	1	0	0	0	0
2024-10-26 23:12:40	33.916838602	0.16390598594	0.16316391862000001	1	0	0	0	0
2024-10-26 23:12:50	34.132627098	0.16367955554	0.166606814	1	0	0	0	0
2024-10-26 23:13:00	34.166330836	0.16403615218	0.16591889166	1	0	0	0	0
2024-10-26 23:13:10	34.166330836	0.16403615218	0.16591889166	1	0	0	0	0
2024-10-26 23:13:20	34.144918498	0.16428989648	0.1647991446	1	0	0	0	0
2024-10-26 23:13:30	33.93161597735849	0.16441732639622642	0.16140266867924527	1	0	0	0	0
2024-10-26 23:13:40	34.02383	0.16346130766666667	0.1635418	1	0	0	0	0
2024-10-26 23:13:50	33.98042409	0.16406539938	0.16271215744	1	0	0	0	0
2024-10-26 23:14:00	33.9125216	0.16376505192	0.16206094026	1	0	0	0	0
2024-10-26 23:14:10	33.930100839999994	0.16374559586	0.16313653052	1	0	0	0	0
2024-10-26 23:14:20	33.951175126	0.16393905252	0.163880825	1	0	0	0	0
2024-10-26 23:14:30	33.95549203773585	0.16380542718867924	0.16450118641509434	1	0	0	0	0
2024-10-26 23:14:40	34.09405942307693	0.16355693461538462	0.16617595007692307	1	0	0	0	0
2024-10-26 23:14:50	34.103712924	0.16470779942	0.16611734	1	0	0	0	0
2024-10-26 23:15:00	34.033406928	0.16511207685999998	0.1647932	1	0	0	0	0
2024-10-26 23:15:10	34.032986355999995	0.1649528624	0.16495167024	1	0	0	0	0
2024-10-26 23:15:20	34.0374694	0.16481811125999998	0.1648250314	1	0	0	0	0
2024-10-26 23:15:30	34.028163207547166	0.1649824613773585	0.1648686365283019	1	0	0	0	0
2024-10-26 23:15:40	34.00971476666667	0.16516146533333334	0.164791912	1	0	0	0	0
2024-10-26 23:15:50	34.036170798	0.16510269208	0.16558647488	1	0	0	0	0
2024-10-26 23:16:00	34.03169162	0.16501001384000002	0.16506686604	1	0	0	0	0
2024-10-26 23:16:10	34.069156866	0.16493438186	0.16560459848	1	0	0	0	0
2024-10-26 23:16:20	33.94066568	0.16553271046	0.163757548	1	0	0	0	0
2024-10-26 23:16:30	33.98205001509434	0.16541789188679246	0.16493767220754718	1	0	0	0	0
2024-10-26 23:16:40	33.993269633333334	0.16499488566666665	0.16494749966666666	1	0	0	0	0
2024-10-26 23:16:50	34.031691326	0.1647004956	0.16526463412	1	0	0	0	0
2024-10-26 23:17:00	33.941620446	0.16510974364	0.163919732	1	0	0	0	0
2024-10-26 23:17:10	33.960492566	0.16535970114	0.16447909274	1	0	0	0	0
2024-10-26 23:17:20	33.964235972	0.1649333931	0.16467585267999998	1	0	0	0	0
2024-10-26 23:17:30	33.830950535849055	0.164125508754717	0.16196619879245283	1	0	0	0	0
2024-10-26 23:17:40	33.8546058	0.16303863133333335	0.162437052	1	0	0	0	0
2024-10-26 23:17:50	34.013188478000004	0.1647791847	0.16613918844	1	0	0	0	0
2024-10-26 23:18:00	33.962947746	0.16542288800000002	0.16534801936	1	0	0	0	0
2024-10-26 23:18:10	33.943655194	0.16514438369999998	0.16481458293999998	1	0	0	0	0
2024-10-26 23:18:20	33.929525706	0.16482743208	0.1644644	1	0	0	0	0
2024-10-26 23:18:30	33.9681020754717	0.16465039635849057	0.16488078649056603	1	0	0	0	0
2024-10-26 23:18:40	34.05610333333333	0.16455969199999998	0.16628318533333333	1	0	0	0	0
2024-10-26 23:18:50	34.16514035	0.16513574404	0.16764485632	1	0	0	0	0
2024-10-26 23:19:00	34.187916812	0.16642502306	0.167983338	1	0	0	0	0
2024-10-26 23:19:10	34.136461212	0.16594201475999998	0.16682925070000001	1	0	0	0	0
2024-10-26 23:19:20	34.251352544	0.16551236976	0.16776064646000002	1	0	0	0	0
2024-10-26 23:19:30	34.212980445283016	0.16671743886792453	0.16716404341509433	1	0	0	0	0
2024-10-26 23:19:40	34.16872403333333	0.16721692166666666	0.166851819	1	0	0	0	0
2024-10-26 23:19:50	34.009657024	0.16548961564	0.16389630468	1	0	0	0	0
2024-10-26 23:20:00	34.025282438	0.16522931572	0.16452036032	1	0	0	0	0
2024-10-26 23:20:10	34.098111874000004	0.1646539816	0.16551885866	1	0	0	0	0
2024-10-26 23:20:20	34.108613399999996	0.16449514812000002	0.165002659	1	0	0	0	0
2024-10-26 23:20:30	34.11329671132076	0.16482713473584906	0.1651514173018868	1	0	0	0	0
2024-10-26 23:20:40	34.07626076923077	0.1650887363076923	0.1646069037692308	1	0	0	0	0
2024-10-26 23:20:50	34.065229351999996	0.1650184293	0.16466470664	1	0	0	0	0
2024-10-26 23:21:00	34.126753572	0.1649828841	0.165760413	1	0	0	0	0
2024-10-26 23:21:10	34.305143716	0.16482715266	0.16886029772	1	0	0	0	0
2024-10-26 23:21:20	34.263887034	0.16648201422	0.1674928745	1	0	0	0	0
2024-10-26 23:21:30	34.27896473396226	0.16660468622641508	0.16750068030188678	1	0	0	0	0
2024-10-26 23:21:40	34.239655542	0.16662765396	0.166387528	1	0	0	0	0
2024-10-26 23:21:50	34.312264348	0.16660646064	0.16781463884	1	0	0	0	0
2024-10-26 23:22:00	34.3162684	0.16666802615999998	0.1672311052	1	0	0	0	0
2024-10-26 23:22:10	34.305162272	0.16677229292	0.16691179949999999	1	0	0	0	0
2024-10-26 23:22:20	34.331644372	0.16689732228	0.167392924	1	0	0	0	0
2024-10-26 23:22:30	34.31406849622641	0.1670383361698113	0.16694772745283018	1	0	0	0	0
2024-10-26 23:22:40	34.31639993333333	0.16707341866666667	0.16710231233333334	1	0	0	0	0
2024-10-26 23:22:50	34.344053462	0.16704269354	0.16749339106	1	0	0	0	0
2024-10-26 23:23:00	34.2834098	0.1669454746	0.166184738	1	0	0	0	0
2024-10-26 23:23:10	34.222227324	0.16603120576	0.16546137238	1	0	0	0	0
2024-10-26 23:23:20	34.238069758	0.16624121774	0.16604747106	1	0	0	0	0
2024-10-26 23:23:30	34.27310830188679	0.16670723301886792	0.1672041091509434	1	0	0	0	0
2024-10-26 23:23:40	34.31490333333333	0.16688239066666669	0.167721078	1	0	0	0	0
2024-10-26 23:23:50	34.3232396	0.16696869256	0.16765680546	1	0	0	0	0
2024-10-26 23:24:00	34.377651734000004	0.16712821146	0.16839327582	1	0	0	0	0
2024-10-26 23:24:10	34.254820683999995	0.16781933665999998	0.16646747444	1	0	0	0	0
2024-10-26 23:24:20	34.30540191	0.16740200832	0.167695075	1	0	0	0	0
2024-10-26 23:24:30	34.303027086792454	0.16730678158490567	0.16782217400000002	1	0	0	0	0
2024-10-26 23:24:40	34.33697	0.16718904666666667	0.16797151666666668	1	0	0	0	0
2024-10-26 23:24:50	34.369346798	0.16689794712	0.16784307208000002	1	0	0	0	0
2024-10-26 23:25:00	34.370573658	0.16701433	0.167473137	1	0	0	0	0
2024-10-26 23:25:10	34.372840028	0.1676387007	0.168118944	1	0	0	0	0
2024-10-26 23:25:20	34.349843354	0.16774338104	0.1675434967	1	0	0	0	0
2024-10-26 23:25:30	34.37611931111111	0.16722253301587303	0.16754755466666665	1	0	0	0	0
2024-10-26 23:25:40	34.373576666666665	0.16711253388095237	0.167178765	1	0	0	0	0
2024-10-26 23:25:50	34.407303628	0.16763943545999999	0.16863910604	1	0	0	0	0
2024-10-26 23:26:00	34.391483464000004	0.16772682266	0.16782680202	1	0	0	0	0
2024-10-26 23:26:10	34.406366076	0.1672436	0.16759196384	1	0	0	0	0
2024-10-26 23:26:20	34.377214384	0.16724081622	0.166916519	1	0	0	0	0
2024-10-26 23:26:30	34.409356201886794	0.16781553526415094	0.16807427758490567	1	0	0	0	0
2024-10-26 23:26:40	34.40962726666667	0.16803214433333333	0.16822592533333333	1	0	0	0	0
2024-10-26 23:26:50	34.441567328	0.16778326022	0.16836909362	1	0	0	0	0
2024-10-26 23:27:00	34.46391352	0.16834325243999998	0.168939471	1	0	0	0	0
2024-10-26 23:27:10	34.392476856	0.16832235288	0.16813052311999999	1	0	0	0	0
2024-10-26 23:27:20	34.556516328	0.16796101	0.17071742986	1	0	0	0	0
2024-10-26 23:27:30	34.60892621698113	0.16920538150943396	0.17120830720754718	1	0	0	0	0
2024-10-26 23:27:40	34.53894	0.17014250166666667	0.170157745	1	0	0	0	0
2024-10-26 23:27:50	34.5403706	0.17003990453999998	0.16987640188	1	0	0	0	0
2024-10-26 23:28:00	34.612744486	0.16947841328	0.17070087888000002	1	0	0	0	0
2024-10-26 23:28:10	34.674624316	0.16910895896	0.17064125514	1	0	0	0	0
2024-10-26 23:28:20	34.643366468	0.16946945102	0.169787318	1	0	0	0	0
2024-10-26 23:28:30	34.45649960377359	0.1687697833018868	0.16696182718867925	1	0	0	0	0
2024-10-26 23:28:40	34.54239	0.16785693246153846	0.16830099219230768	1	0	0	0	0
2024-10-26 23:28:50	34.548440288	0.1680736	0.16833559582	1	0	0	0	0
2024-10-26 23:29:00	34.602679906	0.16764232972	0.168677762	1	0	0	0	0
2024-10-26 23:29:10	34.576273656	0.16999707134	0.16875480818	1	0	0	0	0
2024-10-26 23:29:20	34.7145078	0.16887011162	0.17101183579999998	1	0	0	0	0
2024-10-26 23:29:30	34.618857418867925	0.16939193866037736	0.16888808924528304	1	0	0	0	0
2024-10-26 23:29:40	34.61933666666666	0.16797549533333334	0.168008283	1	0	0	0	0
2024-10-26 23:29:50	34.703543732	0.16799966124	0.16943003996	1	0	0	0	0
2024-10-26 23:30:00	34.63801129	0.16911670452	0.16863506513999998	1	0	0	0	0
2024-10-26 23:30:10	34.523441202	0.16954649208	0.16754237538	1	0	0	0	0
2024-10-26 23:30:20	34.387700464	0.16813269336	0.165090919	1	0	0	0	0
2024-10-26 23:30:30	34.687729275471696	0.1672638391509434	0.17055700067924529	1	0	0	0	0
2024-10-26 23:30:40	34.57391526666667	0.16923129566666667	0.16874881066666667	1	0	0	0	0
2024-10-26 23:30:50	34.404081484	0.16883312764	0.16614316084	1	0	0	0	0
2024-10-26 23:31:00	34.654517464	0.16818346426	0.1707236	1	0	0	0	0
2024-10-26 23:31:10	34.626176786	0.16872627192	0.16942435406	1	0	0	0	0
2024-10-26 23:31:20	34.6430922	0.16860916124	0.16928131414	1	0	0	0	0
2024-10-26 23:31:30	34.66535044339623	0.16857977345283018	0.16924801790566038	1	0	0	0	0
2024-10-26 23:31:40	34.47675323333333	0.16917741733333333	0.166573569	1	0	0	0	0
2024-10-26 23:31:50	34.444730598	0.1685599173	0.16684663902	1	0	0	0	0
2024-10-26 23:32:00	34.558928730000005	0.16861515266	0.16990050973999998	1	0	0	0	0
2024-10-26 23:32:10	34.439884892	0.16872237456	0.16727850966	1	0	0	0	0
2024-10-26 23:32:20	34.512525595999996	0.1670044772	0.167635143	1	0	0	0	0
2024-10-26 23:32:30	34.66262894716981	0.1671154139056604	0.17023192871698112	1	0	0	0	0
2024-10-26 23:32:40	34.62719910816327	0.16907051897959186	0.16992258885714284	1	0	0	0	0
2024-10-26 23:32:50	34.427229906	0.1691821024	0.16667292342	1	0	0	0	0
2024-10-26 23:33:00	34.546254132	0.16768927618	0.168427289	1	0	0	0	0
2024-10-26 23:33:10	34.476410922	0.16734432254	0.16669587308	1	0	0	0	0
2024-10-26 23:33:20	34.492034064	0.1671729142	0.16714627502	1	0	0	0	0
2024-10-26 23:33:30	34.47834276037736	0.16765338088679244	0.1673800806226415	1	0	0	0	0
2024-10-26 23:33:40	34.3968397425532	0.16804346919148935	0.166603819	1	0	0	0	0
2024-10-26 23:33:50	34.500220622	0.16765531484	0.16925877775999998	1	0	0	0	0
2024-10-26 23:34:00	34.459087994	0.16794307888	0.16770503046	1	0	0	0	0
2024-10-26 23:34:10	34.214396434	0.16767835	0.16386391472	1	0	0	0	0
2024-10-26 23:34:20	34.44372932	0.16707421334	0.168792844	1	0	0	0	0
2024-10-26 23:34:30	34.36634509433962	0.16832405592452832	0.16824421081132077	1	0	0	0	0
2024-10-26 23:34:40	34.320684566666664	0.16829107733333332	0.167409043	1	0	0	0	0
2024-10-26 23:34:50	34.3697226	0.16789452856	0.168341308	1	0	0	0	0
2024-10-26 23:35:00	34.319183269999996	0.16777461366	0.167087957	1	0	0	0	0
2024-10-26 23:35:10	34.347709634	0.16775085879999999	0.16796117818	1	0	0	0	0
2024-10-26 23:35:20	34.311524548	0.16792958258000001	0.16734576768	1	0	0	0	0
2024-10-26 23:35:30	34.27958553773585	0.16805572909433963	0.1672965473962264	1	0	0	0	0
2024-10-26 23:35:40	34.275983000000004	0.167977363	0.167503431	1	0	0	0	0
2024-10-26 23:35:50	34.238692	0.16766753718	0.16660398256	1	0	0	0	0
2024-10-26 23:36:00	34.211228976	0.16763414374	0.16674239098000002	1	0	0	0	0
2024-10-26 23:36:10	34.23564535	0.16703819024	0.16692744403999998	1	0	0	0	0
2024-10-26 23:36:20	34.33383742	0.16660459886	0.168105274	1	0	0	0	0
2024-10-26 23:36:30	34.2850508754717	0.16657897413207548	0.16686573841509433	1	0	0	0	0
2024-10-26 23:36:40	34.34591846666667	0.16672775133333334	0.16794900066666665	1	0	0	0	0
2024-10-26 23:36:50	34.339676854	0.16727896196	0.16767151846	1	0	0	0	0
2024-10-26 23:37:00	34.3334864	0.16759041144	0.167755723	1	0	0	0	0
2024-10-26 23:37:10	34.238932282	0.16746422186	0.16574434412	1	0	0	0	0
2024-10-26 23:37:20	34.40340312	0.16712745676000001	0.16945371788	1	0	0	0	0
2024-10-26 23:37:30	34.537829456603774	0.167983336754717	0.1710012444528302	1	0	0	0	0
2024-10-26 23:37:40	34.21491366666667	0.167979563	0.164586261	1	0	0	0	0
2024-10-26 23:37:50	34.363600070000004	0.16673197448000002	0.16721795708	1	0	0	0	0
2024-10-26 23:38:00	34.5932654	0.16664037137999999	0.17101123442	1	0	0	0	0
2024-10-26 23:38:10	34.538997726	0.16855426786	0.169803952	1	0	0	0	0
2024-10-26 23:38:20	34.534329362	0.1684864895	0.16923283	1	0	0	0	0
2024-10-26 23:38:30	34.57564267169811	0.16882621722641508	0.1697372723773585	1	0	0	0	0
2024-10-26 23:38:40	34.54199464782609	0.1691161405	0.1689750543478261	1	0	0	0	0
2024-10-26 23:38:50	34.5823204	0.16920323978000001	0.16986907032	1	0	0	0	0
2024-10-26 23:39:00	34.538323424	0.16866144791999998	0.168241009	1	0	0	0	0
2024-10-26 23:39:10	34.653268692	0.16807330988	0.1690410809	1	0	0	0	0
2024-10-26 23:39:20	34.664138890000004	0.16866049938	0.169457564	1	0	0	0	0
2024-10-26 23:39:30	34.68673396226415	0.168939244245283	0.1696633275471698	1	0	0	0	0
2024-10-26 23:39:40	34.70061006666666	0.16886693233333333	0.169527024	1	0	0	0	0
2024-10-26 23:39:50	34.713097143999995	0.1684667379	0.1689350614	1	0	0	0	0
2024-10-26 23:40:00	34.717371924000005	0.1685712615	0.16887454706	1	0	0	0	0
2024-10-26 23:40:10	34.746003232	0.16899447305999998	0.1696328644	1	0	0	0	0
2024-10-26 23:40:20	34.762765176	0.16909180894	0.169645891	1	0	0	0	0
2024-10-26 23:40:30	34.590845433962265	0.16854462645283017	0.16712974732075472	1	0	0	0	0
2024-10-26 23:40:40	34.65717146666667	0.16746697833333332	0.16766465733333333	1	0	0	0	0
2024-10-26 23:40:50	34.617072742	0.16824018676000002	0.16773032694	1	0	0	0	0
2024-10-26 23:41:00	34.595101274	0.16873795923999999	0.168126658	1	0	0	0	0
2024-10-26 23:41:10	34.573769352	0.16867037614	0.16789290126	1	0	0	0	0
2024-10-26 23:41:20	34.576952638	0.16833053677999998	0.16803290534	1	0	0	0	0
2024-10-26 23:41:30	34.563081988679244	0.16820990149056606	0.16782377441509433	1	0	0	0	0
2024-10-26 23:41:40	34.48406142307692	0.16837068415384615	0.166912809	1	0	0	0	0
2024-10-26 23:41:50	34.690899748	0.16879254608	0.17115301256	1	0	0	0	0
2024-10-26 23:42:00	34.611766972	0.1691463697	0.16877745426000001	1	0	0	0	0
2024-10-26 23:42:10	34.506701568000004	0.16915331676	0.16739455018	1	0	0	0	0
2024-10-26 23:42:20	34.48253585	0.16872285314000002	0.167483717	1	0	0	0	0
2024-10-26 23:42:30	34.5047862754717	0.1686357200943396	0.1684608209056604	1	0	0	0	0
2024-10-26 23:42:40	34.4765994	0.16865519666666665	0.16803361	1	0	0	0	0
2024-10-26 23:42:50	34.419378646	0.16858666687999999	0.1674354065	1	0	0	0	0
2024-10-26 23:43:00	34.499305134	0.16777798636	0.168411329	1	0	0	0	0
2024-10-26 23:43:10	34.4466719	0.16810557726	0.16772584533999998	1	0	0	0	0
2024-10-26 23:43:20	34.444342874	0.16822973178	0.1680418533	1	0	0	0	0
2024-10-26 23:43:30	34.46511547169811	0.16797950626415092	0.16819693433962266	1	0	0	0	0
2024-10-26 23:43:40	34.50002666666666	0.16833136466666668	0.168972984	1	0	0	0	0
2024-10-26 23:43:50	34.4157832	0.16880924385999999	0.16824833279999998	1	0	0	0	0
2024-10-26 23:44:00	34.458135508000005	0.16817278692	0.16855237907999998	1	0	0	0	0
2024-10-26 23:44:10	34.447006026	0.16794179642	0.16791352848	1	0	0	0	0
2024-10-26 23:44:20	34.6244764	0.16892934402	0.171687156	1	0	0	0	0
2024-10-26 23:44:30	34.54401141132075	0.16960386901886793	0.17002546258490567	1	0	0	0	0
2024-10-26 23:44:40	34.5464278	0.16849999100000002	0.168592061	1	0	0	0	0
2024-10-26 23:44:50	34.612864696	0.16824419626	0.16948547216	1	0	0	0	0
2024-10-26 23:45:00	34.697106326000004	0.16893116128	0.17079176	1	0	0	0	0
2024-10-26 23:45:10	34.6760748	0.16922973982	0.1696193312	1	0	0	0	0
2024-10-26 23:45:20	34.673552694	0.16946875786	0.16977344298	1	0	0	0	0
2024-10-26 23:45:30	34.73635388490566	0.16892908539622642	0.17004303471698112	1	0	0	0	0
2024-10-26 23:45:40	34.74521	0.16886696099999998	0.169576675	1	0	0	0	0
2024-10-26 23:45:50	34.927956624000004	0.16942826022000002	0.17338992350000001	1	0	0	0	0
2024-10-26 23:46:00	34.922118654	0.1718332535	0.17361265380000002	1	0	0	0	0
2024-10-26 23:46:10	34.927890172	0.17169085307999998	0.1727829262	1	0	0	0	0
2024-10-26 23:46:20	34.9898412	0.1712647481	0.172838047	1	0	0	0	0
2024-10-26 23:46:30	34.95587913584905	0.1718013976981132	0.17238023901886793	1	0	0	0	0
2024-10-26 23:46:40	34.952614600000004	0.17210123900000002	0.17229505333333334	1	0	0	0	0
2024-10-26 23:46:50	34.974608002	0.1716928238	0.17221719132	1	0	0	0	0
2024-10-26 23:47:00	35.077978908	0.17126375222	0.173147991	1	0	0	0	0
2024-10-26 23:47:10	35.03263148	0.17159427292	0.17178183484	1	0	0	0	0
2024-10-26 23:47:20	35.0989689	0.17209576438000002	0.17351355744	1	0	0	0	0
2024-10-26 23:47:30	35.045897711320755	0.1728950147924528	0.17265249924528303	1	0	0	0	0
2024-10-26 23:47:40	35.0797793	0.172264119	0.1728469	1	0	0	0	0
2024-10-26 23:47:50	35.0859812	0.17188944206	0.17222300018	1	0	0	0	0
2024-10-26 23:48:00	35.117765448	0.17227858802	0.17305337788	1	0	0	0	0
2024-10-26 23:48:10	35.110424432	0.1725780742	0.17280985131999999	1	0	0	0	0
2024-10-26 23:48:20	35.05215777	0.17253349646	0.171794355	1	0	0	0	0
2024-10-26 23:48:30	34.98231073090909	0.1709085836727273	0.16991767996363635	1	0	0	0	0
2024-10-26 23:48:40	35.051831168	0.1707476895	0.17134281912000002	1	0	0	0	0
2024-10-26 23:48:50	34.967562898	0.17154330486	0.170362213	1	0	0	0	0
2024-10-26 23:49:00	35.014614654	0.17176459892	0.172027379	1	0	0	0	0
2024-10-26 23:49:10	34.997614818	0.17158343472	0.17238876532	1	0	0	0	0
2024-10-26 23:49:20	35.047159768	0.17126480996	0.17227032216000002	1	0	0	0	0
2024-10-26 23:49:30	35.0221116	0.17122662275471698	0.17137515198113207	1	0	0	0	0
2024-10-26 23:49:40	34.95487596666667	0.17153350533333334	0.170557112	1	0	0	0	0
2024-10-26 23:49:50	35.004467565999995	0.17200202874	0.17189732684	1	0	0	0	0
2024-10-26 23:50:00	34.915489208000004	0.17203793675999998	0.17044104992	1	0	0	0	0
2024-10-26 23:50:10	34.961984376	0.17166236963999998	0.1716634722	1	0	0	0	0
2024-10-26 23:50:20	34.965408065999995	0.1716410561	0.1715659	1	0	0	0	0
2024-10-26 23:50:30	34.84211384339623	0.17169810824528303	0.16993209709433962	1	0	0	0	0
2024-10-26 23:50:40	34.731709425	0.1721475705769231	0.16932394278846155	1	0	0	0	0
2024-10-26 23:50:50	34.952354484	0.17134562328	0.17353778082	1	0	0	0	0
2024-10-26 23:51:00	34.897435908	0.1720664009	0.172053918	1	0	0	0	0
2024-10-26 23:51:10	34.82884657	0.17157324810000002	0.1705245172	1	0	0	0	0
2024-10-26 23:51:20	34.897871402	0.17088665292	0.17160244946	1	0	0	0	0
2024-10-26 23:51:30	34.89801873207547	0.17113107913207545	0.17140757935849057	1	0	0	0	0
2024-10-26 23:51:40	35.03296245208333	0.1714777696875	0.173768625	1	0	0	0	0
2024-10-26 23:51:50	34.921155882	0.17159715264	0.1712769284	1	0	0	0	0
2024-10-26 23:52:00	34.95584531	0.1710127769	0.17142029342	1	0	0	0	0
2024-10-26 23:52:10	35.013652072000006	0.17106241932	0.172167262	1	0	0	0	0
2024-10-26 23:52:20	35.019819878	0.17139281674	0.17201519	1	0	0	0	0
2024-10-26 23:52:30	35.01970661509434	0.17150006624528302	0.1716541963962264	1	0	0	0	0
2024-10-26 23:52:40	35.02761916470588	0.17157683752941177	0.17184734005882352	1	0	0	0	0
2024-10-26 23:52:50	35.045712632	0.17157638588000002	0.17195117648	1	0	0	0	0
2024-10-26 23:53:00	35.038667600000004	0.17153502832	0.17163977	1	0	0	0	0
2024-10-26 23:53:10	35.118731088000004	0.17182720065999998	0.17295246456000002	1	0	0	0	0
2024-10-26 23:53:20	34.8791524	0.17258240075999998	0.16888997176	1	0	0	0	0
2024-10-26 23:53:30	34.85960685185185	0.17066943101851853	0.16861024746296296	1	0	0	0	0
2024-10-26 23:53:40	34.87024052692308	0.1702192216153846	0.169172	1	0	0	0	0
2024-10-26 23:53:50	34.955667966	0.17030367432	0.17043770748	1	0	0	0	0
2024-10-26 23:54:00	35.011577800000005	0.1707844541	0.17206219376	1	0	0	0	0
2024-10-26 23:54:10	35.083837054	0.17106554662	0.17278584168	1	0	0	0	0
2024-10-26 23:54:20	35.151647	0.17093696024000002	0.172911584	1	0	0	0	0
2024-10-26 23:54:30	35.056316454716985	0.17234054683018868	0.17163037818867927	1	0	0	0	0
2024-10-26 23:54:40	35.07962033333333	0.17224565666666666	0.17241858333333332	1	0	0	0	0
2024-10-26 23:54:50	35.108046498	0.1723108211	0.17276075326	1	0	0	0	0
2024-10-26 23:55:00	35.134204984	0.1718236688	0.172507226	1	0	0	0	0
2024-10-26 23:55:10	35.10020121	0.17187525673999998	0.1719562953	1	0	0	0	0
2024-10-26 23:55:20	35.083588622	0.17233521025999998	0.17208715614	1	0	0	0	0
2024-10-26 23:55:30	35.13640916226415	0.17207601056603775	0.17282763518867925	1	0	0	0	0
2024-10-26 23:55:40	35.13202343076923	0.17178240126923078	0.172043428	1	0	0	0	0
2024-10-26 23:55:50	35.118911266000005	0.1722339774	0.17219068082	1	0	0	0	0
2024-10-26 23:56:00	35.135500588	0.17250611392	0.17287321178	1	0	0	0	0
2024-10-26 23:56:10	35.171003204	0.17219911702000001	0.17293049700000002	1	0	0	0	0
2024-10-26 23:56:20	35.216418384	0.17217241462	0.173260748	1	0	0	0	0
2024-10-26 23:56:30	35.10609156792452	0.17304283926415093	0.17271785164150943	1	0	0	0	0
2024-10-26 23:56:40	35.11886726666667	0.17303101233333332	0.17297014100000002	1	0	0	0	0
2024-10-26 23:56:50	35.118098984	0.17252049476	0.17254119608	1	0	0	0	0
2024-10-26 23:57:00	35.176250996	0.17255200606	0.173423722	1	0	0	0	0
2024-10-26 23:57:10	35.031087178	0.17333979326	0.17141683064	1	0	0	0	0
2024-10-26 23:57:20	35.07770112	0.17309881888	0.17316924526	1	0	0	0	0
2024-10-26 23:57:30	35.069315211320756	0.17295463866037736	0.17273993049056605	1	0	0	0	0
2024-10-26 23:57:40	35.15244296666667	0.17341722033333334	0.174690649	1	0	0	0	0
2024-10-26 23:57:50	35.016904846	0.17382057876	0.17203949748	1	0	0	0	0
2024-10-26 23:58:00	35.0351707	0.17298838256	0.17263198682	1	0	0	0	0
2024-10-26 23:58:10	35.047955272	0.17223122338	0.17207303608	1	0	0	0	0
2024-10-26 23:58:20	35.1221466	0.1722315549	0.17342107	1	0	0	0	0
2024-10-26 23:58:30	34.99099867924528	0.17242878877358492	0.1708108071509434	1	0	0	0	0
2024-10-26 23:58:40	34.86838146666667	0.17273053033333333	0.16984697166666665	1	0	0	0	0
2024-10-26 23:58:50	34.829743814000004	0.17260286296	0.17058805428	1	0	0	0	0
2024-10-26 23:59:00	34.809967368	0.17191666615999998	0.170485467	1	0	0	0	0
2024-10-26 23:59:10	34.831389200000004	0.17165077272	0.17156547388	1	0	0	0	0
2024-10-26 23:59:20	34.86387492	0.17126424426	0.17162316978	1	0	0	0	0
2024-10-26 23:59:30	35.054563760377356	0.17211036958490566	0.17512052509433962	1	0	0	0	0
2024-10-26 23:59:40	34.986254433333336	0.17311963466666666	0.17342633	1	0	0	0	0
2024-10-26 23:59:50	34.986761200000004	0.17303459026	0.1727981223	1	0	0	0	0
2024-10-27 00:00:00	34.967571234	0.17343847182	0.1731167861	1	0	0	0	0
