PROCESSDATA	RHT.7050-342_FIC60101 Data	yyyy-MM-dd HH:mm:ss
8	10	2024-07-01 21:55:00	751
tagname	LYCDU.RHT.7050-342_FIC60101.MV	LYCDU.RHT.7050-342_FIC60101.PV	LYCDU.RHT.7050-342_FIC60101.SV	LYCDU.RHT.7050-342_FIC60101.MODE	bOpOFL	bPvOFL	bSpOFL	bAutOFL
desc	D-601汽包给水流量控制_OP	D-601汽包给水流量控制_PV	D-601汽包给水流量控制_SP	Aut	bOpOFL	bPvOFL	bSpOFL	bAutOFL
fsMax=10.356255	fsMin=0	fsGridNum=10	fdMax=10.356255tfdMin=0	fdGridNum=10	v0GridNum=10	L=24
2024-07-01 21:55:00	13.98797	2.330939	2.326463	1	0	0	0	0
2024-07-01 21:55:10	13.91298	2.327434	2.295053	1	0	0	0	0
2024-07-01 21:55:20	13.97236	2.327083	2.342931	1	0	0	0	0
2024-07-01 21:55:30	14.00204	2.328836	2.347461	1	0	0	0	0
2024-07-01 21:55:40	14.00204	2.328836	2.347461	1	0	0	0	0
2024-07-01 21:55:50	14.00204	2.332692	2.308644	1	0	0	0	0
2024-07-01 21:56:00	14.00204	2.332166	2.363377	1	0	0	0	0
2024-07-01 21:56:10	14.00204	2.332166	2.364239	1	0	0	0	0
2024-07-01 21:56:20	14.00204	2.331466	2.373062	1	0	0	0	0
2024-07-01 21:56:30	14.03872	2.331291	2.35913	1	0	0	0	0
2024-07-01 21:56:40	14.03872	2.331291	2.35913	1	0	0	0	0
2024-07-01 21:56:50	14.11208	2.331641	2.322442	1	0	0	0	0
2024-07-01 21:57:00	14.16478	2.344736	2.391054	1	0	0	0	0
2024-07-01 21:57:10	14.27018	2.349957	2.393053	1	0	0	0	0
2024-07-01 21:57:20	14.33138	2.344038	2.41197	1	0	0	0	0
2024-07-01 21:57:30	14.36198	2.345601	2.405525	1	0	0	0	0
2024-07-01 21:57:40	14.36198	2.354644	2.373718	1	0	0	0	0
2024-07-01 21:57:50	14.36198	2.352215	2.335562	1	0	0	0	0
2024-07-01 21:58:00	14.36198	2.352215	2.335562	1	0	0	0	0
2024-07-01 21:58:10	14.39194	2.350652	2.321249	1	0	0	0	0
2024-07-01 21:58:20	14.54822	2.355162	2.340003	1	0	0	0	0
2024-07-01 21:58:30	14.5672	2.358802	2.355449	1	0	0	0	0
2024-07-01 21:58:40	14.50881	2.360879	2.37712	1	0	0	0	0
2024-07-01 21:58:50	14.50881	2.36537	2.368513	1	0	0	0	0
2024-07-01 21:59:00	14.54457	2.367097	2.374096	1	0	0	0	0
2024-07-01 21:59:10	14.61608	2.366062	2.393867	1	0	0	0	0
2024-07-01 21:59:20	14.61608	2.366062	2.393867	1	0	0	0	0
2024-07-01 21:59:30	14.61608	2.370198	2.393867	1	0	0	0	0
2024-07-01 21:59:40	14.61608	2.364508	2.424978	1	0	0	0	0
2024-07-01 21:59:50	14.92664	2.379291	2.4126	1	0	0	0	0
2024-07-01 22:00:00	15.08192	2.389926	2.401939	1	0	0	0	0
2024-07-01 22:00:10	15.08192	2.396414	2.392995	1	0	0	0	0
2024-07-01 22:00:20	15.08192	2.396414	2.392995	1	0	0	0	0
2024-07-01 22:00:30	15.08192	2.396414	2.386549	1	0	0	0	0
2024-07-01 22:00:40	15.28151	2.396414	2.470842	1	0	0	0	0
2024-07-01 22:00:50	15.28151	2.405928	2.43901	1	0	0	0	0
2024-07-01 22:01:00	15.28151	2.410007	2.42681	1	0	0	0	0
2024-07-01 22:01:10	15.28151	2.408651	2.434242	1	0	0	0	0
2024-07-01 22:01:20	15.38381	2.410684	2.44806	1	0	0	0	0
2024-07-01 22:01:30	15.43496	2.413561	2.457391	1	0	0	0	0
2024-07-01 22:01:40	15.43496	2.417282	2.462235	1	0	0	0	0
2024-07-01 22:01:50	15.43496	2.417619	2.44872	1	0	0	0	0
2024-07-01 22:02:00	15.43496	2.417619	2.44872	1	0	0	0	0
2024-07-01 22:02:10	15.46358	2.41745	2.433993	1	0	0	0	0
2024-07-01 22:02:20	15.67756	2.420151	2.442322	1	0	0	0	0
2024-07-01 22:02:30	15.78038	2.424867	2.454457	1	0	0	0	0
2024-07-01 22:02:40	15.82928	2.430926	2.454457	1	0	0	0	0
2024-07-01 22:02:50	15.82928	2.43294	2.462745	1	0	0	0	0
2024-07-01 22:03:00	15.87176	2.433612	2.46233	1	0	0	0	0
2024-07-01 22:03:10	15.87176	2.433612	2.46233	1	0	0	0	0
2024-07-01 22:03:20	15.95671	2.43294	2.453211	1	0	0	0	0
2024-07-01 22:03:30	15.95671	2.438808	2.458176	1	0	0	0	0
2024-07-01 22:03:40	15.95671	2.439477	2.430262	1	0	0	0	0
2024-07-01 22:03:50	16.04651	2.447825	2.465061	1	0	0	0	0
2024-07-01 22:04:00	16.0914	2.452166	2.469132	1	0	0	0	0
2024-07-01 22:04:10	16.0914	2.452499	2.442476	1	0	0	0	0
2024-07-01 22:04:20	16.0914	2.452499	2.442476	1	0	0	0	0
2024-07-01 22:04:30	16.0914	2.45383	2.438635	1	0	0	0	0
2024-07-01 22:04:40	16.0914	2.45998	2.442662	1	0	0	0	0
2024-07-01 22:04:50	16.0914	2.456324	2.459428	1	0	0	0	0
2024-07-01 22:05:00	16.0914	2.455327	2.457043	1	0	0	0	0
2024-07-01 22:05:10	16.0914	2.45699	2.435505	1	0	0	0	0
2024-07-01 22:05:20	16.05527	2.453996	2.43938	1	0	0	0	0
2024-07-01 22:05:30	16.0372	2.453497	2.4209	1	0	0	0	0
2024-07-01 22:05:40	16.0372	2.455494	2.380065	1	0	0	0	0
2024-07-01 22:05:50	16.0372	2.455494	2.380065	1	0	0	0	0
2024-07-01 22:06:00	15.98593	2.451164	2.426289	1	0	0	0	0
2024-07-01 22:06:10	15.9603	2.451499	2.488664	1	0	0	0	0
2024-07-01 22:06:20	15.87147	2.443485	2.482436	1	0	0	0	0
2024-07-01 22:06:30	15.82706	2.438975	2.450686	1	0	0	0	0
2024-07-01 22:06:40	15.82706	2.437971	2.393413	1	0	0	0	0
2024-07-01 22:06:50	15.82706	2.43864	2.39467	1	0	0	0	0
2024-07-01 22:07:00	15.82706	2.43864	2.39467	1	0	0	0	0
2024-07-01 22:07:10	15.82706	2.438305	2.40715	1	0	0	0	0
2024-07-01 22:07:20	15.82706	2.438305	2.386945	1	0	0	0	0
2024-07-01 22:07:30	15.75264	2.435956	2.382192	1	0	0	0	0
2024-07-01 22:07:40	15.60382	2.429918	2.416593	1	0	0	0	0
2024-07-01 22:07:50	15.51172	2.422169	2.42405	1	0	0	0	0
2024-07-01 22:08:00	15.46568	2.417788	2.412763	1	0	0	0	0
2024-07-01 22:08:10	15.46568	2.416775	2.382732	1	0	0	0	0
2024-07-01 22:08:20	15.46568	2.417113	2.3726	1	0	0	0	0
2024-07-01 22:08:30	15.46568	2.417113	2.3726	1	0	0	0	0
2024-07-01 22:08:40	15.44131	2.416436	2.380558	1	0	0	0	0
2024-07-01 22:08:50	15.39259	2.416099	2.396782	1	0	0	0	0
2024-07-01 22:09:00	15.39259	2.415083	2.374602	1	0	0	0	0
2024-07-01 22:09:10	15.39259	2.4117	2.340066	1	0	0	0	0
2024-07-01 22:09:20	15.39259	2.414069	2.391084	1	0	0	0	0
2024-07-01 22:09:30	15.39259	2.4139	2.414202	1	0	0	0	0
2024-07-01 22:09:40	15.39259	2.4139	2.414202	1	0	0	0	0
2024-07-01 22:09:50	15.39259	2.411192	2.40942	1	0	0	0	0
2024-07-01 22:10:00	15.39259	2.412547	2.439205	1	0	0	0	0
2024-07-01 22:10:10	15.39259	2.413224	2.424987	1	0	0	0	0
2024-07-01 22:10:20	15.44229	2.416605	2.420636	1	0	0	0	0
2024-07-01 22:10:30	15.46714	2.418295	2.428565	1	0	0	0	0
2024-07-01 22:10:40	15.46714	2.418295	2.448775	1	0	0	0	0
2024-07-01 22:10:50	15.46714	2.418295	2.448775	1	0	0	0	0
2024-07-01 22:11:00	15.46714	2.415591	2.439525	1	0	0	0	0
2024-07-01 22:11:10	15.46714	2.416775	2.432425	1	0	0	0	0
2024-07-01 22:11:20	15.46714	2.418463	2.438192	1	0	0	0	0
2024-07-01 22:11:30	15.46714	2.419308	2.436127	1	0	0	0	0
2024-07-01 22:11:40	15.46714	2.419308	2.426228	1	0	0	0	0
2024-07-01 22:11:50	15.38254	2.415252	2.403212	1	0	0	0	0
2024-07-01 22:12:00	15.34024	2.412208	2.40707	1	0	0	0	0
2024-07-01 22:12:10	15.34024	2.410176	2.437802	1	0	0	0	0
2024-07-01 22:12:20	15.34024	2.410176	2.437802	1	0	0	0	0
2024-07-01 22:12:30	15.34024	2.407463	2.409583	1	0	0	0	0
2024-07-01 22:12:40	15.26192	2.408651	2.411742	1	0	0	0	0
2024-07-01 22:12:50	15.18777	2.407973	2.393766	1	0	0	0	0
2024-07-01 22:13:00	15.15069	2.406106	2.387087	1	0	0	0	0
2024-07-01 22:13:10	15.15069	2.40305	2.391704	1	0	0	0	0
2024-07-01 22:13:20	15.0253	2.399307	2.366576	1	0	0	0	0
2024-07-01 22:13:30	15.0253	2.399307	2.366576	1	0	0	0	0
2024-07-01 22:13:40	14.91408	2.394365	2.3458	1	0	0	0	0
2024-07-01 22:13:50	14.76294	2.387537	2.321644	1	0	0	0	0
2024-07-01 22:14:00	14.73589	2.383595	2.325258	1	0	0	0	0
2024-07-01 22:14:10	14.73589	2.376394	2.340219	1	0	0	0	0
2024-07-01 22:14:20	14.59442	2.363628	2.354634	1	0	0	0	0
2024-07-01 22:14:30	14.56833	2.361907	2.386911	1	0	0	0	0
2024-07-01 22:14:40	14.65763	2.371234	2.437051	1	0	0	0	0
2024-07-01 22:14:50	14.65763	2.371234	2.437051	1	0	0	0	0
2024-07-01 22:15:00	14.65763	2.374674	2.417509	1	0	0	0	0
2024-07-01 22:15:10	14.65763	2.3702	2.366362	1	0	0	0	0
2024-07-01 22:15:20	14.65763	2.370889	2.421905	1	0	0	0	0
2024-07-01 22:15:30	14.65763	2.37175	2.410628	1	0	0	0	0
2024-07-01 22:15:40	14.65763	2.372783	2.33253	1	0	0	0	0
2024-07-01 22:15:50	14.86554	2.38068	2.401901	1	0	0	0	0
2024-07-01 22:16:00	14.96949	2.38497	2.409782	1	0	0	0	0
2024-07-01 22:16:10	14.96949	2.38497	2.409782	1	0	0	0	0
2024-07-01 22:16:20	14.96949	2.385655	2.356171	1	0	0	0	0
2024-07-01 22:16:30	14.96949	2.391296	2.441339	1	0	0	0	0
2024-07-01 22:16:40	14.96949	2.394368	2.427418	1	0	0	0	0
2024-07-01 22:16:50	15.00662	2.393345	2.406539	1	0	0	0	0
2024-07-01 22:17:00	15.02518	2.394367	2.413332	1	0	0	0	0
2024-07-01 22:17:10	15.02518	2.397436	2.447796	1	0	0	0	0
2024-07-01 22:17:20	15.02518	2.397436	2.447796	1	0	0	0	0
2024-07-01 22:17:30	15.25213	2.402538	2.442508	1	0	0	0	0
2024-07-01 22:17:40	15.30487	2.408142	2.402748	1	0	0	0	0
2024-07-01 22:17:50	15.39024	2.406785	2.464129	1	0	0	0	0
2024-07-01 22:18:00	15.47257	2.41017	2.500426	1	0	0	0	0
2024-07-01 22:18:10	15.55186	2.418295	2.511641	1	0	0	0	0
2024-07-01 22:18:20	15.63042	2.422342	2.47807	1	0	0	0	0
2024-07-01 22:18:30	15.68695	2.422342	2.470111	1	0	0	0	0
2024-07-01 22:18:40	15.72143	2.418295	2.487763	1	0	0	0	0
2024-07-01 22:18:50	15.72143	2.418295	2.487763	1	0	0	0	0
2024-07-01 22:19:00	15.72143	2.423352	2.448528	1	0	0	0	0
2024-07-01 22:19:10	15.78683	2.436463	2.468792	1	0	0	0	0
2024-07-01 22:19:20	15.78683	2.434114	2.454518	1	0	0	0	0
2024-07-01 22:19:30	15.84227	2.43294	2.472328	1	0	0	0	0
2024-07-01 22:19:40	15.95314	2.43294	2.522223	1	0	0	0	0
2024-07-01 22:19:50	16.0103	2.440643	2.511034	1	0	0	0	0
2024-07-01 22:20:00	16.0103	2.440643	2.511034	1	0	0	0	0
2024-07-01 22:20:10	16.12348	2.446829	2.500746	1	0	0	0	0
2024-07-01 22:20:20	16.2927	2.456157	2.447021	1	0	0	0	0
2024-07-01 22:20:30	16.2927	2.461138	2.446031	1	0	0	0	0
2024-07-01 22:20:40	16.2927	2.466445	2.488389	1	0	0	0	0
2024-07-01 22:20:50	16.2927	2.469091	2.473017	1	0	0	0	0
2024-07-01 22:21:00	16.2927	2.468926	2.480019	1	0	0	0	0
2024-07-01 22:21:10	16.2927	2.468926	2.480019	1	0	0	0	0
2024-07-01 22:21:20	16.2927	2.465948	2.509392	1	0	0	0	0
2024-07-01 22:21:30	16.53535	2.463462	2.522906	1	0	0	0	0
2024-07-01 22:21:40	16.70772	2.460478	2.493037	1	0	0	0	0
2024-07-01 22:21:50	16.70772	2.478304	2.498189	1	0	0	0	0
2024-07-01 22:22:00	16.70772	2.484751	2.486132	1	0	0	0	0
2024-07-01 22:22:10	16.70772	2.479819	2.456866	1	0	0	0	0
2024-07-01 22:22:20	16.70772	2.482122	2.47664	1	0	0	0	0
2024-07-01 22:22:30	16.70772	2.482945	2.487148	1	0	0	0	0
2024-07-01 22:22:40	16.70772	2.482945	2.487148	1	0	0	0	0
2024-07-01 22:22:50	16.70772	2.482287	2.488389	1	0	0	0	0
2024-07-01 22:23:00	16.70772	2.480636	2.516177	1	0	0	0	0
2024-07-01 22:23:10	16.70772	2.473388	2.558745	1	0	0	0	0
2024-07-01 22:23:20	16.75145	2.483592	2.506001	1	0	0	0	0
2024-07-01 22:23:30	16.77332	2.488694	2.479214	1	0	0	0	0
2024-07-01 22:23:40	16.77332	2.488694	2.479214	1	0	0	0	0
2024-07-01 22:23:50	16.77332	2.488694	2.478386	1	0	0	0	0
2024-07-01 22:24:00	16.709	2.482123	2.452312	1	0	0	0	0
2024-07-01 22:24:10	16.709	2.482781	2.455864	1	0	0	0	0
2024-07-01 22:24:20	16.709	2.480477	2.451476	1	0	0	0	0
2024-07-01 22:24:30	16.709	2.479983	2.449595	1	0	0	0	0
2024-07-01 22:24:40	16.709	2.4813	2.450223	1	0	0	0	0
2024-07-01 22:24:50	16.709	2.482287	2.465628	1	0	0	0	0
2024-07-01 22:25:00	16.66248	2.482616	2.48045	1	0	0	0	0
2024-07-01 22:25:10	16.66248	2.482616	2.48045	1	0	0	0	0
2024-07-01 22:25:20	16.56944	2.482287	2.494689	1	0	0	0	0
2024-07-01 22:25:30	16.27258	2.47008	2.479795	1	0	0	0	0
2024-07-01 22:25:40	16.33016	2.463463	2.456177	1	0	0	0	0
2024-07-01 22:25:50	16.40338	2.463131	2.454715	1	0	0	0	0
2024-07-01 22:26:00	16.43999	2.463629	2.459915	1	0	0	0	0
2024-07-01 22:26:10	16.43999	2.464954	2.471776	1	0	0	0	0
2024-07-01 22:26:20	16.43999	2.464954	2.471776	1	0	0	0	0
2024-07-01 22:26:30	16.43999	2.46396	2.442914	1	0	0	0	0
2024-07-01 22:26:40	16.43999	2.466941	2.492222	1	0	0	0	0
2024-07-01 22:26:50	16.43999	2.468265	2.491399	1	0	0	0	0
2024-07-01 22:27:00	16.43999	2.467603	2.480635	1	0	0	0	0
2024-07-01 22:27:10	16.43999	2.464954	2.459929	1	0	0	0	0
2024-07-01 22:27:20	16.43999	2.462302	2.451366	1	0	0	0	0
2024-07-01 22:27:30	16.43999	2.462302	2.451366	1	0	0	0	0
2024-07-01 22:27:40	16.43999	2.461141	2.438242	1	0	0	0	0
2024-07-01 22:27:50	16.49527	2.465781	2.446732	1	0	0	0	0
2024-07-01 22:28:00	16.54285	2.468761	2.462879	1	0	0	0	0
2024-07-01 22:28:10	16.58275	2.470415	2.468997	1	0	0	0	0
2024-07-01 22:28:20	16.58275	2.473717	2.471874	1	0	0	0	0
2024-07-01 22:28:30	16.58275	2.47751	2.46279	1	0	0	0	0
2024-07-01 22:28:40	16.58275	2.481794	2.441742	1	0	0	0	0
2024-07-01 22:28:50	16.58275	2.480477	2.494119	1	0	0	0	0
2024-07-01 22:29:00	16.58275	2.480477	2.494119	1	0	0	0	0
2024-07-01 22:29:10	16.54569	2.479819	2.495823	1	0	0	0	0
2024-07-01 22:29:20	16.47157	2.473219	2.456397	1	0	0	0	0
2024-07-01 22:29:30	16.47157	2.468595	2.467252	1	0	0	0	0
2024-07-01 22:29:40	16.47157	2.465948	2.479417	1	0	0	0	0
2024-07-01 22:29:50	16.47157	2.468595	2.515197	1	0	0	0	0
2024-07-01 22:30:00	16.47157	2.470745	2.497721	1	0	0	0	0
2024-07-01 22:30:10	16.47157	2.470745	2.497721	1	0	0	0	0
2024-07-01 22:30:20	16.47157	2.472398	2.426992	1	0	0	0	0
2024-07-01 22:30:30	16.42148	2.467768	2.492665	1	0	0	0	0
2024-07-01 22:30:40	16.52941	2.464457	2.446101	1	0	0	0	0
2024-07-01 22:30:50	16.46659	2.474369	2.460388	1	0	0	0	0
2024-07-01 22:31:00	16.38147	2.474203	2.462802	1	0	0	0	0
2024-07-01 22:31:10	16.27406	2.46396	2.453342	1	0	0	0	0
2024-07-01 22:31:20	16.27406	2.465948	2.472983	1	0	0	0	0
2024-07-01 22:31:30	16.27406	2.466113	2.465379	1	0	0	0	0
2024-07-01 22:31:40	16.27406	2.466113	2.465379	1	0	0	0	0
2024-07-01 22:31:50	16.27406	2.464457	2.430527	1	0	0	0	0
2024-07-01 22:32:00	16.23981	2.460644	2.517399	1	0	0	0	0
2024-07-01 22:32:10	16.17129	2.461971	2.453319	1	0	0	0	0
2024-07-01 22:32:20	16.17129	2.460644	2.476532	1	0	0	0	0
2024-07-01 22:32:30	16.20883	2.45998	2.493145	1	0	0	0	0
2024-07-01 22:32:40	16.20883	2.45998	2.493145	1	0	0	0	0
2024-07-01 22:32:50	16.28391	2.45998	2.503158	1	0	0	0	0
2024-07-01 22:33:00	16.34237	2.464954	2.431116	1	0	0	0	0
2024-07-01 22:33:10	16.34237	2.466941	2.428005	1	0	0	0	0
2024-07-01 22:33:20	15.9051	2.462964	2.457441	1	0	0	0	0
2024-07-01 22:33:30	15.65184	2.448435	2.444136	1	0	0	0	0
2024-07-01 22:33:40	15.5826	2.423355	2.38809	1	0	0	0	0
2024-07-01 22:33:50	15.5826	2.423355	2.38809	1	0	0	0	0
2024-07-01 22:34:00	15.39843	2.414908	2.365588	1	0	0	0	0
2024-07-01 22:34:10	15.30634	2.398968	2.46735	1	0	0	0	0
2024-07-01 22:34:20	15.46306	2.410501	2.444579	1	0	0	0	0
2024-07-01 22:34:30	15.54141	2.416437	2.426139	1	0	0	0	0
2024-07-01 22:34:40	15.54141	2.416775	2.412032	1	0	0	0	0
2024-07-01 22:34:50	15.57728	2.418463	2.437956	1	0	0	0	0
2024-07-01 22:35:00	15.65545	2.424691	2.429078	1	0	0	0	0
2024-07-01 22:35:10	15.77591	2.435457	2.385398	1	0	0	0	0
2024-07-01 22:35:20	15.77591	2.435457	2.385398	1	0	0	0	0
2024-07-01 22:35:30	15.70484	2.436127	2.381098	1	0	0	0	0
2024-07-01 22:35:40	15.51675	2.429918	2.34155	1	0	0	0	0
2024-07-01 22:35:50	15.46089	2.420818	2.380275	1	0	0	0	0
2024-07-01 22:36:00	15.41502	2.417787	2.406322	1	0	0	0	0
2024-07-01 22:36:10	15.37915	2.420826	2.41969	1	0	0	0	0
2024-07-01 22:36:20	15.31681	2.414065	2.423434	1	0	0	0	0
2024-07-01 22:36:30	15.31681	2.414065	2.423434	1	0	0	0	0
2024-07-01 22:36:40	15.32261	2.408479	2.429348	1	0	0	0	0
2024-07-01 22:36:50	15.4391	2.411525	2.429691	1	0	0	0	0
2024-07-01 22:37:00	15.50443	2.41593	2.428659	1	0	0	0	0
2024-07-01 22:37:10	15.59253	2.417282	2.434337	1	0	0	0	0
2024-07-01 22:37:20	15.63564	2.426378	2.464068	1	0	0	0	0
2024-07-01 22:37:30	15.73037	2.43645	2.462732	1	0	0	0	0
2024-07-01 22:37:40	15.87672	2.447499	2.430327	1	0	0	0	0
2024-07-01 22:37:50	15.84227	2.450832	2.406031	1	0	0	0	0
2024-07-01 22:38:00	15.84227	2.450832	2.406031	1	0	0	0	0
2024-07-01 22:38:10	15.82504	2.450832	2.401888	1	0	0	0	0
2024-07-01 22:38:20	15.71574	2.434433	2.399538	1	0	0	0	0
2024-07-01 22:38:30	15.57432	2.429748	2.410858	1	0	0	0	0
2024-07-01 22:38:40	15.40079	2.433444	2.451858	1	0	0	0	0
2024-07-01 22:38:50	15.29386	2.420641	2.402148	1	0	0	0	0
2024-07-01 22:39:00	15.23959	2.41407	2.401783	1	0	0	0	0
2024-07-01 22:39:10	15.23959	2.41407	2.401783	1	0	0	0	0
2024-07-01 22:39:20	15.23801	2.413732	2.450761	1	0	0	0	0
2024-07-01 22:39:30	15.28108	2.41593	2.466483	1	0	0	0	0
2024-07-01 22:39:40	15.36722	2.415254	2.495619	1	0	0	0	0
2024-07-01 22:39:50	15.39027	2.422339	2.4327	1	0	0	0	0
2024-07-01 22:40:00	15.4018	2.427059	2.419759	1	0	0	0	0
2024-07-01 22:40:10	15.4018	2.429414	2.456795	1	0	0	0	0
2024-07-01 22:40:20	15.4018	2.429414	2.456795	1	0	0	0	0
2024-07-01 22:40:30	15.30919	2.431093	2.406255	1	0	0	0	0
2024-07-01 22:40:40	15.18414	2.416775	2.297575	1	0	0	0	0
2024-07-01 22:40:50	15.04325	2.404223	2.32262	1	0	0	0	0
2024-07-01 22:41:00	14.94249	2.397436	2.338513	1	0	0	0	0
2024-07-01 22:41:10	14.88185	2.396414	2.345255	1	0	0	0	0
2024-07-01 22:41:20	14.7375	2.3865	2.355003	1	0	0	0	0
2024-07-01 22:41:30	14.74954	2.380171	2.356593	1	0	0	0	0
2024-07-01 22:41:40	14.91797	2.377425	2.350023	1	0	0	0	0
2024-07-01 22:41:50	14.91797	2.377425	2.350023	1	0	0	0	0
2024-07-01 22:42:00	14.98824	2.383254	2.411027	1	0	0	0	0
2024-07-01 22:42:10	15.02338	2.398968	2.429332	1	0	0	0	0
2024-07-01 22:42:20	15.17482	2.409487	2.412239	1	0	0	0	0
2024-07-01 22:42:30	15.25053	2.416435	2.414463	1	0	0	0	0
2024-07-01 22:42:40	15.25053	2.419814	2.436004	1	0	0	0	0
2024-07-01 22:42:50	15.25053	2.422512	2.424682	1	0	0	0	0
2024-07-01 22:43:00	15.25053	2.422512	2.424682	1	0	0	0	0
2024-07-01 22:43:10	15.08653	2.416924	2.399952	1	0	0	0	0
2024-07-01 22:43:20	14.75854	2.392138	2.34607	1	0	0	0	0
2024-07-01 22:43:30	14.68991	2.387195	2.321506	1	0	0	0	0
2024-07-01 22:43:40	14.55266	2.388221	2.288121	1	0	0	0	0
2024-07-01 22:43:50	14.55266	2.369301	2.318334	1	0	0	0	0
2024-07-01 22:44:00	14.34755	2.354981	2.340959	1	0	0	0	0
2024-07-01 22:44:10	13.93733	2.345261	2.355997	1	0	0	0	0
2024-07-01 22:44:20	13.93733	2.345261	2.355997	1	0	0	0	0
2024-07-01 22:44:30	14.03307	2.338631	2.374502	1	0	0	0	0
2024-07-01 22:44:40	14.08094	2.347871	2.388561	1	0	0	0	0
2024-07-01 22:44:50	14.08094	2.343343	2.338631	1	0	0	0	0
2024-07-01 22:45:00	14.08094	2.342821	2.342324	1	0	0	0	0
2024-07-01 22:45:10	14.08094	2.346306	2.399641	1	0	0	0	0
2024-07-01 22:45:20	14.08094	2.346654	2.402229	1	0	0	0	0
2024-07-01 22:45:30	14.08094	2.346654	2.402229	1	0	0	0	0
2024-07-01 22:45:40	14.08094	2.346132	2.367716	1	0	0	0	0
2024-07-01 22:45:50	14.01186	2.344391	2.299759	1	0	0	0	0
2024-07-01 22:46:00	13.94038	2.342298	2.323797	1	0	0	0	0
2024-07-01 22:46:10	13.86651	2.338461	2.368215	1	0	0	0	0
2024-07-01 22:46:20	13.75922	2.328652	2.349694	1	0	0	0	0
2024-07-01 22:46:30	13.75469	2.32445	2.337471	1	0	0	0	0
2024-07-01 22:46:40	13.85291	2.325855	2.331547	1	0	0	0	0
2024-07-01 22:46:50	13.85291	2.325855	2.331547	1	0	0	0	0
2024-07-01 22:47:00	13.9493	2.321635	2.358366	1	0	0	0	0
2024-07-01 22:47:10	14.26028	2.350479	2.40171	1	0	0	0	0
2024-07-01 22:47:20	14.33753	2.354642	2.388165	1	0	0	0	0
2024-07-01 22:47:30	14.37616	2.358801	2.385601	1	0	0	0	0
2024-07-01 22:47:40	14.37616	2.362954	2.394017	1	0	0	0	0
2024-07-01 22:47:50	14.43454	2.367096	2.344853	1	0	0	0	0
2024-07-01 22:48:00	14.51983	2.368304	2.322249	1	0	0	0	0
2024-07-01 22:48:10	14.51983	2.368304	2.322249	1	0	0	0	0
2024-07-01 22:48:20	14.63202	2.36658	2.326206	1	0	0	0	0
2024-07-01 22:48:30	14.73731	2.38497	2.383012	1	0	0	0	0
2024-07-01 22:48:40	14.73731	2.385655	2.406049	1	0	0	0	0
2024-07-01 22:48:50	14.73731	2.385655	2.396015	1	0	0	0	0
2024-07-01 22:49:00	14.7598	2.382568	2.387788	1	0	0	0	0
2024-07-01 22:49:10	14.80479	2.376394	2.381369	1	0	0	0	0
2024-07-01 22:49:20	14.80479	2.376394	2.381369	1	0	0	0	0
2024-07-01 22:49:30	14.80479	2.384279	2.333527	1	0	0	0	0
2024-07-01 22:49:40	14.30442	2.365544	2.306896	1	0	0	0	0
2024-07-01 22:49:50	14.30442	2.358624	2.281659	1	0	0	0	0
2024-07-01 22:50:00	14.2404	2.350469	2.277833	1	0	0	0	0
2024-07-01 22:50:10	14.11234	2.341079	2.295418	1	0	0	0	0
2024-07-01 22:50:20	14.11234	2.342822	2.323061	1	0	0	0	0
2024-07-01 22:50:30	14.12982	2.341775	2.355304	1	0	0	0	0
2024-07-01 22:50:40	14.12982	2.341775	2.355304	1	0	0	0	0
2024-07-01 22:50:50	14.16476	2.337937	2.392148	1	0	0	0	0
2024-07-01 22:51:00	14.48364	2.353919	2.375969	1	0	0	0	0
2024-07-01 22:51:10	14.80951	2.371234	2.360986	1	0	0	0	0
2024-07-01 22:51:20	14.80951	2.368821	2.404778	1	0	0	0	0
2024-07-01 22:51:30	14.91734	2.373286	2.458863	1	0	0	0	0
2024-07-01 22:51:40	15.13299	2.384628	2.523241	1	0	0	0	0
2024-07-01 22:51:50	15.27404	2.392485	2.492215	1	0	0	0	0
2024-07-01 22:52:00	15.41087	2.40134	2.451529	1	0	0	0	0
2024-07-01 22:52:10	15.41087	2.40134	2.451529	1	0	0	0	0
2024-07-01 22:52:20	15.5435	2.411192	2.401183	1	0	0	0	0
2024-07-01 22:52:30	15.76036	2.420305	2.484845	1	0	0	0	0
2024-07-01 22:52:40	15.76036	2.432437	2.449553	1	0	0	0	0
2024-07-01 22:52:50	15.83094	2.435456	2.455722	1	0	0	0	0
2024-07-01 22:53:00	15.89063	2.436295	2.449558	1	0	0	0	0
2024-07-01 22:53:10	15.93944	2.434954	2.431061	1	0	0	0	0
2024-07-01 22:53:20	15.93944	2.434954	2.431061	1	0	0	0	0
2024-07-01 22:53:30	15.93944	2.439308	2.390475	1	0	0	0	0
2024-07-01 22:53:40	16.03011	2.442488	2.368207	1	0	0	0	0
2024-07-01 22:53:50	16.09875	2.438136	2.488335	1	0	0	0	0
2024-07-01 22:54:00	16.13306	2.441473	2.506475	1	0	0	0	0
2024-07-01 22:54:10	16.13306	2.452499	2.422626	1	0	0	0	0
2024-07-01 22:54:20	16.17302	2.452499	2.427134	1	0	0	0	0
2024-07-01 22:54:30	16.1619	2.452499	2.416788	1	0	0	0	0
2024-07-01 22:54:40	16.0997	2.452499	2.391588	1	0	0	0	0
2024-07-01 22:54:50	16.0997	2.452499	2.391588	1	0	0	0	0
2024-07-01 22:55:00	15.98749	2.443148	2.401886	1	0	0	0	0
2024-07-01 22:55:10	15.71421	2.407634	2.439525	1	0	0	0	0
2024-07-01 22:55:20	15.71421	2.412375	2.445507	1	0	0	0	0
2024-07-01 22:55:30	15.71421	2.414577	2.460185	1	0	0	0	0
2024-07-01 22:55:40	15.71421	2.414239	2.483559	1	0	0	0	0
2024-07-01 22:55:50	15.71421	2.413562	2.433512	1	0	0	0	0
2024-07-01 22:56:00	15.73951	2.414407	2.418515	1	0	0	0	0
2024-07-01 22:56:10	15.73951	2.414407	2.418515	1	0	0	0	0
2024-07-01 22:56:20	15.79013	2.416775	2.438569	1	0	0	0	0
2024-07-01 22:56:30	15.79013	2.423524	2.439541	1	0	0	0	0
2024-07-01 22:56:40	15.79013	2.423861	2.441483	1	0	0	0	0
2024-07-01 22:56:50	15.85427	2.418123	2.401353	1	0	0	0	0
2024-07-01 22:57:00	15.88634	2.417449	2.402195	1	0	0	0	0
2024-07-01 22:57:10	15.88634	2.421838	2.444009	1	0	0	0	0
2024-07-01 22:57:20	15.88634	2.421838	2.444009	1	0	0	0	0
2024-07-01 22:57:30	15.88634	2.421838	2.455697	1	0	0	0	0
2024-07-01 22:57:40	16.0689	2.427396	2.452607	1	0	0	0	0
2024-07-01 22:57:50	16.12583	2.433105	2.444496	1	0	0	0	0
2024-07-01 22:58:00	16.20382	2.439806	2.461528	1	0	0	0	0
2024-07-01 22:58:10	16.30288	2.447499	2.503703	1	0	0	0	0
2024-07-01 22:58:20	16.30288	2.444159	2.482909	1	0	0	0	0
2024-07-01 22:58:30	16.32529	2.444826	2.481947	1	0	0	0	0
2024-07-01 22:58:40	16.3701	2.4495	2.500817	1	0	0	0	0
2024-07-01 22:58:50	16.40761	2.447498	2.47822	1	0	0	0	0
2024-07-01 22:59:00	16.40761	2.447498	2.47822	1	0	0	0	0
2024-07-01 22:59:10	16.4858	2.451489	2.450372	1	0	0	0	0
2024-07-01 22:59:20	16.60469	2.459814	2.473467	1	0	0	0	0
2024-07-01 22:59:30	16.63749	2.459316	2.496893	1	0	0	0	0
2024-07-01 22:59:40	16.7031	2.45998	2.487549	1	0	0	0	0
2024-07-01 22:59:50	16.7031	2.464952	2.484893	1	0	0	0	0
2024-07-01 23:00:00	16.74086	2.467934	2.481336	1	0	0	0	0
2024-07-01 23:00:10	16.74086	2.467934	2.481336	1	0	0	0	0
2024-07-01 23:00:20	16.81639	2.468927	2.476877	1	0	0	0	0
2024-07-01 23:00:30	16.81639	2.471736	2.43209	1	0	0	0	0
2024-07-01 23:00:40	16.81639	2.469423	2.501307	1	0	0	0	0
2024-07-01 23:00:50	16.81639	2.472067	2.512451	1	0	0	0	0
2024-07-01 23:01:00	16.81639	2.471405	2.500458	1	0	0	0	0
2024-07-01 23:01:10	16.81639	2.467438	2.465326	1	0	0	0	0
2024-07-01 23:01:20	16.81639	2.467438	2.465326	1	0	0	0	0
2024-07-01 23:01:30	16.81639	2.469753	2.483926	1	0	0	0	0
2024-07-01 23:01:40	16.81639	2.470911	2.495303	1	0	0	0	0
2024-07-01 23:01:50	16.81639	2.474872	2.49175	1	0	0	0	0
2024-07-01 23:02:00	16.81639	2.473715	2.492661	1	0	0	0	0
2024-07-01 23:02:10	16.81639	2.467438	2.498038	1	0	0	0	0
2024-07-01 23:02:20	16.81639	2.473385	2.486614	1	0	0	0	0
2024-07-01 23:02:30	16.81639	2.474542	2.470174	1	0	0	0	0
2024-07-01 23:02:40	16.81639	2.470911	2.44872	1	0	0	0	0
2024-07-01 23:02:50	16.8685	2.471902	2.436524	1	0	0	0	0
2024-07-01 23:03:00	16.8685	2.471902	2.436524	1	0	0	0	0
2024-07-01 23:03:10	16.89455	2.471902	2.443425	1	0	0	0	0
2024-07-01 23:03:20	16.93184	2.475202	2.45161	1	0	0	0	0
2024-07-01 23:03:30	16.95049	2.478006	2.453383	1	0	0	0	0
2024-07-01 23:03:40	16.95049	2.479325	2.474741	1	0	0	0	0
2024-07-01 23:03:50	16.95049	2.479325	2.46941	1	0	0	0	0
2024-07-01 23:04:00	16.96923	2.479489	2.475512	1	0	0	0	0
2024-07-01 23:04:10	16.96923	2.479489	2.475512	1	0	0	0	0
2024-07-01 23:04:20	17.00672	2.479819	2.493046	1	0	0	0	0
2024-07-01 23:04:30	17.00672	2.481464	2.477389	1	0	0	0	0
2024-07-01 23:04:40	17.00672	2.479819	2.474763	1	0	0	0	0
2024-07-01 23:04:50	17.094	2.480148	2.459781	1	0	0	0	0
2024-07-01 23:05:00	17.18071	2.481628	2.468436	1	0	0	0	0
2024-07-01 23:05:10	17.26683	2.48426	2.50073	1	0	0	0	0
2024-07-01 23:05:20	17.26683	2.49344	2.486832	1	0	0	0	0
2024-07-01 23:05:30	17.26683	2.49344	2.486832	1	0	0	0	0
2024-07-01 23:05:40	17.29544	2.496229	2.48498	1	0	0	0	0
2024-07-01 23:05:50	17.4159	2.498189	2.510314	1	0	0	0	0
2024-07-01 23:06:00	17.44752	2.501459	2.496364	1	0	0	0	0
2024-07-01 23:06:10	17.44752	2.502439	2.453325	1	0	0	0	0
2024-07-01 23:06:20	17.44752	2.501786	2.485641	1	0	0	0	0
2024-07-01 23:06:30	17.44752	2.50097	2.499793	1	0	0	0	0
2024-07-01 23:06:40	17.44752	2.49999	2.495782	1	0	0	0	0
2024-07-01 23:06:50	17.44752	2.501949	2.506439	1	0	0	0	0
2024-07-01 23:07:00	17.44752	2.501949	2.506439	1	0	0	0	0
2024-07-01 23:07:10	17.4212	2.502275	2.515099	1	0	0	0	0
2024-07-01 23:07:20	17.41891	2.504558	2.485206	1	0	0	0	0
2024-07-01 23:07:30	17.44408	2.505537	2.471215	1	0	0	0	0
2024-07-01 23:07:40	17.44408	2.503907	2.479789	1	0	0	0	0
2024-07-01 23:07:50	17.44408	2.505863	2.504461	1	0	0	0	0
2024-07-01 23:08:00	17.44408	2.506678	2.515288	1	0	0	0	0
2024-07-01 23:08:10	17.44408	2.506678	2.515288	1	0	0	0	0
2024-07-01 23:08:20	17.44408	2.506352	2.51227	1	0	0	0	0
2024-07-01 23:08:30	17.61899	2.509927	2.526711	1	0	0	0	0
2024-07-01 23:08:40	17.61899	2.518055	2.533614	1	0	0	0	0
2024-07-01 23:08:50	17.70041	2.518055	2.518991	1	0	0	0	0
2024-07-01 23:09:00	17.7666	2.519998	2.512013	1	0	0	0	0
2024-07-01 23:09:10	17.81757	2.523886	2.512679	1	0	0	0	0
2024-07-01 23:09:20	17.81757	2.522915	2.538185	1	0	0	0	0
2024-07-01 23:09:30	17.81757	2.522915	2.538185	1	0	0	0	0
2024-07-01 23:09:40	17.85263	2.525016	2.540901	1	0	0	0	0
2024-07-01 23:09:50	17.92274	2.529219	2.497371	1	0	0	0	0
2024-07-01 23:10:00	17.94636	2.528573	2.516665	1	0	0	0	0
2024-07-01 23:10:10	17.99358	2.52825	2.578708	1	0	0	0	0
2024-07-01 23:10:20	18.09727	2.533088	2.585137	1	0	0	0	0
2024-07-01 23:10:30	18.14912	2.535186	2.577668	1	0	0	0	0
2024-07-01 23:10:40	18.14912	2.534541	2.556302	1	0	0	0	0
2024-07-01 23:10:50	18.14912	2.537439	2.537564	1	0	0	0	0
2024-07-01 23:11:00	18.14912	2.537439	2.537564	1	0	0	0	0
2024-07-01 23:11:10	18.18677	2.537117	2.556868	1	0	0	0	0
2024-07-01 23:11:20	18.26207	2.540009	2.517605	1	0	0	0	0
2024-07-01 23:11:30	18.26207	2.54467	2.507014	1	0	0	0	0
2024-07-01 23:11:40	18.26207	2.547558	2.582442	1	0	0	0	0
2024-07-01 23:11:50	18.31142	2.5514	2.557329	1	0	0	0	0
2024-07-01 23:12:00	18.28415	2.549796	2.546243	1	0	0	0	0
2024-07-01 23:12:10	18.18025	2.542745	2.549183	1	0	0	0	0
2024-07-01 23:12:20	18.18025	2.542745	2.549183	1	0	0	0	0
2024-07-01 23:12:30	18.18025	2.546594	2.527236	1	0	0	0	0
2024-07-01 23:12:40	18.18025	2.54948	2.539723	1	0	0	0	0
2024-07-01 23:12:50	18.21785	2.553	2.554248	1	0	0	0	0
2024-07-01 23:13:00	18.2608	2.553	2.542222	1	0	0	0	0
2024-07-01 23:13:10	18.3091	2.54948	2.503644	1	0	0	0	0
2024-07-01 23:13:20	18.3091	2.54884	2.539834	1	0	0	0	0
2024-07-01 23:13:30	18.3091	2.55028	2.546354	1	0	0	0	0
2024-07-01 23:13:40	18.3091	2.55028	2.546354	1	0	0	0	0
2024-07-01 23:13:50	18.3091	2.553801	2.523203	1	0	0	0	0
2024-07-01 23:14:00	18.47331	2.559231	2.594268	1	0	0	0	0
2024-07-01 23:14:10	18.50874	2.562421	2.576394	1	0	0	0	0
2024-07-01 23:14:20	18.45186	2.561464	2.602553	1	0	0	0	0
2024-07-01 23:14:30	18.45413	2.561624	2.604008	1	0	0	0	0
2024-07-01 23:14:40	18.51555	2.562899	2.580761	1	0	0	0	0
2024-07-01 23:14:50	18.58304	2.565128	2.560057	1	0	0	0	0
2024-07-01 23:15:00	18.58304	2.565128	2.560057	1	0	0	0	0
2024-07-01 23:15:10	18.61678	2.565287	2.547204	1	0	0	0	0
2024-07-01 23:15:20	18.74308	2.571006	2.604581	1	0	0	0	0
2024-07-01 23:15:30	18.78813	2.573233	2.624108	1	0	0	0	0
2024-07-01 23:15:40	18.75193	2.570058	2.60078	1	0	0	0	0
2024-07-01 23:15:50	18.75193	2.569105	2.594678	1	0	0	0	0
2024-07-01 23:16:00	18.76874	2.568151	2.584671	1	0	0	0	0
2024-07-01 23:16:10	18.76874	2.568151	2.584671	1	0	0	0	0
2024-07-01 23:16:20	18.80237	2.567197	2.570758	1	0	0	0	0
2024-07-01 23:16:30	18.80237	2.575296	2.568668	1	0	0	0	0
2024-07-01 23:16:40	18.80237	2.577198	2.531316	1	0	0	0	0
2024-07-01 23:16:50	18.80237	2.577515	2.544095	1	0	0	0	0
2024-07-01 23:17:00	18.80237	2.576088	2.532564	1	0	0	0	0
2024-07-01 23:17:10	18.80237	2.572917	2.496724	1	0	0	0	0
2024-07-01 23:17:20	18.80237	2.573869	2.541869	1	0	0	0	0
2024-07-01 23:17:30	18.83087	2.575454	2.567427	1	0	0	0	0
2024-07-01 23:17:40	18.83087	2.575454	2.567427	1	0	0	0	0
2024-07-01 23:17:50	18.88787	2.577673	2.573396	1	0	0	0	0
2024-07-01 23:18:00	18.88787	2.583049	2.56612	1	0	0	0	0
2024-07-01 23:18:10	18.88787	2.575772	2.538637	1	0	0	0	0
2024-07-01 23:18:20	18.92399	2.584942	2.538012	1	0	0	0	0
2024-07-01 23:18:30	18.94204	2.589369	2.544702	1	0	0	0	0
2024-07-01 23:18:40	18.94204	2.589054	2.558708	1	0	0	0	0
2024-07-01 23:18:50	18.94204	2.589054	2.558708	1	0	0	0	0
2024-07-01 23:19:00	18.94204	2.58305	2.560982	1	0	0	0	0
2024-07-01 23:19:10	18.94204	2.581947	2.568618	1	0	0	0	0
2024-07-01 23:19:20	18.82757	2.577513	2.584411	1	0	0	0	0
2024-07-01 23:19:30	18.77034	2.575138	2.588113	1	0	0	0	0
2024-07-01 23:19:40	18.77034	2.57482	2.579722	1	0	0	0	0
2024-07-01 23:19:50	18.77034	2.57482	2.588725	1	0	0	0	0
2024-07-01 23:20:00	18.77034	2.57482	2.588725	1	0	0	0	0
2024-07-01 23:20:10	18.71908	2.573709	2.587036	1	0	0	0	0
2024-07-01 23:20:20	18.61655	2.573709	2.58154	1	0	0	0	0
2024-07-01 23:20:30	18.56435	2.575454	2.579674	1	0	0	0	0
2024-07-01 23:20:40	18.45995	2.576723	2.569057	1	0	0	0	0
2024-07-01 23:20:50	18.33012	2.564955	2.543042	1	0	0	0	0
2024-07-01 23:21:00	18.2652	2.557635	2.535475	1	0	0	0	0
2024-07-01 23:21:10	18.2652	2.55476	2.546355	1	0	0	0	0
2024-07-01 23:21:20	18.2652	2.55476	2.546355	1	0	0	0	0
2024-07-01 23:21:30	18.2652	2.55508	2.542769	1	0	0	0	0
2024-07-01 23:21:40	18.2652	2.553801	2.563245	1	0	0	0	0
2024-07-01 23:21:50	18.2652	2.555719	2.55967	1	0	0	0	0
2024-07-01 23:22:00	18.2652	2.557476	2.560225	1	0	0	0	0
2024-07-01 23:22:10	18.2652	2.559072	2.564909	1	0	0	0	0
2024-07-01 23:22:20	18.2652	2.560667	2.568804	1	0	0	0	0
2024-07-01 23:22:30	18.2652	2.560667	2.568804	1	0	0	0	0
2024-07-01 23:22:40	18.2652	2.561783	2.562571	1	0	0	0	0
2024-07-01 23:22:50	18.36457	2.564969	2.57895	1	0	0	0	0
2024-07-01 23:23:00	18.41426	2.564969	2.568515	1	0	0	0	0
2024-07-01 23:23:10	18.41426	2.562421	2.514905	1	0	0	0	0
2024-07-01 23:23:20	18.41426	2.557314	2.562067	1	0	0	0	0
2024-07-01 23:23:30	18.41426	2.557473	2.574467	1	0	0	0	0
2024-07-01 23:23:40	18.41426	2.562899	2.552105	1	0	0	0	0
2024-07-01 23:23:50	18.41426	2.561624	2.562651	1	0	0	0	0
2024-07-01 23:24:00	18.41426	2.561624	2.562651	1	0	0	0	0
2024-07-01 23:24:10	18.46257	2.562897	2.557418	1	0	0	0	0
2024-07-01 23:24:20	18.5592	2.567674	2.557257	1	0	0	0	0
2024-07-01 23:24:30	18.57806	2.565922	2.576333	1	0	0	0	0
2024-07-01 23:24:40	18.61577	2.561465	2.593634	1	0	0	0	0
2024-07-01 23:24:50	18.78992	2.567194	2.633449	1	0	0	0	0
2024-07-01 23:25:00	18.877	2.57228	2.644453	1	0	0	0	0
2024-07-01 23:25:10	18.877	2.576723	2.626647	1	0	0	0	0
2024-07-01 23:25:20	18.877	2.576723	2.626647	1	0	0	0	0
2024-07-01 23:25:30	18.96405	2.57482	2.581493	1	0	0	0	0
2024-07-01 23:25:40	19.06104	2.586213	2.626532	1	0	0	0	0
2024-07-01 23:25:50	19.06104	2.58495	2.605573	1	0	0	0	0
2024-07-01 23:26:00	19.06104	2.58416	2.615216	1	0	0	0	0
2024-07-01 23:26:10	19.06104	2.583844	2.655462	1	0	0	0	0
2024-07-01 23:26:20	19.06104	2.583844	2.655462	1	0	0	0	0
2024-07-01 23:26:30	19.17623	2.586371	2.643605	1	0	0	0	0
2024-07-01 23:26:40	19.42987	2.596613	2.597397	1	0	0	0	0
2024-07-01 23:26:50	19.51688	2.598185	2.630628	1	0	0	0	0
2024-07-01 23:27:00	19.58621	2.601481	2.645367	1	0	0	0	0
2024-07-01 23:27:10	19.63787	2.606502	2.641616	1	0	0	0	0
2024-07-01 23:27:20	19.73917	2.608693	2.638273	1	0	0	0	0
2024-07-01 23:27:30	19.78983	2.608223	2.649055	1	0	0	0	0
2024-07-01 23:27:40	19.78983	2.605091	2.67396	1	0	0	0	0
2024-07-01 23:27:50	19.78983	2.605091	2.67396	1	0	0	0	0
2024-07-01 23:28:00	19.84385	2.608849	2.653231	1	0	0	0	0
2024-07-01 23:28:10	20.03148	2.616353	2.64005	1	0	0	0	0
2024-07-01 23:28:20	20.03148	2.621962	2.613954	1	0	0	0	0
2024-07-01 23:28:30	20.03148	2.622898	2.610947	1	0	0	0	0
2024-07-01 23:28:40	20.03148	2.61916	2.631029	1	0	0	0	0
2024-07-01 23:28:50	20.07142	2.618848	2.622866	1	0	0	0	0
2024-07-01 23:29:00	20.07142	2.618848	2.622866	1	0	0	0	0
2024-07-01 23:29:10	20.11418	2.620717	2.628551	1	0	0	0	0
2024-07-01 23:29:20	20.29719	2.629738	2.643451	1	0	0	0	0
2024-07-01 23:29:30	20.38428	2.634547	2.632627	1	0	0	0	0
2024-07-01 23:29:40	20.42102	2.639195	2.615611	1	0	0	0	0
2024-07-01 23:29:50	20.46118	2.637028	2.6217	1	0	0	0	0
2024-07-01 23:30:00	20.48126	2.635789	2.632873	1	0	0	0	0
2024-07-01 23:30:10	20.48126	2.635479	2.649132	1	0	0	0	0
2024-07-01 23:30:20	20.38894	2.639194	2.630599	1	0	0	0	0
2024-07-01 23:30:30	20.38894	2.639194	2.630599	1	0	0	0	0
2024-07-01 23:30:40	20.34278	2.640278	2.618736	1	0	0	0	0
2024-07-01 23:30:50	20.34278	2.635633	2.623158	1	0	0	0	0
2024-07-01 23:31:00	20.29559	2.633464	2.632068	1	0	0	0	0
2024-07-01 23:31:10	20.20121	2.632223	2.640269	1	0	0	0	0
2024-07-01 23:31:20	20.20121	2.632534	2.642644	1	0	0	0	0
2024-07-01 23:31:30	20.20121	2.632534	2.642644	1	0	0	0	0
2024-07-01 23:31:40	20.13677	2.63067	2.624894	1	0	0	0	0
2024-07-01 23:31:50	19.91886	2.622898	2.5754	1	0	0	0	0
2024-07-01 23:32:00	19.82099	2.620251	2.574965	1	0	0	0	0
2024-07-01 23:32:10	19.71427	2.618692	2.585712	1	0	0	0	0
2024-07-01 23:32:20	19.66465	2.61682	2.569481	1	0	0	0	0
2024-07-01 23:32:30	19.63984	2.613226	2.568318	1	0	0	0	0
2024-07-01 23:32:40	19.63984	2.607911	2.582222	1	0	0	0	0
2024-07-01 23:32:50	19.63984	2.607911	2.582222	1	0	0	0	0
2024-07-01 23:33:00	19.49665	2.606031	2.538761	1	0	0	0	0
2024-07-01 23:33:10	19.31982	2.596141	2.579712	1	0	0	0	0
2024-07-01 23:33:20	19.22668	2.595197	2.587496	1	0	0	0	0
2024-07-01 23:33:30	19.13468	2.592835	2.569629	1	0	0	0	0
2024-07-01 23:33:40	19.04381	2.589054	2.526111	1	0	0	0	0
2024-07-01 23:33:50	18.99259	2.586213	2.508999	1	0	0	0	0
2024-07-01 23:34:00	18.93094	2.582736	2.52132	1	0	0	0	0
2024-07-01 23:34:10	18.85885	2.578624	2.563073	1	0	0	0	0
2024-07-01 23:34:20	18.85885	2.578624	2.563073	1	0	0	0	0
2024-07-01 23:34:30	18.85885	2.582104	2.621009	1	0	0	0	0
2024-07-01 23:34:40	18.8372	2.580998	2.594177	1	0	0	0	0
2024-07-01 23:34:50	18.8372	2.580682	2.577039	1	0	0	0	0
2024-07-01 23:35:00	18.76379	2.579573	2.543387	1	0	0	0	0
2024-07-01 23:35:10	18.61699	2.577673	2.493221	1	0	0	0	0
2024-07-01 23:35:20	18.53087	2.574185	2.509154	1	0	0	0	0
2024-07-01 23:35:30	18.53087	2.574185	2.509154	1	0	0	0	0
2024-07-01 23:35:40	18.3694	2.567505	2.491084	1	0	0	0	0
2024-07-01 23:35:50	18.02336	2.550917	2.468764	1	0	0	0	0
2024-07-01 23:36:00	17.91807	2.545793	2.477278	1	0	0	0	0
2024-07-01 23:36:10	17.81672	2.542263	2.464553	1	0	0	0	0
2024-07-01 23:36:20	17.81672	2.532598	2.485636	1	0	0	0	0
2024-07-01 23:36:30	17.77155	2.531312	2.48706	1	0	0	0	0
2024-07-01 23:36:40	17.6812	2.538405	2.468823	1	0	0	0	0
2024-07-01 23:36:50	17.6812	2.538405	2.468823	1	0	0	0	0
2024-07-01 23:37:00	17.6812	2.529373	2.549406	1	0	0	0	0
2024-07-01 23:37:10	17.49336	2.517568	2.507449	1	0	0	0	0
2024-07-01 23:37:20	17.49336	2.518865	2.534359	1	0	0	0	0
2024-07-01 23:37:30	17.53205	2.518865	2.543731	1	0	0	0	0
2024-07-01 23:37:40	17.60943	2.517568	2.535567	1	0	0	0	0
2024-07-01 23:37:50	17.53491	2.518865	2.478963	1	0	0	0	0
2024-07-01 23:38:00	17.49765	2.517567	2.459324	1	0	0	0	0
2024-07-01 23:38:10	17.49765	2.517567	2.459324	1	0	0	0	0
2024-07-01 23:38:20	17.49765	2.513673	2.47665	1	0	0	0	0
2024-07-01 23:38:30	17.3658	2.515296	2.501657	1	0	0	0	0
2024-07-01 23:38:40	17.32358	2.512698	2.455899	1	0	0	0	0
2024-07-01 23:38:50	17.27807	2.508467	2.505991	1	0	0	0	0
2024-07-01 23:39:00	17.25531	2.507003	2.523575	1	0	0	0	0
2024-07-01 23:39:10	17.25531	2.508306	2.50865	1	0	0	0	0
2024-07-01 23:39:20	17.25531	2.508306	2.50865	1	0	0	0	0
2024-07-01 23:39:30	17.25531	2.506351	2.530892	1	0	0	0	0
2024-07-01 23:39:40	17.25531	2.504396	2.51711	1	0	0	0	0
2024-07-01 23:39:50	17.25531	2.506026	2.507261	1	0	0	0	0
2024-07-01 23:40:00	17.25531	2.50798	2.531668	1	0	0	0	0
2024-07-01 23:40:10	17.25531	2.510259	2.590333	1	0	0	0	0
2024-07-01 23:40:20	17.25531	2.507002	2.5336	1	0	0	0	0
2024-07-01 23:40:30	17.25531	2.508465	2.515385	1	0	0	0	0
2024-07-01 23:40:40	17.25531	2.514647	2.535686	1	0	0	0	0
2024-07-01 23:40:50	17.25531	2.514647	2.535686	1	0	0	0	0
2024-07-01 23:41:00	17.08925	2.506835	2.520729	1	0	0	0	0
2024-07-01 23:41:10	17.00623	2.489187	2.494671	1	0	0	0	0
2024-07-01 23:41:20	16.90863	2.489187	2.519115	1	0	0	0	0
2024-07-01 23:41:30	16.82829	2.489679	2.482184	1	0	0	0	0
2024-07-01 23:41:40	16.76519	2.490663	2.38388	1	0	0	0	0
2024-07-01 23:41:50	16.76519	2.479146	2.438602	1	0	0	0	0
2024-07-01 23:42:00	16.76519	2.479146	2.438602	1	0	0	0	0
2024-07-01 23:42:10	16.76519	2.473223	2.463554	1	0	0	0	0
2024-07-01 23:42:20	16.63781	2.456297	2.489591	1	0	0	0	0
2024-07-01 23:42:30	16.48057	2.448833	2.482291	1	0	0	0	0
2024-07-01 23:42:40	16.29346	2.4505	2.436833	1	0	0	0	0
2024-07-01 23:42:50	16.33864	2.455824	2.40353	1	0	0	0	0
2024-07-01 23:43:00	16.36123	2.458319	2.403568	1	0	0	0	0
2024-07-01 23:43:10	16.36123	2.458319	2.403568	1	0	0	0	0
2024-07-01 23:43:20	16.36123	2.457987	2.436947	1	0	0	0	0
2024-07-01 23:43:30	16.38303	2.460975	2.451187	1	0	0	0	0
2024-07-01 23:43:40	16.42663	2.462966	2.490325	1	0	0	0	0
2024-07-01 23:43:50	16.33433	2.456654	2.490325	1	0	0	0	0
2024-07-01 23:44:00	16.30561	2.45083	2.462012	1	0	0	0	0
2024-07-01 23:44:10	16.34046	2.445496	2.405386	1	0	0	0	0
2024-07-01 23:44:20	16.34046	2.449498	2.413265	1	0	0	0	0
2024-07-01 23:44:30	16.34046	2.450833	2.420559	1	0	0	0	0
2024-07-01 23:44:40	16.34046	2.450833	2.420559	1	0	0	0	0
2024-07-01 23:44:50	16.34046	2.4495	2.42727	1	0	0	0	0
2024-07-01 23:45:00	16.26511	2.445496	2.469491	1	0	0	0	0
2024-07-01 23:45:10	16.26511	2.445496	2.451374	1	0	0	0	0
2024-07-01 23:45:20	16.22578	2.447498	2.43497	1	0	0	0	0
2024-07-01 23:45:30	16.1852	2.446663	2.434557	1	0	0	0	0
2024-07-01 23:45:40	16.1852	2.446663	2.434557	1	0	0	0	0
2024-07-01 23:45:50	16.14336	2.44299	2.450134	1	0	0	0	0
2024-07-01 23:46:00	16.03689	2.435122	2.445906	1	0	0	0	0
2024-07-01 23:46:10	16.03689	2.435457	2.439293	1	0	0	0	0
2024-07-01 23:46:20	16.03689	2.433779	2.435043	1	0	0	0	0
2024-07-01 23:46:30	16.10046	2.433612	2.452842	1	0	0	0	0
2024-07-01 23:46:40	16.2276	2.434954	2.49269	1	0	0	0	0
2024-07-01 23:46:50	16.34857	2.439642	2.473032	1	0	0	0	0
2024-07-01 23:47:00	16.40906	2.443824	2.461643	1	0	0	0	0
2024-07-01 23:47:10	16.40906	2.443824	2.461643	1	0	0	0	0
2024-07-01 23:47:20	16.40906	2.447499	2.458525	1	0	0	0	0
2024-07-01 23:47:30	16.31149	2.451497	2.433631	1	0	0	0	0
2024-07-01 23:47:40	16.31149	2.446497	2.43798	1	0	0	0	0
2024-07-01 23:47:50	16.21309	2.444494	2.465972	1	0	0	0	0
2024-07-01 23:48:00	16.16389	2.442321	2.465575	1	0	0	0	0
2024-07-01 23:48:10	16.16389	2.442321	2.465575	1	0	0	0	0
2024-07-01 23:48:20	16.16389	2.43998	2.436789	1	0	0	0	0
2024-07-01 23:48:30	16.16389	2.43931	2.46445	1	0	0	0	0
2024-07-01 23:48:40	16.16389	2.438975	2.43899	1	0	0	0	0
2024-07-01 23:48:50	16.12378	2.432937	2.421398	1	0	0	0	0
2024-07-01 23:49:00	16.10372	2.434275	2.423037	1	0	0	0	0
2024-07-01 23:49:10	16.10372	2.44299	2.443906	1	0	0	0	0
2024-07-01 23:49:20	15.97971	2.439644	2.460661	1	0	0	0	0
2024-07-01 23:49:30	15.97971	2.439644	2.460661	1	0	0	0	0
2024-07-01 23:49:40	15.9177	2.434278	2.471466	1	0	0	0	0
2024-07-01 23:49:50	15.96955	2.429245	2.457902	1	0	0	0	0
2024-07-01 23:50:00	15.99548	2.430254	2.44778	1	0	0	0	0
2024-07-01 23:50:10	15.99548	2.429918	2.445953	1	0	0	0	0
2024-07-01 23:50:20	15.95151	2.432269	2.44778	1	0	0	0	0
2024-07-01 23:50:30	15.94755	2.433276	2.437142	1	0	0	0	0
2024-07-01 23:50:40	15.9836	2.43294	2.414039	1	0	0	0	0
2024-07-01 23:50:50	15.9836	2.43294	2.414039	1	0	0	0	0
2024-07-01 23:51:00	15.92068	2.432269	2.390594	1	0	0	0	0
2024-07-01 23:51:10	15.88922	2.424871	2.42995	1	0	0	0	0
2024-07-01 23:51:20	15.83358	2.424197	2.431338	1	0	0	0	0
2024-07-01 23:51:30	15.80577	2.423524	2.444425	1	0	0	0	0
2024-07-01 23:51:40	15.80577	2.42285	2.469212	1	0	0	0	0
2024-07-01 23:51:50	15.80577	2.420826	2.417509	1	0	0	0	0
2024-07-01 23:52:00	15.80577	2.420826	2.417509	1	0	0	0	0
2024-07-01 23:52:10	15.76531	2.417109	2.390883	1	0	0	0	0
2024-07-01 23:52:20	15.68439	2.411362	2.414673	1	0	0	0	0
2024-07-01 23:52:30	15.70214	2.41187	2.428238	1	0	0	0	0
2024-07-01 23:52:40	15.73766	2.413224	2.430029	1	0	0	0	0
2024-07-01 23:52:50	15.73766	2.415929	2.410266	1	0	0	0	0
2024-07-01 23:53:00	15.75985	2.419811	2.410745	1	0	0	0	0
2024-07-01 23:53:10	15.80424	2.424871	2.431464	1	0	0	0	0
2024-07-01 23:53:20	15.80424	2.424534	2.408411	1	0	0	0	0
2024-07-01 23:53:30	15.80424	2.424534	2.408411	1	0	0	0	0
2024-07-01 23:53:40	15.80424	2.423523	2.409618	1	0	0	0	0
2024-07-01 23:53:50	15.80424	2.422513	2.410395	1	0	0	0	0
2024-07-01 23:54:00	15.80424	2.42285	2.39639	1	0	0	0	0
2024-07-01 23:54:10	15.80424	2.42285	2.393074	1	0	0	0	0
2024-07-01 23:54:20	15.80424	2.420826	2.409005	1	0	0	0	0
2024-07-01 23:54:30	15.80424	2.419814	2.423369	1	0	0	0	0
2024-07-01 23:54:40	15.80424	2.419814	2.423369	1	0	0	0	0
2024-07-01 23:54:50	15.80424	2.419814	2.436165	1	0	0	0	0
2024-07-01 23:55:00	15.72987	2.42032	2.433083	1	0	0	0	0
2024-07-01 23:55:10	15.72987	2.419308	2.39369	1	0	0	0	0
2024-07-01 23:55:20	15.67093	2.418295	2.403324	1	0	0	0	0
2024-07-01 23:55:30	15.64147	2.416267	2.425992	1	0	0	0	0
2024-07-01 23:55:40	15.64147	2.413224	2.461693	1	0	0	0	0
2024-07-01 23:55:50	15.64147	2.413224	2.461693	1	0	0	0	0
2024-07-01 23:56:00	15.64147	2.415253	2.424456	1	0	0	0	0
2024-07-01 23:56:10	15.64147	2.414746	2.40154	1	0	0	0	0
2024-07-01 23:56:20	15.53619	2.414408	2.364686	1	0	0	0	0
2024-07-01 23:56:30	15.48356	2.410509	2.352595	1	0	0	0	0
2024-07-01 23:56:40	15.48356	2.40305	2.365268	1	0	0	0	0
2024-07-01 23:56:50	15.20691	2.391796	2.369796	1	0	0	0	0
2024-07-01 23:57:00	15.06859	2.386511	2.379237	1	0	0	0	0
2024-07-01 23:57:10	15.06859	2.386511	2.379237	1	0	0	0	0
2024-07-01 23:57:20	15.06859	2.387195	2.393592	1	0	0	0	0
2024-07-01 23:57:30	15.04276	2.387536	2.381414	1	0	0	0	0
2024-07-01 23:57:40	14.99112	2.390272	2.357058	1	0	0	0	0
2024-07-01 23:57:50	14.94004	2.380677	2.381732	1	0	0	0	0
2024-07-01 23:58:00	14.9145	2.375879	2.389724	1	0	0	0	0
2024-07-01 23:58:10	14.9145	2.375879	2.381034	1	0	0	0	0
2024-07-01 23:58:20	14.9145	2.375879	2.381034	1	0	0	0	0
2024-07-01 23:58:30	14.85646	2.370714	2.36138	1	0	0	0	0
2024-07-01 23:58:40	14.82744	2.372267	2.359797	1	0	0	0	0
2024-07-01 23:58:50	14.82744	2.372611	2.371534	1	0	0	0	0
2024-07-01 23:59:00	14.82744	2.372955	2.384351	1	0	0	0	0
2024-07-01 23:59:10	14.82744	2.3733	2.398249	1	0	0	0	0
2024-07-01 23:59:20	14.82744	2.371922	2.390642	1	0	0	0	0
2024-07-01 23:59:30	14.82744	2.371922	2.390642	1	0	0	0	0
2024-07-01 23:59:40	14.80923	2.372782	2.37884	1	0	0	0	0
2024-07-01 23:59:50	14.77281	2.367608	2.356747	1	0	0	0	0
2024-07-02 00:00:00	14.7423	2.361569	2.344129	1	0	0	0	0
