PROCESSDATA	2111FIC40102B Data	yyyy-MM-dd HH:mm:ss
8	10	2024-08-24 21:55:00	751
tagname	2111FIC40102B.MV	2111FIC40102B.PV	2111FIC40102B.SV	2111FIC40102B.MODE	bOpOFL	bPvOFL	bSpOFL	bAutOFL
desc	常底油进F401二路支管_OP	常底油进F401二路支管_PV	常底油进F401二路支管_SP	Aut	bOpOFL	bPvOFL	bSpOFL	bAutOFL
fsMax=1.921874734183671	fsMin=0	fsGridNum=10	fdMax=1.921874734183671tfdMin=0	fdGridNum=10	v0GridNum=10	L=24
2024-08-24 21:55:00	40.937599306557374	98.9985362295082	98.81427568196722	1	0	0	0	0
2024-08-24 21:55:10	41.1604576	98.5692444	99.16176	1	0	0	0	0
2024-08-24 21:55:20	41.229974344262295	98.88998190163935	99.51089	1	0	0	0	0
2024-08-24 21:55:30	41.34366605714286	100.29487257142857	100.95609814285714	1	0	0	0	0
2024-08-24 21:55:40	41.66938436666667	100.16801983333333	101.766741	1	0	0	0	0
2024-08-24 21:55:50	41.79423826086956	100.58458304347826	101.65398910144928	1	0	0	0	0
2024-08-24 21:56:00	41.37237984285714	101.03639257142856	100.22479342857143	1	0	0	0	0
2024-08-24 21:56:10	41.670319407246375	99.5468268115942	99.92124585507246	1	0	0	0	0
2024-08-24 21:56:20	41.31373811111111	100.5200629	99.39289622222222	1	0	0	0	0
2024-08-24 21:56:30	41.2126384125	100.40335437499999	99.41852875000001	1	0	0	0	0
2024-08-24 21:56:40	41.58493614901961	99.68637470588236	100.32190901960784	1	0	0	0	0
2024-08-24 21:56:50	41.600000689655175	100.36481736379311	100.705742	1	0	0	0	0
2024-08-24 21:57:00	41.5881855625	100.976847625	101.123246375	1	0	0	0	0
2024-08-24 21:57:10	41.7831515942029	100.86814366666667	101.56107149275361	1	0	0	0	0
2024-08-24 21:57:20	41.68042113898305	100.92721184745763	101.044174	1	0	0	0	0
2024-08-24 21:57:30	41.71857439859155	101.06891528169014	101.15218184507042	1	0	0	0	0
2024-08-24 21:57:40	41.61392723877551	100.87961928571428	100.64568365306123	1	0	0	0	0
2024-08-24 21:57:50	41.83325875	100.3261795	100.88232049999999	1	0	0	0	0
2024-08-24 21:58:00	41.79185836231884	100.73217171014493	100.84191773913044	1	0	0	0	0
2024-08-24 21:58:10	41.85758665555556	100.80348066666666	101.1348581728395	1	0	0	0	0
2024-08-24 21:58:20	41.76426430588236	101.07020282352941	100.85299582352941	1	0	0	0	0
2024-08-24 21:58:30	41.700566065573774	100.95510819672131	100.62593032786886	1	0	0	0	0
2024-08-24 21:58:40	41.62972765625	100.88682890625	100.62836640625001	1	0	0	0	0
2024-08-24 21:58:50	41.63409222758621	100.86375203448276	100.663177	1	0	0	0	0
2024-08-24 21:59:00	41.91650491666667	100.63172949999999	101.3895175	1	0	0	0	0
2024-08-24 21:59:10	41.73799135714286	100.77164128571428	100.64053928571428	1	0	0	0	0
2024-08-24 21:59:20	41.63392346619718	100.91879032394367	100.53053992957746	1	0	0	0	0
2024-08-24 21:59:30	41.43357121267606	101.04249947887324	100.10745190140845	1	0	0	0	0
2024-08-24 21:59:40	41.55280094	100.0281484	99.895542	1	0	0	0	0
2024-08-24 21:59:50	41.3075752	100.183228	99.31622	1	0	0	0	0
2024-08-24 22:00:00	41.16600076034483	99.81549365517242	98.97686620689655	1	0	0	0	0
2024-08-24 22:00:10	40.966732873913045	99.43260765108695	98.40703777173913	1	0	0	0	0
2024-08-24 22:00:20	41.02613420289855	99.22559168115941	98.8606252173913	1	0	0	0	0
2024-08-24 22:00:30	41.25644294117647	98.85996	99.28166882352942	1	0	0	0	0
2024-08-24 22:00:40	41.37068153207547	98.75607094339622	99.4352	1	0	0	0	0
2024-08-24 22:00:50	41.00829850909091	100.21141664935065	99.42403348571429	1	0	0	0	0
2024-08-24 22:01:00	41.7465172	98.739975	100.56044	1	0	0	0	0
2024-08-24 22:01:10	41.45490920833333	100.27093279166667	100.179779	1	0	0	0	0
2024-08-24 22:01:20	41.325125886792456	99.64807026415095	99.39237766037736	1	0	0	0	0
2024-08-24 22:01:30	41.33011386	99.723815375	99.572295375	1	0	0	0	0
2024-08-24 22:01:40	40.988407586538464	100.12682786538461	98.79714249999999	1	0	0	0	0
2024-08-24 22:01:50	40.72439754915254	99.6559825220339	98.13520983050847	1	0	0	0	0
2024-08-24 22:02:00	41.14818390980392	98.20618980392157	98.79447019607844	1	0	0	0	0
2024-08-24 22:02:10	41.32842460707071	99.66913554545455	100.44380383838384	1	0	0	0	0
2024-08-24 22:02:20	41.451204475	100.10758775	101.109985	1	0	0	0	0
2024-08-24 22:02:30	41.88892129577465	99.59663654929578	101.682518	1	0	0	0	0
2024-08-24 22:02:40	41.63459816	101.3764586	101.5074388	1	0	0	0	0
2024-08-24 22:02:50	41.646257511111116	101.0360409047619	101.22155857142857	1	0	0	0	0
2024-08-24 22:03:00	41.86318952758621	100.38087446551725	101.07737839655172	1	0	0	0	0
2024-08-24 22:03:10	41.27605479166667	100.75485629166666	99.51127379166667	1	0	0	0	0
2024-08-24 22:03:20	41.11467500961538	99.66576230192308	98.34786	1	0	0	0	0
2024-08-24 22:03:30	40.925935700000004	99.378541375	98.088568775	1	0	0	0	0
2024-08-24 22:03:40	40.825689999999994	99.4994731	98.33331302	1	0	0	0	0
2024-08-24 22:03:50	40.76789936521739	99.03351956521739	98.1408295652174	1	0	0	0	0
2024-08-24 22:04:00	40.618288	98.70856744000001	97.75454	1	0	0	0	0
2024-08-24 22:04:10	40.81485643478261	97.92841304347826	98.07445669565217	1	0	0	0	0
2024-08-24 22:04:20	41.248280442857144	98.01905599999999	99.4115088	1	0	0	0	0
2024-08-24 22:04:30	41.21280132222223	100.09681385185185	100.69830511111111	1	0	0	0	0
2024-08-24 22:04:40	41.6398659	99.35388	101.135269	1	0	0	0	0
2024-08-24 22:04:50	41.503486512	100.67130490000001	101.139961	1	0	0	0	0
2024-08-24 22:05:00	41.52102012307692	100.4506433076923	100.9247801923077	1	0	0	0	0
2024-08-24 22:05:10	41.50839389830508	100.55810854237288	100.732407	1	0	0	0	0
2024-08-24 22:05:20	41.66727	100.625114	101.272881	1	0	0	0	0
2024-08-24 22:05:30	41.42219036666667	100.44990266666667	100.01203653333333	1	0	0	0	0
2024-08-24 22:05:40	41.08365045409836	100.80068196721312	99.3411716	1	0	0	0	0
2024-08-24 22:05:50	41.23099215	99.70671125	99.29531	1	0	0	0	0
2024-08-24 22:06:00	41.18350220392156	99.66036921568627	99.14800019607843	1	0	0	0	0
2024-08-24 22:06:10	41.09274810344827	99.63546896551725	99.01076	1	0	0	0	0
2024-08-24 22:06:20	41.091930917741934	99.69264419032258	99.21940161290323	1	0	0	0	0
2024-08-24 22:06:30	40.960409045	99.20564850625	98.545680875	1	0	0	0	0
2024-08-24 22:06:40	41.12811	99.15702	99.46677	1	0	0	0	0
2024-08-24 22:06:50	41.27686952307692	99.47971751538462	100.065285	1	0	0	0	0
2024-08-24 22:07:00	41.719712566666665	99.68701153333333	101.22128	1	0	0	0	0
2024-08-24 22:07:10	41.5055923	101.444336	101.669144	1	0	0	0	0
2024-08-24 22:07:20	41.569246271186444	100.48543594915255	100.82326442372882	1	0	0	0	0
2024-08-24 22:07:30	41.55602	100.42242971428573	100.52054828571428	1	0	0	0	0
2024-08-24 22:07:40	41.49831167826087	100.75868078260869	100.58107860869565	1	0	0	0	0
2024-08-24 22:07:50	41.52047277971015	100.56971034782609	100.49820092753623	1	0	0	0	0
2024-08-24 22:08:00	41.30846438596491	100.40644310526315	99.74245	1	0	0	0	0
2024-08-24 22:08:10	41.174603391304345	100.61505426086956	99.82454347826086	1	0	0	0	0
2024-08-24 22:08:20	41.58633333333333	99.81428533333333	100.716918	1	0	0	0	0
2024-08-24 22:08:30	41.70503574647887	99.87500464788732	100.6693	1	0	0	0	0
2024-08-24 22:08:40	41.4863013	100.24205755	100.230065	1	0	0	0	0
2024-08-24 22:08:50	41.32654069836065	99.20710631311476	98.87964265573771	1	0	0	0	0
2024-08-24 22:09:00	41.02819260588235	99.51779411764706	98.30287277058824	1	0	0	0	0
2024-08-24 22:09:10	40.9209	99.5824284125	98.6289	1	0	0	0	0
2024-08-24 22:09:20	41.100521938095234	99.08220385714286	99.13456	1	0	0	0	0
2024-08-24 22:09:30	41.00070222222222	99.06053666666666	98.79795562222222	1	0	0	0	0
2024-08-24 22:09:40	41.12294857142857	98.93621714285715	99.1868116	1	0	0	0	0
2024-08-24 22:09:50	41.262864696629215	99.18293617977528	99.63658764044943	1	0	0	0	0
2024-08-24 22:10:00	41.295719160000004	99.167006	99.49734	1	0	0	0	0
2024-08-24 22:10:10	41.335399439130434	99.20829826086957	99.58277838695652	1	0	0	0	0
2024-08-24 22:10:20	41.08676523333333	100.04794	99.56139809999999	1	0	0	0	0
2024-08-24 22:10:30	41.5369293	98.923255	100.0289985	1	0	0	0	0
2024-08-24 22:10:40	41.62271652459016	100.55105983606558	101.00295301639345	1	0	0	0	0
2024-08-24 22:10:50	41.54683204197531	101.63300179012346	101.525946345679	1	0	0	0	0
2024-08-24 22:11:00	41.8608284117647	100.85686205882354	101.86040658823529	1	0	0	0	0
2024-08-24 22:11:10	42.01760147826087	100.87414508695652	102.019592	1	0	0	0	0
2024-08-24 22:11:20	41.95770985714285	101.568875	102.066521	1	0	0	0	0
2024-08-24 22:11:30	41.56944157407408	101.31417333703703	100.41624777777777	1	0	0	0	0
2024-08-24 22:11:40	41.65759824285714	99.72904898571429	99.61333857142857	1	0	0	0	0
2024-08-24 22:11:50	41.472702195121954	99.79124204878049	99.02973258780487	1	0	0	0	0
2024-08-24 22:12:00	41.18527696	100.27481232	99.0842361	1	0	0	0	0
2024-08-24 22:12:10	41.59331814814815	99.26293567901234	99.77547577407407	1	0	0	0	0
2024-08-24 22:12:20	41.462220336734696	100.20385736734693	100.02520053061224	1	0	0	0	0
2024-08-24 22:12:30	41.456756705555556	100.12574847222223	100.183562	1	0	0	0	0
2024-08-24 22:12:40	41.5101051	99.8739243	100.026993	1	0	0	0	0
2024-08-24 22:12:50	41.37429341772152	99.97009746835444	99.61490848101266	1	0	0	0	0
2024-08-24 22:13:00	41.228187857142856	99.97636514285713	99.28720442857143	1	0	0	0	0
2024-08-24 22:13:10	41.26109985625	100.0838649375	99.91493	1	0	0	0	0
2024-08-24 22:13:20	41.464832333333334	100.11832571428572	100.767982	1	0	0	0	0
2024-08-24 22:13:30	41.87169496730769	99.90085786538462	101.66427894230769	1	0	0	0	0
2024-08-24 22:13:40	41.83390997640449	101.05098647191011	101.82989130337079	1	0	0	0	0
2024-08-24 22:13:50	41.591871322222225	100.84290671604938	100.629814	1	0	0	0	0
2024-08-24 22:14:00	41.91384427721519	99.58850556962025	100.5961461392405	1	0	0	0	0
2024-08-24 22:14:10	41.68705346478873	100.34555392957746	100.15532091549296	1	0	0	0	0
2024-08-24 22:14:20	41.47595229591837	99.96024612244898	99.56495897959184	1	0	0	0	0
2024-08-24 22:14:30	41.68231352957746	99.71192492957746	100.02995225352112	1	0	0	0	0
2024-08-24 22:14:40	41.34857721	101.4439755	100.45951602857143	1	0	0	0	0
2024-08-24 22:14:50	41.917702075	99.7566905375	101.095745375	1	0	0	0	0
2024-08-24 22:15:00	41.879755375	100.5985784375	101.23107024999999	1	0	0	0	0
2024-08-24 22:15:10	41.37114237704918	102.07502249180328	100.5746958852459	1	0	0	0	0
2024-08-24 22:15:20	41.93357	99.37854	100.41153	1	0	0	0	0
2024-08-24 22:15:30	41.57409	100.7298174	99.99447324	1	0	0	0	0
2024-08-24 22:15:40	41.48506571428572	100.91944585714285	100.38636357142857	1	0	0	0	0
2024-08-24 22:15:50	41.7421265	99.93531	100.5027	1	0	0	0	0
2024-08-24 22:16:00	41.453940458333335	101.21914763333334	100.55656159333333	1	0	0	0	0
2024-08-24 22:16:10	41.555753060256414	100.17673580769231	100.31124172564103	1	0	0	0	0
2024-08-24 22:16:20	41.747285	99.54167666666667	100.33333878431372	1	0	0	0	0
2024-08-24 22:16:30	41.25521299705883	100.64207752941176	99.4263	1	0	0	0	0
2024-08-24 22:16:40	41.609089114999996	99.4564757	99.98103535	1	0	0	0	0
2024-08-24 22:16:50	41.69444014545454	100.02877283838383	100.56904019191919	1	0	0	0	0
2024-08-24 22:17:00	41.63318618227848	100.48037882278481	100.61091167088607	1	0	0	0	0
2024-08-24 22:17:10	41.4184838	100.99866449999999	100.4464185	1	0	0	0	0
2024-08-24 22:17:20	41.45308448780488	100.07560024390244	99.87524	1	0	0	0	0
2024-08-24 22:17:30	41.60983467213115	99.97577418032786	100.4409014590164	1	0	0	0	0
2024-08-24 22:17:40	41.65536	100.19431420000001	100.6853488	1	0	0	0	0
2024-08-24 22:17:50	41.3243675	101.250084	100.099937	1	0	0	0	0
2024-08-24 22:18:00	41.65157635	99.93830333333334	100.43776083333334	1	0	0	0	0
2024-08-24 22:18:10	41.591558475	100.322643125	100.20476625	1	0	0	0	0
2024-08-24 22:18:20	41.458188	100.8110902	100.2714404	1	0	0	0	0
2024-08-24 22:18:30	41.76063871428571	99.86607769571428	100.592125	1	0	0	0	0
2024-08-24 22:18:40	41.74984762711865	100.26321438983051	100.56330862711864	1	0	0	0	0
2024-08-24 22:18:50	41.6052935	100.8005902112676	100.57673398591548	1	0	0	0	0
2024-08-24 22:19:00	41.58468986619719	100.83172880281691	100.5824306056338	1	0	0	0	0
2024-08-24 22:19:10	41.83394101449275	100.43783523188407	101.243439	1	0	0	0	0
2024-08-24 22:19:20	41.86885737659575	100.81621540425532	101.3167175106383	1	0	0	0	0
2024-08-24 22:19:30	41.82288	100.818832	100.891617	1	0	0	0	0
2024-08-24 22:19:40	41.657103598000006	100.84260205999999	100.34024536	1	0	0	0	0
2024-08-24 22:19:50	41.742333111392405	100.47477569620253	100.50472246835443	1	0	0	0	0
2024-08-24 22:20:00	41.550252908860756	100.91936126582279	100.3148738607595	1	0	0	0	0
2024-08-24 22:20:10	41.493213644444445	101.02311722222223	100.43477155555556	1	0	0	0	0
2024-08-24 22:20:20	41.526024639999996	100.5523604	100.2695406	1	0	0	0	0
2024-08-24 22:20:30	41.67851305	100.190714625	100.544307125	1	0	0	0	0
2024-08-24 22:20:40	41.88438626551724	100.71095796551724	101.48550520689655	1	0	0	0	0
2024-08-24 22:20:50	42.0081558	101.81073	102.451508	1	0	0	0	0
2024-08-24 22:21:00	42.097666582278485	101.66442491139242	102.27948184810127	1	0	0	0	0
2024-08-24 22:21:10	41.936350488888884	101.62175134567902	101.53602408641974	1	0	0	0	0
2024-08-24 22:21:20	41.656530458620686	101.40054313793104	100.46593968965517	1	0	0	0	0
2024-08-24 22:21:30	41.8834457	100.249443	100.471573	1	0	0	0	0
2024-08-24 22:21:40	41.74839160204082	101.26908389795918	100.71974426530612	1	0	0	0	0
2024-08-24 22:21:50	41.666996462499995	101.21969612500001	100.77502175000001	1	0	0	0	0
2024-08-24 22:22:00	41.85686323333333	100.27040133333334	100.61483799999999	1	0	0	0	0
2024-08-24 22:22:10	41.59848743333333	101.13197666666666	100.28309666666667	1	0	0	0	0
2024-08-24 22:22:20	41.47186	101.034332	100.168526	1	0	0	0	0
2024-08-24 22:22:30	41.79313824285715	100.13891714285714	100.47880757142856	1	0	0	0	0
2024-08-24 22:22:40	41.639700399999995	101.023033	100.682381	1	0	0	0	0
2024-08-24 22:22:50	41.6420344	101.07574625000001	100.91485375	1	0	0	0	0
2024-08-24 22:23:00	41.7215338	101.2835465	101.4732855	1	0	0	0	0
2024-08-24 22:23:10	42.0646057	101.088928	102.331467	1	0	0	0	0
2024-08-24 22:23:20	42.04256304489796	101.49313673469388	102.110527	1	0	0	0	0
2024-08-24 22:23:30	42.27495027142857	101.42179214285714	102.57228885714287	1	0	0	0	0
2024-08-24 22:23:40	42.36527304193548	101.6400843548387	102.745354	1	0	0	0	0
2024-08-24 22:23:50	42.10049	102.130707	101.827118	1	0	0	0	0
2024-08-24 22:24:00	41.967463200000005	102.00079066666667	101.32100933333334	1	0	0	0	0
2024-08-24 22:24:10	41.80001142857143	102.21957514285715	101.27023342857143	1	0	0	0	0
2024-08-24 22:24:20	42.08332	99.70903	100.203606	1	0	0	0	0
2024-08-24 22:24:30	41.9013938	100.4470615	100.02761095	1	0	0	0	0
2024-08-24 22:24:40	40.9995422	102.446854	99.10493	1	0	0	0	0
2024-08-24 22:24:50	41.48635437777778	99.98556616666667	99.30986661111112	1	0	0	0	0
2024-08-24 22:25:00	41.0247	101.484009	99.1761246	1	0	0	0	0
2024-08-24 22:25:10	41.33239396935484	99.7702285483871	99.43198771935484	1	0	0	0	0
2024-08-24 22:25:20	41.34297626666667	99.89934925	99.58628	1	0	0	0	0
2024-08-24 22:25:30	41.125686099999996	100.80930471428572	99.96819142857143	1	0	0	0	0
2024-08-24 22:25:40	41.31897333333333	100.00852141666667	100.20692912499999	1	0	0	0	0
2024-08-24 22:25:50	41.60229170886076	99.94391893670885	100.79795764556962	1	0	0	0	0
2024-08-24 22:26:00	41.41949233333333	101.20541133333333	100.95793133333333	1	0	0	0	0
2024-08-24 22:26:10	41.57084865555555	100.11245944444444	100.53495555555556	1	0	0	0	0
2024-08-24 22:26:20	41.62934275774648	100.42466788732393	100.75846535211268	1	0	0	0	0
2024-08-24 22:26:30	41.41063620253165	101.73430207594936	101.07673799999999	1	0	0	0	0
2024-08-24 22:26:40	41.8534446122449	100.52122387755102	101.675926	1	0	0	0	0
2024-08-24 22:26:50	41.9588775	100.52273925	101.343853	1	0	0	0	0
2024-08-24 22:27:00	41.632202	101.59161660000001	100.8143266	1	0	0	0	0
2024-08-24 22:27:10	41.572054128813555	101.17925369491526	100.680336	1	0	0	0	0
2024-08-24 22:27:20	41.7006149	99.98455	99.9029	1	0	0	0	0
2024-08-24 22:27:30	41.1934652	100.603391875	98.9817625	1	0	0	0	0
2024-08-24 22:27:40	41.126086533333336	99.93577400000001	98.70909166666667	1	0	0	0	0
2024-08-24 22:27:50	40.884462666666664	99.99965733333333	98.49902333333333	1	0	0	0	0
2024-08-24 22:28:00	40.83428194285714	99.53555177142857	98.528373	1	0	0	0	0
2024-08-24 22:28:10	40.96258857777778	99.05759164444444	98.94050888888889	1	0	0	0	0
2024-08-24 22:28:20	41.12186	98.80751	99.27161	1	0	0	0	0
2024-08-24 22:28:30	40.936952839506176	99.69094111111112	99.36252037037038	1	0	0	0	0
2024-08-24 22:28:40	41.5284538	98.47686	100.2737	1	0	0	0	0
2024-08-24 22:28:50	41.043291274509805	100.81012509803921	99.8723145	1	0	0	0	0
2024-08-24 22:29:00	41.14786620588235	99.40506755882353	99.35791352941176	1	0	0	0	0
2024-08-24 22:29:10	41.1514775	99.58874134507042	99.52194633802817	1	0	0	0	0
2024-08-24 22:29:20	41.0860321	100.290465	100.017433	1	0	0	0	0
2024-08-24 22:29:30	41.0553322	100.435265	100.212051	1	0	0	0	0
2024-08-24 22:29:40	41.43538058	99.734914	100.737042	1	0	0	0	0
2024-08-24 22:29:50	41.448495797101444	100.05683273913043	100.63108491304348	1	0	0	0	0
2024-08-24 22:30:00	41.493763	100.125809	100.578545	1	0	0	0	0
2024-08-24 22:30:10	41.36405144444445	100.07737288888889	99.98044555555555	1	0	0	0	0
2024-08-24 22:30:20	41.17991585714286	100.54528880000001	99.74644657142856	1	0	0	0	0
2024-08-24 22:30:30	41.398652115189876	99.62196413164557	100.00352287468354	1	0	0	0	0
2024-08-24 22:30:40	41.641685490196075	99.22649306666666	100.3031	1	0	0	0	0
2024-08-24 22:30:50	41.535095090163935	100.50995239344262	100.74001813114754	1	0	0	0	0
2024-08-24 22:31:00	41.4952385	100.455088	100.6620982	1	0	0	0	0
2024-08-24 22:31:10	41.666816925	99.9825225	100.57408875	1	0	0	0	0
2024-08-24 22:31:20	41.34279	101.3734515	100.571465	1	0	0	0	0
2024-08-24 22:31:30	41.44986606849315	100.07440224657535	100.14021705479452	1	0	0	0	0
2024-08-24 22:31:40	41.363339999999994	99.55949	99.35296785	1	0	0	0	0
2024-08-24 22:31:50	41.20886289710145	99.69493144927536	99.12292524637681	1	0	0	0	0
2024-08-24 22:32:00	40.8666077	99.88991	98.536	1	0	0	0	0
2024-08-24 22:32:10	41.30440292093024	98.53664976744186	99.0555077860465	1	0	0	0	0
2024-08-24 22:32:20	41.30635036455696	99.59462237974684	99.75816590379748	1	0	0	0	0
2024-08-24 22:32:30	41.105283544303795	100.06830962025316	99.59664734177215	1	0	0	0	0
2024-08-24 22:32:40	41.25781222	99.14284706000001	99.19296	1	0	0	0	0
2024-08-24 22:32:50	40.996439723076925	99.29924390192308	98.51504115384616	1	0	0	0	0
2024-08-24 22:33:00	40.94238664	99.304146	98.69760878	1	0	0	0	0
2024-08-24 22:33:10	41.314375802739725	98.6625009589041	99.51311685890411	1	0	0	0	0
2024-08-24 22:33:20	40.94635266153846	100.03713978846154	99.30217	1	0	0	0	0
2024-08-24 22:33:30	41.174461811111115	98.93073111111111	99.38703133333334	1	0	0	0	0
2024-08-24 22:33:40	41.33822174	98.89484900000001	99.80677320000001	1	0	0	0	0
2024-08-24 22:33:50	41.17579594285714	100.06796694285714	99.96578714285715	1	0	0	0	0
2024-08-24 22:34:00	41.532858701960784	98.48416773137255	99.86521882352942	1	0	0	0	0
2024-08-24 22:34:10	41.489573529411764	99.34595784313726	99.77989	1	0	0	0	0
2024-08-24 22:34:20	41.14175389016393	101.19809049180328	100.27254668852459	1	0	0	0	0
2024-08-24 22:34:30	41.61894865	99.718865	100.557579	1	0	0	0	0
2024-08-24 22:34:40	41.47256025	100.709558	100.64848725	1	0	0	0	0
2024-08-24 22:34:50	41.328585000000004	100.71016800000001	100.220757	1	0	0	0	0
2024-08-24 22:35:00	41.5645332	99.48921	99.97429	1	0	0	0	0
2024-08-24 22:35:10	41.34102318	100.58297276	100.0995688	1	0	0	0	0
2024-08-24 22:35:20	41.5005035	99.61705	100.130638	1	0	0	0	0
2024-08-24 22:35:30	41.66854375	99.5322513125	100.35015375	1	0	0	0	0
2024-08-24 22:35:40	41.519216666666665	100.637309	100.67709916666666	1	0	0	0	0
2024-08-24 22:35:50	41.478859615789474	100.8159005	100.74232626315789	1	0	0	0	0
2024-08-24 22:36:00	41.6173172	99.9723	100.494118	1	0	0	0	0
2024-08-24 22:36:10	41.90367944915255	100.27762954237288	101.496841	1	0	0	0	0
2024-08-24 22:36:20	41.517933414285714	101.60139014285714	101.12488042857143	1	0	0	0	0
2024-08-24 22:36:30	41.58474952857143	101.26260614285715	101.12833071428572	1	0	0	0	0
2024-08-24 22:36:40	41.621501540000004	100.65801835	100.713733575	1	0	0	0	0
2024-08-24 22:36:50	41.535719379999996	100.50638328571429	100.15913322857143	1	0	0	0	0
2024-08-24 22:37:00	41.35651	100.617744	99.80583	1	0	0	0	0
2024-08-24 22:37:10	41.42343987833333	100.30622651666667	99.96209933333333	1	0	0	0	0
2024-08-24 22:37:20	41.2780075	100.568207	99.82874	1	0	0	0	0
2024-08-24 22:37:30	41.45062752808989	100.37589830337079	100.64320937078652	1	0	0	0	0
2024-08-24 22:37:40	41.66817	100.204964	101.060005	1	0	0	0	0
2024-08-24 22:37:50	41.62508182222222	100.96783777777777	101.20522322222222	1	0	0	0	0
2024-08-24 22:38:00	41.44635901666667	100.40176666666667	100.208951	1	0	0	0	0
2024-08-24 22:38:10	41.576157898305084	99.84982898305086	100.090111	1	0	0	0	0
2024-08-24 22:38:20	41.39440213333334	100.498431	100.074227	1	0	0	0	0
2024-08-24 22:38:30	41.546853399999996	100.13256233333333	100.48411033333333	1	0	0	0	0
2024-08-24 22:38:40	41.35535	100.275322	99.8675156	1	0	0	0	0
2024-08-24 22:38:50	41.37289961111111	100.69004766666667	100.47994055555556	1	0	0	0	0
2024-08-24 22:39:00	41.34477	100.487854	100.23082	1	0	0	0	0
2024-08-24 22:39:10	41.33331197213115	100.23427227868852	100.05488549180328	1	0	0	0	0
2024-08-24 22:39:20	41.37994517142857	100.1825275510204	100.18428816326531	1	0	0	0	0
2024-08-24 22:39:30	41.27489466375	100.3437517375	99.96697138374999	1	0	0	0	0
2024-08-24 22:39:40	41.258100301639345	100.1732651147541	99.85312886885245	1	0	0	0	0
2024-08-24 22:39:50	41.10483846666666	99.79390000000001	99.10490555555556	1	0	0	0	0
2024-08-24 22:40:00	41.18428726	99.199434	99.10965	1	0	0	0	0
2024-08-24 22:40:10	41.27827285714286	99.36836824285714	99.59334448571428	1	0	0	0	0
2024-08-24 22:40:20	41.243365803278685	99.78557386721312	99.7486038	1	0	0	0	0
2024-08-24 22:40:30	41.152626698360656	100.80191	100.12013855737706	1	0	0	0	0
2024-08-24 22:40:40	41.559650350847456	99.33690128813559	100.317154	1	0	0	0	0
2024-08-24 22:40:50	41.75438031971831	99.26282947887324	100.40888253521126	1	0	0	0	0
2024-08-24 22:41:00	41.37794298985507	101.57226782608696	101.04005882608696	1	0	0	0	0
2024-08-24 22:41:10	41.606689516	100.7792262	101.2817574	1	0	0	0	0
2024-08-24 22:41:20	41.4776077	100.877235	100.634323	1	0	0	0	0
2024-08-24 22:41:30	41.60931507462687	100.82448232835821	100.94724191044776	1	0	0	0	0
2024-08-24 22:41:40	41.45710049180328	100.78650209836066	100.147084	1	0	0	0	0
2024-08-24 22:41:50	41.51486	99.93491	99.82327	1	0	0	0	0
2024-08-24 22:42:00	41.206454171428575	100.54764	99.56981	1	0	0	0	0
2024-08-24 22:42:10	41.53702019871795	99.58965882948718	100.01710230769231	1	0	0	0	0
2024-08-24 22:42:20	41.386503714	100.502643442	100.08241586	1	0	0	0	0
2024-08-24 22:42:30	41.448368782608696	100.36892855072465	100.40729055072464	1	0	0	0	0
2024-08-24 22:42:40	41.42775664516129	100.32234838709677	100.02440941935484	1	0	0	0	0
2024-08-24 22:42:50	41.42873512195122	100.02400418292683	99.85871663414635	1	0	0	0	0
2024-08-24 22:43:00	41.49941633333333	100.43878983333333	100.72952366666667	1	0	0	0	0
2024-08-24 22:43:10	41.66600052631579	100.53033378947369	101.277725	1	0	0	0	0
2024-08-24 22:43:20	41.581400321951214	100.56204317073171	100.669441	1	0	0	0	0
2024-08-24 22:43:30	41.47636106417911	101.03859649253732	100.7848397761194	1	0	0	0	0
2024-08-24 22:43:40	41.4060478	100.86615	100.513115	1	0	0	0	0
2024-08-24 22:43:50	41.601678888888884	100.451378	100.73750066666668	1	0	0	0	0
2024-08-24 22:44:00	41.75047050847458	99.76053240677966	100.48945247457627	1	0	0	0	0
2024-08-24 22:44:10	41.497314425	100.96028325	100.640402	1	0	0	0	0
2024-08-24 22:44:20	41.463548239999994	100.78707560000001	100.5799152	1	0	0	0	0
2024-08-24 22:44:30	41.54804773478261	100.2483463768116	100.49488839130436	1	0	0	0	0
2024-08-24 22:44:40	41.67847344285714	99.99065857142857	100.553352	1	0	0	0	0
2024-08-24 22:44:50	41.57621005	100.74216150000001	100.601967	1	0	0	0	0
2024-08-24 22:45:00	41.5486679	100.793182	100.618172	1	0	0	0	0
2024-08-24 22:45:10	41.49606500317461	101.31199196825396	101.03471352380953	1	0	0	0	0
2024-08-24 22:45:20	41.44813262857143	101.22401857142856	100.784912	1	0	0	0	0
2024-08-24 22:45:30	41.64305718955224	100.42682625373135	100.76295565671641	1	0	0	0	0
2024-08-24 22:45:40	41.67323496530612	100.3040130612245	100.52908863265306	1	0	0	0	0
2024-08-24 22:45:50	41.50498	101.042206	100.58828	1	0	0	0	0
2024-08-24 22:46:00	41.4743627169014	100.73836278873239	100.33318084507042	1	0	0	0	0
2024-08-24 22:46:10	41.53377315714285	100.72355400000001	100.61034685714286	1	0	0	0	0
2024-08-24 22:46:20	41.4834442	100.828026	100.540482	1	0	0	0	0
2024-08-24 22:46:30	41.47132142857143	100.79693614285715	100.52347485714286	1	0	0	0	0
2024-08-24 22:46:40	41.560850679999994	100.69083416	100.817184	1	0	0	0	0
2024-08-24 22:46:50	41.57591960563381	100.69983454929577	100.86737445070422	1	0	0	0	0
2024-08-24 22:47:00	41.71420640147059	100.52878354411766	101.1859965882353	1	0	0	0	0
2024-08-24 22:47:10	42.0166009	100.4139175	101.942825	1	0	0	0	0
2024-08-24 22:47:20	41.90492956666667	101.54559666666667	102.076365	1	0	0	0	0
2024-08-24 22:47:30	41.76278694918033	101.42967737704919	101.15434054098361	1	0	0	0	0
2024-08-24 22:47:40	41.620398275510205	101.58618681632653	100.9059923877551	1	0	0	0	0
2024-08-24 22:47:50	41.95297765432099	99.6408593037037	100.58522	1	0	0	0	0
2024-08-24 22:48:00	42.03228909090909	99.94314453333332	100.68968718181819	1	0	0	0	0
2024-08-24 22:48:10	41.50638	101.884483	100.519173	1	0	0	0	0
2024-08-24 22:48:20	41.40280045714286	101.31224422857143	100.22081899999999	1	0	0	0	0
2024-08-24 22:48:30	41.90288	99.51412	100.195763	1	0	0	0	0
2024-08-24 22:48:40	41.50727857959183	101.97760204081632	101.167694	1	0	0	0	0
2024-08-24 22:48:50	41.45288957142857	100.96993428571429	100.43117742857143	1	0	0	0	0
2024-08-24 22:49:00	41.8678932	99.8269043	100.7451	1	0	0	0	0
2024-08-24 22:49:10	41.532093833333334	101.55952633333334	101.108574	1	0	0	0	0
2024-08-24 22:49:20	41.3759727	101.83049	101.051384	1	0	0	0	0
2024-08-24 22:49:30	41.78617226666667	100.22470733333333	100.932325	1	0	0	0	0
2024-08-24 22:49:40	41.58916856	101.200247	100.85208320000001	1	0	0	0	0
2024-08-24 22:49:50	41.4985352	101.286842	100.961136	1	0	0	0	0
2024-08-24 22:50:00	41.8370056	100.13486966666667	100.904612	1	0	0	0	0
2024-08-24 22:50:10	41.62158416741573	100.95753168539326	100.65626488764045	1	0	0	0	0
2024-08-24 22:50:20	41.467157950819676	100.84627140983606	100.27552862295082	1	0	0	0	0
2024-08-24 22:50:30	41.811053670886075	100.21395916455697	100.96574992405064	1	0	0	0	0
2024-08-24 22:50:40	41.59975276470588	100.93688711764706	100.637711	1	0	0	0	0
2024-08-24 22:50:50	41.557606202531645	101.702797	101.37678044303797	1	0	0	0	0
2024-08-24 22:51:00	41.66076568627451	100.80430245098039	100.86769552941176	1	0	0	0	0
2024-08-24 22:51:10	41.64346809661017	100.49712632203389	100.467087	1	0	0	0	0
2024-08-24 22:51:20	41.60609903846154	100.89348382692307	100.78104398076923	1	0	0	0	0
2024-08-24 22:51:30	41.76296504285714	100.809774	101.23130557142858	1	0	0	0	0
2024-08-24 22:51:40	41.809024844444444	100.76113159259259	101.153557	1	0	0	0	0
2024-08-24 22:51:50	41.96669257142857	100.89599942857143	101.61335657142857	1	0	0	0	0
2024-08-24 22:52:00	42.10812142857143	101.76327971428572	102.69747242857143	1	0	0	0	0
2024-08-24 22:52:10	42.110302733333334	102.427743	102.732727	1	0	0	0	0
2024-08-24 22:52:20	42.012440704225355	102.65836042253521	102.38654514084507	1	0	0	0	0
2024-08-24 22:52:30	42.13513224719101	101.20918573146068	101.50850506741574	1	0	0	0	0
2024-08-24 22:52:40	42.61509	99.659256	101.380836	1	0	0	0	0
2024-08-24 22:52:50	41.570238360655736	103.17280421311474	100.934532	1	0	0	0	0
2024-08-24 22:53:00	42.241439820000004	99.81867	100.71790779999999	1	0	0	0	0
2024-08-24 22:53:10	41.585031618309856	102.19553845070422	100.09278245070422	1	0	0	0	0
2024-08-24 22:53:20	41.60660018	100.8331536	99.8846	1	0	0	0	0
2024-08-24 22:53:30	41.86712	99.66176	99.9031448	1	0	0	0	0
2024-08-24 22:53:40	41.27540694117647	101.56739005882352	100.02043452941177	1	0	0	0	0
2024-08-24 22:53:50	41.65146417142857	100.23070857142856	100.420301	1	0	0	0	0
2024-08-24 22:54:00	41.33957	101.767769	100.655	1	0	0	0	0
2024-08-24 22:54:10	41.412025679012345	100.73646938271605	100.28735158024692	1	0	0	0	0
2024-08-24 22:54:20	41.650748695652176	99.48694101449276	99.95578075362319	1	0	0	0	0
2024-08-24 22:54:30	41.2698855915493	100.73426781690141	99.76454	1	0	0	0	0
2024-08-24 22:54:40	41.42551821355932	99.68394281355933	99.77497745762712	1	0	0	0	0
2024-08-24 22:54:50	41.40985097640449	99.9882294269663	99.90240995505617	1	0	0	0	0
2024-08-24 22:55:00	41.15595180491803	100.87910050819671	99.88648809836066	1	0	0	0	0
2024-08-24 22:55:10	41.4191652	99.91229428571428	100.317871	1	0	0	0	0
2024-08-24 22:55:20	41.57142828333333	99.42608833333334	100.20920266666666	1	0	0	0	0
2024-08-24 22:55:30	41.46041975121951	100.48840956097561	100.57106624390244	1	0	0	0	0
2024-08-24 22:55:40	41.48787	100.66024	100.828926	1	0	0	0	0
2024-08-24 22:55:50	41.4168739	100.461044	100.39299	1	0	0	0	0
2024-08-24 22:56:00	41.27092906122449	100.50552857142857	99.93207	1	0	0	0	0
2024-08-24 22:56:10	41.3512988375	100.09543515	100.096174875	1	0	0	0	0
2024-08-24 22:56:20	41.423614025	100.03449077500001	100.263338	1	0	0	0	0
2024-08-24 22:56:30	41.462156995061726	99.95685809876544	100.23466790123457	1	0	0	0	0
2024-08-24 22:56:40	41.49592106666667	100.22962466666667	100.4253	1	0	0	0	0
2024-08-24 22:56:50	41.454485250000005	100.41988515	100.4159918	1	0	0	0	0
2024-08-24 22:57:00	41.60115061224489	100.51124195918366	101.00204218367348	1	0	0	0	0
2024-08-24 22:57:10	41.52976882	100.6198926	100.482071	1	0	0	0	0
2024-08-24 22:57:20	41.40403475409836	100.87110962295083	100.43224570491803	1	0	0	0	0
2024-08-24 22:57:30	41.518052857142855	100.57775414285715	100.71640442857142	1	0	0	0	0
2024-08-24 22:57:40	41.5728951	100.3737	100.695343	1	0	0	0	0
2024-08-24 22:57:50	41.4315529	100.914124	100.509	1	0	0	0	0
2024-08-24 22:58:00	41.46854955102041	100.47910489795919	100.381149	1	0	0	0	0
2024-08-24 22:58:10	41.73523371428571	99.88479285714286	100.68615714285714	1	0	0	0	0
2024-08-24 22:58:20	41.787041125	100.46539312499999	100.928548125	1	0	0	0	0
2024-08-24 22:58:30	41.89901202531645	101.21305748101265	101.97151469620253	1	0	0	0	0
2024-08-24 22:58:40	42.01906795471698	101.10086362264151	102.01747130188679	1	0	0	0	0
2024-08-24 22:58:50	41.856823	101.692139	101.642151	1	0	0	0	0
2024-08-24 22:59:00	41.8764264	101.59514250000001	101.46455	1	0	0	0	0
2024-08-24 22:59:10	41.62269720416666	101.504420375	100.57341	1	0	0	0	0
2024-08-24 22:59:20	41.54683782898551	101.11381236231884	100.36465407246376	1	0	0	0	0
2024-08-24 22:59:30	41.80390947166667	99.94734433333333	100.29329323333334	1	0	0	0	0
2024-08-24 22:59:40	41.49004285714286	101.57754114285714	100.45696371428572	1	0	0	0	0
2024-08-24 22:59:50	41.704602237288135	101.35346650847458	101.34444972881356	1	0	0	0	0
2024-08-24 23:00:00	41.47959725490196	101.1952626862745	100.3801	1	0	0	0	0
2024-08-24 23:00:10	41.58745707721519	99.91917962025316	99.77816367088607	1	0	0	0	0
2024-08-24 23:00:20	41.472603060655736	100.46350736065574	100.03891152459016	1	0	0	0	0
2024-08-24 23:00:30	41.277565	100.850662	100.0929	1	0	0	0	0
2024-08-24 23:00:40	41.359700000000004	100.5485195	100.4065325	1	0	0	0	0
2024-08-24 23:00:50	41.42496753623188	99.96398208695652	99.94053234782608	1	0	0	0	0
2024-08-24 23:01:00	41.346882731372546	100.07656327450981	99.76811450980392	1	0	0	0	0
2024-08-24 23:01:10	41.26209	100.175583	99.7299042	1	0	0	0	0
2024-08-24 23:01:20	41.233566355932204	100.24269203389831	99.9447679661017	1	0	0	0	0
2024-08-24 23:01:30	41.196029438202245	100.1771688764045	99.82240415730338	1	0	0	0	0
2024-08-24 23:01:40	41.22448894507042	99.94397718309858	99.87481915492957	1	0	0	0	0
2024-08-24 23:01:50	41.31072435064935	99.73283298701298	99.99577596103896	1	0	0	0	0
2024-08-24 23:02:00	41.3181267	100.096611	100.226212	1	0	0	0	0
2024-08-24 23:02:10	41.26180075	99.64220366666667	99.55352	1	0	0	0	0
2024-08-24 23:02:20	41.10426497142857	99.99223991428572	99.44346285714286	1	0	0	0	0
2024-08-24 23:02:30	41.23238323478261	99.72822360869566	99.90864521739131	1	0	0	0	0
2024-08-24 23:02:40	41.29436120408163	99.73052512244898	100.128204	1	0	0	0	0
2024-08-24 23:02:50	41.18112361111111	99.99053361111112	99.85485584722223	1	0	0	0	0
2024-08-24 23:03:00	41.169230057142855	99.7884736734694	99.70058575510204	1	0	0	0	0
2024-08-24 23:03:10	41.16976530612245	99.93565710204082	99.89152	1	0	0	0	0
2024-08-24 23:03:20	41.36599102857143	99.8235538095238	100.521553	1	0	0	0	0
2024-08-24 23:03:30	41.4828377	100.1349355	100.83288925	1	0	0	0	0
2024-08-24 23:03:40	41.51197446329114	100.12031931645569	100.67644574683544	1	0	0	0	0
2024-08-24 23:03:50	41.3256645	100.249855	99.88313	1	0	0	0	0
2024-08-24 23:04:00	41.23711224489796	100.32198353061224	99.8700256	1	0	0	0	0
2024-08-24 23:04:10	41.33914986578947	99.9265845368421	99.95795558947368	1	0	0	0	0
2024-08-24 23:04:20	41.253053694117646	100.09356921568627	99.79143182352941	1	0	0	0	0
2024-08-24 23:04:30	41.73550348333333	99.922305	101.08704716666666	1	0	0	0	0
2024-08-24 23:04:40	41.50528331147541	101.11639395081967	100.97755180327869	1	0	0	0	0
2024-08-24 23:04:50	41.6313184556962	100.4635980886076	100.93738202531645	1	0	0	0	0
2024-08-24 23:05:00	42.28953695352113	99.66927150985916	102.40272252112676	1	0	0	0	0
2024-08-24 23:05:10	41.858219008	102.43207968	102.48478212	1	0	0	0	0
2024-08-24 23:05:20	41.956593612244895	101.40014757142858	101.97196336734694	1	0	0	0	0
2024-08-24 23:05:30	42.08818741176471	100.63761209803921	100.96745143137255	1	0	0	0	0
2024-08-24 23:05:40	41.41469888970588	102.41472892647059	100.41489279411765	1	0	0	0	0
2024-08-24 23:05:50	41.70031149571428	100.1333928	99.90590318571428	1	0	0	0	0
2024-08-24 23:06:00	41.4282536625	100.693483	99.59484125	1	0	0	0	0
2024-08-24 23:06:10	41.191303142857144	100.73399342857142	99.41395	1	0	0	0	0
2024-08-24 23:06:20	41.330826	99.635938	99.200904	1	0	0	0	0
2024-08-24 23:06:30	41.0876484625	99.724434	98.8661993175	1	0	0	0	0
2024-08-24 23:06:40	41.14382355	99.5734295	99.2805557	1	0	0	0	0
2024-08-24 23:06:50	41.05071124285715	99.279532	98.99740616142857	1	0	0	0	0
2024-08-24 23:07:00	41.210397836231884	99.56488855072465	99.89224724637681	1	0	0	0	0
2024-08-24 23:07:10	41.369533522727274	99.79955090909091	100.46959245454545	1	0	0	0	0
2024-08-24 23:07:20	41.336689985999996	100.30860332	100.46426064	1	0	0	0	0
2024-08-24 23:07:30	41.11268460588236	100.03754686274509	99.60696414313725	1	0	0	0	0
2024-08-24 23:07:40	41.19700520909091	99.61878236363637	99.60863214	1	0	0	0	0
2024-08-24 23:07:50	41.1802	99.24324	99.2355957	1	0	0	0	0
2024-08-24 23:08:00	41.144983357142856	99.51219342857142	99.4315	1	0	0	0	0
2024-08-24 23:08:10	41.13801464	99.21823214285713	99.149497	1	0	0	0	0
2024-08-24 23:08:20	41.17715454	99.48533022000001	99.41934824	1	0	0	0	0
2024-08-24 23:08:30	41.198506125	99.2693354375	99.2592625	1	0	0	0	0
2024-08-24 23:08:40	41.1942673	99.21977	99.24775	1	0	0	0	0
2024-08-24 23:08:50	41.12602739	99.3554059	99.1839405	1	0	0	0	0
2024-08-24 23:09:00	41.04696679193548	99.61535790322581	99.26962671129031	1	0	0	0	0
2024-08-24 23:09:10	41.10816805	99.58821209999999	99.46203804999999	1	0	0	0	0
2024-08-24 23:09:20	41.323812284	99.163732352	99.77267	1	0	0	0	0
2024-08-24 23:09:30	41.2983	99.65274914285715	99.89850628571429	1	0	0	0	0
2024-08-24 23:09:40	41.3392955	99.66824533333333	99.91872866666667	1	0	0	0	0
2024-08-24 23:09:50	41.1013732	100.045704	99.50563666666666	1	0	0	0	0
2024-08-24 23:10:00	41.362915578260875	99.26098260869566	99.84928739130434	1	0	0	0	0
2024-08-24 23:10:10	41.18699273768116	99.91601797101448	99.5384144057971	1	0	0	0	0
2024-08-24 23:10:20	41.215801372549016	99.40358342156863	99.46229754901961	1	0	0	0	0
2024-08-24 23:10:30	41.18020333333333	99.2537256594203	99.13799173913044	1	0	0	0	0
2024-08-24 23:10:40	41.277594	99.05524294	99.38088	1	0	0	0	0
2024-08-24 23:10:50	41.14598275316455	99.30187443037975	99.14782887848101	1	0	0	0	0
2024-08-24 23:11:00	41.04951839838709	99.17707741935484	98.81349241935484	1	0	0	0	0
2024-08-24 23:11:10	41.1571429654321	98.82992925925926	99.04734111111111	1	0	0	0	0
2024-08-24 23:11:20	41.10996040816327	99.16553497551021	99.2068793877551	1	0	0	0	0
2024-08-24 23:11:30	41.181598807042256	99.41879592816902	99.68844023943662	1	0	0	0	0
2024-08-24 23:11:40	41.481903849999995	98.98147850000001	100.08505583333333	1	0	0	0	0
2024-08-24 23:11:50	41.0926318254902	100.92137884313725	100.38321960784313	1	0	0	0	0
2024-08-24 23:12:00	41.32467306764706	99.30952909705883	99.59506	1	0	0	0	0
2024-08-24 23:12:10	41.254222408333334	99.452881375	99.49009916666667	1	0	0	0	0
2024-08-24 23:12:20	41.18263100285714	100.01007124285714	99.73429785714285	1	0	0	0	0
2024-08-24 23:12:30	41.18557814918033	99.59210901639345	99.4078844704918	1	0	0	0	0
2024-08-24 23:12:40	41.33499372	99.39772341999999	99.84271	1	0	0	0	0
2024-08-24 23:12:50	41.24081962142857	99.58272201999999	99.59910771428572	1	0	0	0	0
2024-08-24 23:13:00	41.11277454117647	99.76291117058823	99.41762235294118	1	0	0	0	0
2024-08-24 23:13:10	41.4626541	99.0128555	100.1841	1	0	0	0	0
2024-08-24 23:13:20	41.591194654285715	99.34366655428572	100.48658392857142	1	0	0	0	0
2024-08-24 23:13:30	41.28638839506173	100.44109713580247	100.10727024691359	1	0	0	0	0
2024-08-24 23:13:40	41.4517975	99.3043747	99.80409	1	0	0	0	0
2024-08-24 23:13:50	41.387694215686274	99.50193176470587	99.52706607843137	1	0	0	0	0
2024-08-24 23:14:00	41.34687205762712	99.78928101694915	99.687355	1	0	0	0	0
2024-08-24 23:14:10	41.1995915308642	100.17103302469137	99.5931250617284	1	0	0	0	0
2024-08-24 23:14:20	41.26386594754098	99.5163944262295	99.5751758852459	1	0	0	0	0
2024-08-24 23:14:30	41.675387066666666	99.33510888888888	100.45989655555555	1	0	0	0	0
2024-08-24 23:14:40	41.291565537254904	101.2624562745098	100.42673247058823	1	0	0	0	0
2024-08-24 23:14:50	41.39585556153846	100.2838286923077	100.283005	1	0	0	0	0
2024-08-24 23:15:00	41.54242702352941	99.4932731372549	99.99447076470588	1	0	0	0	0
2024-08-24 23:15:10	40.97332242375	100.912659475	99.28223925	1	0	0	0	0
2024-08-24 23:15:20	41.204522659999995	99.0861633	98.94236079999999	1	0	0	0	0
2024-08-24 23:15:30	41.10948218309859	99.5326497887324	99.21824352112675	1	0	0	0	0
2024-08-24 23:15:40	41.226492416666666	99.89361666666667	100.07700083333333	1	0	0	0	0
2024-08-24 23:15:50	41.11316544827586	100.09197065517242	99.89830610344828	1	0	0	0	0
2024-08-24 23:16:00	41.386706000000004	99.338216	100.150818	1	0	0	0	0
2024-08-24 23:16:10	41.39586469565218	99.3692052173913	99.8450023478261	1	0	0	0	0
2024-08-24 23:16:20	41.02921437142857	100.19390648571428	99.43469999999999	1	0	0	0	0
2024-08-24 23:16:30	41.372189374074075	99.23591791604939	99.8288148148148	1	0	0	0	0
2024-08-24 23:16:40	41.17500072	99.8463904	99.42616	1	0	0	0	0
2024-08-24 23:16:50	41.1809769	100.236084	100.095207	1	0	0	0	0
2024-08-24 23:17:00	41.21644542352941	100.05048205882353	100.20901235294117	1	0	0	0	0
2024-08-24 23:17:10	41.265686785	99.797962	99.88466	1	0	0	0	0
2024-08-24 23:17:20	41.03436118032786	100.15979683606557	99.33438875737706	1	0	0	0	0
2024-08-24 23:17:30	41.021050960000004	99.95265219999999	99.44934051999999	1	0	0	0	0
2024-08-24 23:17:40	41.04295576	99.9139948	99.721712	1	0	0	0	0
2024-08-24 23:17:50	41.16085015686274	99.5944550980392	99.8719837254902	1	0	0	0	0
2024-08-24 23:18:00	41.19153456	99.17010924	99.4163	1	0	0	0	0
2024-08-24 23:18:10	41.14540901408451	99.46949591549296	99.44792014084507	1	0	0	0	0
2024-08-24 23:18:20	41.15792972159091	99.38885034090909	99.41956352272727	1	0	0	0	0
2024-08-24 23:18:30	41.2215430943662	99.53215169014085	99.77669309859155	1	0	0	0	0
2024-08-24 23:18:40	41.395256	99.47378	100.215668	1	0	0	0	0
2024-08-24 23:18:50	41.31258005245902	100.06977245901639	100.22649254098361	1	0	0	0	0
2024-08-24 23:19:00	41.2339453	100.3504416	100.08624280000001	1	0	0	0	0
2024-08-24 23:19:10	41.20532938775511	100.12789240816328	99.95017	1	0	0	0	0
2024-08-24 23:19:20	41.23787144857143	100.14090242857144	100.14631471428571	1	0	0	0	0
2024-08-24 23:19:30	41.35424328765432	99.99745304938271	100.39887001234567	1	0	0	0	0
2024-08-24 23:19:40	41.35598372857143	100.10836242857143	100.43688757142857	1	0	0	0	0
2024-08-24 23:19:50	41.34213725714286	99.91914934285714	100.0676272857143	1	0	0	0	0
2024-08-24 23:20:00	41.34763186862745	100.0442621764706	100.244987	1	0	0	0	0
2024-08-24 23:20:10	41.240889369620255	100.0948239493671	99.87461936708861	1	0	0	0	0
2024-08-24 23:20:20	41.239093028571425	100.1775449	100.04356114285714	1	0	0	0	0
2024-08-24 23:20:30	41.26236428571429	100.04852544285714	99.983288	1	0	0	0	0
2024-08-24 23:20:40	41.30718	100.206833	100.339073	1	0	0	0	0
2024-08-24 23:20:50	41.41726236724138	99.8340295275862	100.236343	1	0	0	0	0
2024-08-24 23:21:00	41.5480723	100.586998	101.0183435	1	0	0	0	0
2024-08-24 23:21:10	41.33312576875	100.814625625	100.312653	1	0	0	0	0
2024-08-24 23:21:20	41.432890854901956	100.15682466666667	100.301971	1	0	0	0	0
2024-08-24 23:21:30	41.4114075	99.85726	99.82664	1	0	0	0	0
2024-08-24 23:21:40	41.28119007183099	100.27184991549295	99.76970464788732	1	0	0	0	0
2024-08-24 23:21:50	41.39683	99.971	100.1271	1	0	0	0	0
2024-08-24 23:22:00	41.458344591836735	100.19615872244898	100.454819	1	0	0	0	0
2024-08-24 23:22:10	41.508760125	99.96163	100.27527825	1	0	0	0	0
2024-08-24 23:22:20	41.33102289677419	100.55905212903227	100.14558167741936	1	0	0	0	0
2024-08-24 23:22:30	41.56744766404494	100.25384134831461	100.70452438202248	1	0	0	0	0
2024-08-24 23:22:40	41.685215400000004	100.44774571428572	101.12758642857143	1	0	0	0	0
2024-08-24 23:22:50	41.553040271604935	100.7844864197531	100.71537061728395	1	0	0	0	0
2024-08-24 23:23:00	41.43818018135593	100.81670576271186	100.455173	1	0	0	0	0
2024-08-24 23:23:10	41.440194	100.3869168	100.29822779999999	1	0	0	0	0
2024-08-24 23:23:20	41.504774100000006	99.59493	99.73918	1	0	0	0	0
2024-08-24 23:23:30	41.481567007692306	100.19162408974358	100.13879798205127	1	0	0	0	0
2024-08-24 23:23:40	41.34327473770492	100.53120180327868	100.2503374262295	1	0	0	0	0
2024-08-24 23:23:50	41.6530542375	99.5930775	100.38928775	1	0	0	0	0
2024-08-24 23:24:00	41.39084241864407	100.93035101694915	100.37928086440678	1	0	0	0	0
2024-08-24 23:24:10	41.3547846	101.069158	100.76442466666667	1	0	0	0	0
2024-08-24 23:24:20	41.732094	99.892098	100.901222	1	0	0	0	0
2024-08-24 23:24:30	41.7491327943662	100.76479528169014	101.28291008450704	1	0	0	0	0
2024-08-24 23:24:40	41.643569847500004	101.75875255	101.76568792500001	1	0	0	0	0
2024-08-24 23:24:50	41.75745272727273	100.82535389772727	101.08509156818182	1	0	0	0	0
2024-08-24 23:25:00	41.9228554	100.803421	101.462067	1	0	0	0	0
2024-08-24 23:25:10	41.70469671355932	101.84786194915254	101.55226937288136	1	0	0	0	0
2024-08-24 23:25:20	41.418317095238095	101.49911395238095	100.266365	1	0	0	0	0
2024-08-24 23:25:30	41.76829226	99.545763566	99.8134042	1	0	0	0	0
2024-08-24 23:25:40	41.411287088607594	100.83375444303798	99.75437916455697	1	0	0	0	0
2024-08-24 23:25:50	41.33124212285714	100.27220932428571	99.57701931142857	1	0	0	0	0
2024-08-24 23:26:00	41.35089272727273	99.75624781818182	99.32574272727273	1	0	0	0	0
2024-08-24 23:26:10	41.31167939240506	99.97670534177215	99.8765540506329	1	0	0	0	0
2024-08-24 23:26:20	41.66162	99.46747	100.616661	1	0	0	0	0
2024-08-24 23:26:30	41.76652456714286	100.90429862857142	101.53414497142857	1	0	0	0	0
2024-08-24 23:26:40	41.53102892676056	101.57392650704226	101.36781785915493	1	0	0	0	0
2024-08-24 23:26:50	41.838871975	100.296858	101.1439115	1	0	0	0	0
2024-08-24 23:27:00	41.826516086249995	100.8350706375	101.2413789875	1	0	0	0	0
2024-08-24 23:27:10	41.526239459016395	102.16312272131148	101.46937075409836	1	0	0	0	0
2024-08-24 23:27:20	41.77869341463415	100.38780712195121	100.879288	1	0	0	0	0
2024-08-24 23:27:30	41.554817150000005	101.010532274	100.415344	1	0	0	0	0
2024-08-24 23:27:40	41.316048945	100.767566	99.867939985	1	0	0	0	0
2024-08-24 23:27:50	41.51527758024692	99.30323334691359	99.43906483950617	1	0	0	0	0
2024-08-24 23:28:00	41.110713439436616	100.8075776056338	99.49359154929577	1	0	0	0	0
2024-08-24 23:28:10	41.043981800000005	99.88174125714285	98.93928897142858	1	0	0	0	0
2024-08-24 23:28:20	41.0625648	99.42168	98.8687057	1	0	0	0	0
2024-08-24 23:28:30	40.9431229	99.5820541	98.90251	1	0	0	0	0
2024-08-24 23:28:40	41.375055796	99.672674528	100.769157	1	0	0	0	0
2024-08-24 23:28:50	41.74399641975308	99.87491312345679	101.54344187654321	1	0	0	0	0
2024-08-24 23:29:00	41.624893650000004	101.378513	102.24427800000001	1	0	0	0	0
2024-08-24 23:29:10	41.83921	100.338776	101.305168	1	0	0	0	0
2024-08-24 23:29:20	41.7134628	101.538536	101.5645	1	0	0	0	0
2024-08-24 23:29:30	41.52951428030303	101.26248028787879	100.8049226969697	1	0	0	0	0
2024-08-24 23:29:40	41.65474844761905	100.28721904761905	100.40907876190477	1	0	0	0	0
2024-08-24 23:29:50	41.78732	100.953079	101.364388	1	0	0	0	0
2024-08-24 23:30:00	41.350956147540984	101.2596177704918	100.0820344262295	1	0	0	0	0
2024-08-24 23:30:10	41.699785875	99.85443525	100.2950075	1	0	0	0	0
2024-08-24 23:30:20	41.59592294081632	100.57908577551021	100.3419896122449	1	0	0	0	0
2024-08-24 23:30:30	41.3615456	101.012909	100.223862	1	0	0	0	0
2024-08-24 23:30:40	41.533198757692304	100.40814311538462	100.439514	1	0	0	0	0
2024-08-24 23:30:50	41.6279136724138	100.46047998275863	100.7083645862069	1	0	0	0	0
2024-08-24 23:31:00	41.3771439	101.181946	100.427872	1	0	0	0	0
2024-08-24 23:31:10	41.668642491803276	99.9369111147541	100.50333945901639	1	0	0	0	0
2024-08-24 23:31:20	41.83834340204081	100.14516900204082	100.971642	1	0	0	0	0
2024-08-24 23:31:30	41.53256571428572	101.18677657142857	100.73491028571428	1	0	0	0	0
2024-08-24 23:31:40	41.47487306122449	99.39931579591837	99.03280306122448	1	0	0	0	0
2024-08-24 23:31:50	41.20848232857143	99.35879	98.30060285714285	1	0	0	0	0
2024-08-24 23:32:00	40.60498846153846	99.96396358974359	97.3829592051282	1	0	0	0	0
2024-08-24 23:32:10	40.735601518987345	98.3959664556962	97.27686658227849	1	0	0	0	0
2024-08-24 23:32:20	40.7098638028169	98.2485297887324	97.66443591549296	1	0	0	0	0
2024-08-24 23:32:30	40.6482873	98.53178875	98.0812275	1	0	0	0	0
2024-08-24 23:32:40	40.7182236	98.68355	98.621666	1	0	0	0	0
2024-08-24 23:32:50	41.0832	97.96811	99.0933	1	0	0	0	0
2024-08-24 23:33:00	40.75348727058824	99.52240037647059	99.08072470588235	1	0	0	0	0
2024-08-24 23:33:10	40.92876123380282	98.8342728169014	99.21805334084507	1	0	0	0	0
2024-08-24 23:33:20	41.228096	98.0162871	99.14738	1	0	0	0	0
2024-08-24 23:33:30	40.869245039240504	100.08949402531645	99.5165406329114	1	0	0	0	0
2024-08-24 23:33:40	41.363369660784315	98.52606803921569	99.77669352941177	1	0	0	0	0
2024-08-24 23:33:50	40.89416068688524	100.46841575409836	99.44546737704918	1	0	0	0	0
2024-08-24 23:34:00	41.17960323043478	98.98812275362319	99.52508280724638	1	0	0	0	0
2024-08-24 23:34:10	41.223503750704225	99.60051277464788	99.79784807042253	1	0	0	0	0
2024-08-24 23:34:20	41.197023513483146	99.89803624719102	100.06115134831461	1	0	0	0	0
2024-08-24 23:34:30	41.47686780759494	99.01290987341773	99.9348329113924	1	0	0	0	0
2024-08-24 23:34:40	40.91106926122449	100.64219004081633	99.0378342	1	0	0	0	0
2024-08-24 23:34:50	41.28462472105263	99.15426315789473	99.56262212631579	1	0	0	0	0
2024-08-24 23:35:00	41.34428253521126	99.83728552112676	100.17031257746478	1	0	0	0	0
2024-08-24 23:35:10	41.23683139444445	100.29750183333333	100.32776425	1	0	0	0	0
2024-08-24 23:35:20	41.403437780000004	99.43303224	100.0312138	1	0	0	0	0
2024-08-24 23:35:30	41.252123728571426	100.06030951428572	99.89797835714286	1	0	0	0	0
2024-08-24 23:35:40	41.05365063898305	100.59669885084746	99.72345406779661	1	0	0	0	0
2024-08-24 23:35:50	41.19317453934426	100.13829688524591	100.04957944262296	1	0	0	0	0
2024-08-24 23:36:00	41.289115116901414	100.09137056338028	100.29960422535211	1	0	0	0	0
2024-08-24 23:36:10	41.4922748	100.010174375	100.69871875	1	0	0	0	0
2024-08-24 23:36:20	41.49937	100.370865	100.77211	1	0	0	0	0
2024-08-24 23:36:30	41.57769829213483	100.78370692134831	101.0777631011236	1	0	0	0	0
2024-08-24 23:36:40	41.478268182	100.9828825	100.86704780000001	1	0	0	0	0
2024-08-24 23:36:50	41.521	100.822884	100.95269	1	0	0	0	0
2024-08-24 23:37:00	41.34258390980392	101.03275798039216	100.55534974509804	1	0	0	0	0
2024-08-24 23:37:10	41.42112152156863	101.03853966666667	101.06765	1	0	0	0	0
2024-08-24 23:37:20	41.5217323	100.763657	101.055557	1	0	0	0	0
2024-08-24 23:37:30	41.55265398518519	100.55671007407408	100.79152903703704	1	0	0	0	0
2024-08-24 23:37:40	41.55358821666667	100.30036933333332	100.44576533333333	1	0	0	0	0
2024-08-24 23:37:50	41.66219509803921	100.27076768627451	100.78212033333334	1	0	0	0	0
2024-08-24 23:38:00	41.84312043478261	100.55028426086956	101.461662	1	0	0	0	0
2024-08-24 23:38:10	42.00961473714286	101.40161895714286	102.40326584285715	1	0	0	0	0
2024-08-24 23:38:20	41.98061483606558	101.92660462295082	102.43939583606557	1	0	0	0	0
2024-08-24 23:38:30	41.91183375	101.64471962500001	101.57816212499999	1	0	0	0	0
2024-08-24 23:38:40	41.764557269230764	102.01629707692308	101.424614	1	0	0	0	0
2024-08-24 23:38:50	41.726299714285716	101.86075714285714	101.37741442857143	1	0	0	0	0
2024-08-24 23:39:00	41.780667154999996	101.76506741666667	101.68137783333333	1	0	0	0	0
2024-08-24 23:39:10	41.72327921311475	101.01793181967213	100.90439016393442	1	0	0	0	0
2024-08-24 23:39:20	41.56611709	100.85104305	100.263023	1	0	0	0	0
2024-08-24 23:39:30	41.3962059	101.094452	100.261116	1	0	0	0	0
2024-08-24 23:39:40	41.693677236	100.16064158	100.48651028	1	0	0	0	0
2024-08-24 23:39:50	41.69692262025317	100.16982278481012	100.35049055696203	1	0	0	0	0
2024-08-24 23:40:00	41.705962387804874	100.46839175609756	100.669205	1	0	0	0	0
2024-08-24 23:40:10	41.61520623111111	100.61451683333333	100.522824	1	0	0	0	0
2024-08-24 23:40:20	41.53453442622951	100.62805562295082	100.34113180327869	1	0	0	0	0
2024-08-24 23:40:30	41.615138888888886	100.78111522222223	100.82606833333332	1	0	0	0	0
2024-08-24 23:40:40	41.55395	100.667023	100.38575	1	0	0	0	0
2024-08-24 23:40:50	41.5290222	100.557289	100.347565	1	0	0	0	0
2024-08-24 23:41:00	41.56559604	100.29247	100.3963776	1	0	0	0	0
2024-08-24 23:41:10	41.4445885	100.4757584	100.1515	1	0	0	0	0
2024-08-24 23:41:20	41.418158235294115	100.64777750980392	100.4558	1	0	0	0	0
2024-08-24 23:41:30	41.56456282333333	100.36789836666667	100.76989416666667	1	0	0	0	0
2024-08-24 23:41:40	41.671643652	100.15991626	100.79608976	1	0	0	0	0
2024-08-24 23:41:50	41.514145768115945	100.7223718115942	100.335915	1	0	0	0	0
2024-08-24 23:42:00	41.47730549019608	100.76530801960784	100.40379331372549	1	0	0	0	0
2024-08-24 23:42:10	41.61246873333334	101.01441866666666	101.07913433333334	1	0	0	0	0
2024-08-24 23:42:20	41.591354795	100.96237746666667	100.96792956666667	1	0	0	0	0
2024-08-24 23:42:30	41.45168341	100.6829564625	100.3314859	1	0	0	0	0
2024-08-24 23:42:40	41.44750618	100.45054332857143	100.25014504285714	1	0	0	0	0
2024-08-24 23:42:50	41.60147069285715	100.06053142857144	100.4043518	1	0	0	0	0
2024-08-24 23:43:00	41.5025	100.311317	100.109543	1	0	0	0	0
2024-08-24 23:43:10	41.505351499999996	100.39736066666667	100.41371366666667	1	0	0	0	0
2024-08-24 23:43:20	41.8515167	100.198486	101.442329	1	0	0	0	0
2024-08-24 23:43:30	41.709394492753624	100.85108250724637	101.0632623478261	1	0	0	0	0
2024-08-24 23:43:40	41.63497671666667	101.120078	101.02396616666667	1	0	0	0	0
2024-08-24 23:43:50	41.585328371428574	100.46463014285713	100.48855414285714	1	0	0	0	0
2024-08-24 23:44:00	41.91473979591837	99.5100030612245	100.694542	1	0	0	0	0
2024-08-24 23:44:10	41.91473979591837	99.5100030612245	100.694542	1	0	0	0	0
2024-08-24 23:44:20	41.50715028	101.29013020000001	100.8570434	1	0	0	0	0
2024-08-24 23:44:30	41.992508092592594	100.05261692592592	101.406677	1	0	0	0	0
2024-08-24 23:44:40	41.938855872881355	101.31094659322034	101.83307496610169	1	0	0	0	0
2024-08-24 23:44:50	41.7260749225	101.57617795	101.33437045	1	0	0	0	0
2024-08-24 23:45:00	41.99382223877551	100.09437532653061	100.92662802040816	1	0	0	0	0
2024-08-24 23:45:10	41.972248367346936	100.60482265306122	100.96175279591837	1	0	0	0	0
2024-08-24 23:45:20	41.972248367346936	101.9668999047619	100.56163	1	0	0	0	0
2024-08-24 23:45:30	41.77176536197183	100.02979535211267	99.9111009859155	1	0	0	0	0
2024-08-24 23:45:40	41.291139352173914	101.57511782608697	99.8057204347826	1	0	0	0	0
2024-08-24 23:45:50	41.47578360674157	99.96607705617977	99.67058258426965	1	0	0	0	0
2024-08-24 23:46:00	41.387521875	100.69584511666666	100.0946577	1	0	0	0	0
2024-08-24 23:46:10	41.363458400000006	100.79308765714286	100.36726857142857	1	0	0	0	0
2024-08-24 23:46:20	41.7136044	99.556836	100.457756	1	0	0	0	0
2024-08-24 23:46:30	41.7136044	99.556836	100.457756	1	0	0	0	0
2024-08-24 23:46:40	41.26368711971831	101.17150791549295	100.199783	1	0	0	0	0
2024-08-24 23:46:50	41.30537807142857	100.28386771428572	99.69499185714285	1	0	0	0	0
2024-08-24 23:47:00	41.387938695652174	100.21727249275362	100.05753869565218	1	0	0	0	0
2024-08-24 23:47:10	41.3359756	100.401222	100.090416	1	0	0	0	0
2024-08-24 23:47:20	41.3359756	100.401222	100.090416	1	0	0	0	0
2024-08-24 23:47:30	41.368533534782614	99.96523579710144	100.12643508695652	1	0	0	0	0
2024-08-24 23:47:40	41.34398259672131	99.8112475409836	99.77208245901639	1	0	0	0	0
2024-08-24 23:47:50	41.31136403	99.641764375	99.55249	1	0	0	0	0
2024-08-24 23:48:00	41.30081211375	99.7769781975	99.68196800000001	1	0	0	0	0
2024-08-24 23:48:10	41.33005811594203	99.55610492753623	99.61638395942029	1	0	0	0	0
2024-08-24 23:48:20	41.43734242307692	99.54817615384614	99.9319055	1	0	0	0	0
2024-08-24 23:48:30	41.35954497358491	99.91731228301887	99.9650725245283	1	0	0	0	0
2024-08-24 23:48:40	41.46815795454546	99.89739263636363	100.31248494318181	1	0	0	0	0
2024-08-24 23:48:50	41.51949347125	99.4139484375	99.90314071375	1	0	0	0	0
2024-08-24 23:49:00	41.42340935211267	99.85257605633804	99.98195947887324	1	0	0	0	0
2024-08-24 23:49:10	41.30190855254238	99.99976745762712	99.64969	1	0	0	0	0
2024-08-24 23:49:20	41.5117384	100.18887495238096	100.800552	1	0	0	0	0
2024-08-24 23:49:30	41.49391398039216	100.28407282352941	100.59157450980392	1	0	0	0	0
2024-08-24 23:49:40	41.57028643272727	100.31775927272727	100.7094048	1	0	0	0	0
2024-08-24 23:49:50	41.469166320987654	100.59472944444445	100.5240821851852	1	0	0	0	0
2024-08-24 23:50:00	41.31812870571429	100.81243551428571	100.32982557142857	1	0	0	0	0
2024-08-24 23:50:10	41.350853428571426	100.60816677142857	100.38529178571429	1	0	0	0	0
2024-08-24 23:50:20	41.4182968	100.290985	100.344727	1	0	0	0	0
2024-08-24 23:50:30	41.43547761898734	100.45756017721519	100.57666355696202	1	0	0	0	0
2024-08-24 23:50:40	41.580031491999996	100.3071246	100.897545	1	0	0	0	0
2024-08-24 23:50:50	41.38698609876543	100.71793516049382	100.41293090123457	1	0	0	0	0
2024-08-24 23:51:00	41.474545652173916	100.61802495652174	100.72042473913044	1	0	0	0	0
2024-08-24 23:51:10	41.352541952500005	100.3704371625	99.99772521625	1	0	0	0	0
2024-08-24 23:51:20	41.30255019512195	100.46640712195122	100.10168631707317	1	0	0	0	0
2024-08-24 23:51:30	41.329483	100.263153	100.096382	1	0	0	0	0
2024-08-24 23:51:40	41.408875518367346	100.37394791836735	100.55817567346939	1	0	0	0	0
2024-08-24 23:51:50	41.388684999999995	100.4507525	100.45444850000001	1	0	0	0	0
2024-08-24 23:52:00	41.379099772151896	100.51212513924051	100.44052418987343	1	0	0	0	0
2024-08-24 23:52:10	41.381556063291136	100.57798088607595	100.52624553164557	1	0	0	0	0
2024-08-24 23:52:20	41.45937	100.738708	100.944138	1	0	0	0	0
2024-08-24 23:52:30	41.2845535	100.729393	100.353188	1	0	0	0	0
2024-08-24 23:52:40	41.328714688235294	100.27978358823529	100.187073	1	0	0	0	0
2024-08-24 23:52:50	41.40581633	100.1647182	100.3914697	1	0	0	0	0
2024-08-24 23:53:00	41.3552585	100.2472678	100.37273445000001	1	0	0	0	0
2024-08-24 23:53:10	41.63554539411764	99.90538253529411	100.957893	1	0	0	0	0
2024-08-24 23:53:20	41.5886269	100.204735	100.676872	1	0	0	0	0
2024-08-24 23:53:30	41.6779442	99.7176056	100.425354	1	0	0	0	0
2024-08-24 23:53:40	41.554444274509805	100.50183943137255	100.56974956862744	1	0	0	0	0
2024-08-24 23:53:50	41.55300202898551	100.79101597101449	100.74742771014493	1	0	0	0	0
2024-08-24 23:54:00	41.58313521666667	100.8753491	100.87025596666666	1	0	0	0	0
2024-08-24 23:54:10	41.54185	101.143173	100.961578	1	0	0	0	0
2024-08-24 23:54:20	41.576767411764706	100.79137313725491	100.77793856862745	1	0	0	0	0
2024-08-24 23:54:30	41.66428373793104	100.95076493103448	101.05556803448275	1	0	0	0	0
2024-08-24 23:54:40	41.7546511952381	100.84873947619047	101.210251	1	0	0	0	0
2024-08-24 23:54:50	41.9356242516854	101.03847558426966	101.77033229213484	1	0	0	0	0
2024-08-24 23:55:00	41.66682246885246	101.32606278688525	100.95962704918034	1	0	0	0	0
2024-08-24 23:55:10	41.717207637037035	100.27280382716049	100.45377740740742	1	0	0	0	0
2024-08-24 23:55:20	41.855368819999995	100.00640729999999	100.4499744	1	0	0	0	0
2024-08-24 23:55:30	41.485171725	100.95479387500001	100.0788275	1	0	0	0	0
2024-08-24 23:55:40	41.76855	99.07287	99.83601	1	0	0	0	0
2024-08-24 23:55:50	41.4505	101.462341	100.251114	1	0	0	0	0
2024-08-24 23:56:00	41.38189214347826	101.35365821739131	100.46463	1	0	0	0	0
2024-08-24 23:56:10	41.62606073661972	99.96959647887324	100.11850912676056	1	0	0	0	0
2024-08-24 23:56:20	41.29293176666667	100.98180066666667	100.14605433333334	1	0	0	0	0
2024-08-24 23:56:30	41.52254715915493	99.99117985915493	100.19831857746479	1	0	0	0	0
2024-08-24 23:56:40	41.36076968	100.7551728	100.293396	1	0	0	0	0
2024-08-24 23:56:50	41.24077873417722	100.67709711392405	100.08752296202532	1	0	0	0	0
2024-08-24 23:57:00	41.431713414	99.920073502	100.21782374	1	0	0	0	0
2024-08-24 23:57:10	41.3732816	99.90608010169493	99.9050446	1	0	0	0	0
2024-08-24 23:57:20	41.35573588571429	100.26906485714285	100.2071552857143	1	0	0	0	0
2024-08-24 23:57:30	41.56860133333333	100.758036	101.35747766666667	1	0	0	0	0
2024-08-24 23:57:40	41.52529959591837	101.33953416326531	101.49894263265307	1	0	0	0	0
2024-08-24 23:57:50	41.72775295652173	101.22294614492753	101.9025038115942	1	0	0	0	0
2024-08-24 23:58:00	41.54106664084507	101.4246413943662	101.15408111267605	1	0	0	0	0
2024-08-24 23:58:10	41.68422533333334	100.75602481481481	101.11968840740741	1	0	0	0	0
2024-08-24 23:58:20	41.86064572881356	100.66285169491525	101.47789083050847	1	0	0	0	0
2024-08-24 23:58:30	41.9119372375	101.621704875	102.26562237499999	1	0	0	0	0
2024-08-24 23:58:40	41.87203292	101.6949508	101.93988	1	0	0	0	0
2024-08-24 23:58:50	41.73190852112676	101.79004218309859	101.453445	1	0	0	0	0
2024-08-24 23:59:00	41.76673942884615	101.42335673076924	101.35945132692308	1	0	0	0	0
2024-08-24 23:59:10	41.768291250000004	101.31540103409091	101.30116656818181	1	0	0	0	0
2024-08-24 23:59:20	41.83929801285714	101.35782494285715	101.52839887142858	1	0	0	0	0
2024-08-24 23:59:30	41.548914559016396	101.06725672131148	100.0801381737705	1	0	0	0	0
2024-08-24 23:59:40	41.31661285294118	101.0089625490196	99.65870490392157	1	0	0	0	0
2024-08-24 23:59:50	41.1941071	99.77955	98.51651	1	0	0	0	0
2024-08-25 00:00:00	40.921807228	98.999093396	97.55809	1	0	0	0	0
