PROCESSDATA	2111FIC45102C Data	yyyy-MM-dd HH:mm:ss
8	10	2024-11-16 21:55:00	751
tagname	2111FIC45102C.MV	2111FIC45102C.PV	2111FIC45102C.SV	2111FIC45102C.MODE	bOpOFL	bPvOFL	bSpOFL	bAutOFL
desc	一段减底油至F402C路_OP	一段减底油至F402C路_PV	一段减底油至F402C路_SP	Aut	bOpOFL	bPvOFL	bSpOFL	bAutOFL
fsMax=2.246958374292454	fsMin=0	fsGridNum=10	fdMax=2.246958374292454tfdMin=0	fdGridNum=10	v0GridNum=10	L=24
2024-11-16 21:55:00	58.852263736	46.335286776	47	1	0	0	0	0
2024-11-16 21:55:10	58.59158427846154	47.28429463692308	47	1	0	0	0	0
2024-11-16 21:55:20	58.40673787727273	47.46820364090909	47	1	0	0	0	0
2024-11-16 21:55:30	58.990012032	46.040976728000004	47	1	0	0	0	0
2024-11-16 21:55:40	58.601303271999996	47.3763572	47	1	0	0	0	0
2024-11-16 21:55:50	58.5195024	47.301085807999996	47	1	0	0	0	0
2024-11-16 21:56:00	58.67896868	46.817938544	47	1	0	0	0	0
2024-11-16 21:56:10	58.782516792452824	46.852702452830194	47	1	0	0	0	0
2024-11-16 21:56:20	58.552245176470585	47.41334417843137	47	1	0	0	0	0
2024-11-16 21:56:30	58.661550896	46.85895816	47	1	0	0	0	0
2024-11-16 21:56:40	59.098976288	46.072979576	47	1	0	0	0	0
2024-11-16 21:56:50	58.330008400000004	48.219091464	47	1	0	0	0	0
2024-11-16 21:57:00	59.010332831999996	46.08424118	47	1	0	0	0	0
2024-11-16 21:57:10	58.63328695873016	47.425644444444444	47	1	0	0	0	0
2024-11-16 21:57:20	58.492074148837204	47.18196904883721	47	1	0	0	0	0
2024-11-16 21:57:30	58.913578332	46.210242032000004	47	1	0	0	0	0
2024-11-16 21:57:40	58.230885004	48.15150208	47	1	0	0	0	0
2024-11-16 21:57:50	58.502451912000005	46.918561844	47	1	0	0	0	0
2024-11-16 21:58:00	58.8858564	46.131342335999996	47	1	0	0	0	0
2024-11-16 21:58:10	58.34345597014925	47.70047157313433	47	1	0	0	0	0
2024-11-16 21:58:20	58.80871926595744	46.17172628510639	47	1	0	0	0	0
2024-11-16 21:58:30	58.92276232727273	46.38194090909091	47	1	0	0	0	0
2024-11-16 21:58:40	58.3025732	47.77377132	47	1	0	0	0	0
2024-11-16 21:58:50	58.811935184	46.34474	47	1	0	0	0	0
2024-11-16 21:59:00	58.444355752	47.590853112	47	1	0	0	0	0
2024-11-16 21:59:10	58.40609233538461	47.26273445846154	47	1	0	0	0	0
2024-11-16 21:59:20	58.78331659512195	46.369404	47	1	0	0	0	0
2024-11-16 21:59:30	58.528733356	47.4090532	47	1	0	0	0	0
2024-11-16 21:59:40	58.282773632	47.6884325	47	1	0	0	0	0
2024-11-16 21:59:50	58.657744316	46.5296472	47	1	0	0	0	0
2024-11-16 22:00:00	58.826534656	46.522890108	47	1	0	0	0	0
2024-11-16 22:00:10	58.30441135873016	47.836160092063494	47	1	0	0	0	0
2024-11-16 22:00:20	58.626703488372094	46.65393790697674	47	1	0	0	0	0
2024-11-16 22:00:30	58.81942106	46.471726712	47	1	0	0	0	0
2024-11-16 22:00:40	58.422096728	47.55357242	47	1	0	0	0	0
2024-11-16 22:00:50	58.7206904	46.575237112	47	1	0	0	0	0
2024-11-16 22:01:00	58.819541884	46.71049268	47	1	0	0	0	0
2024-11-16 22:01:10	58.224381895238096	48.15576634920635	47	1	0	0	0	0
2024-11-16 22:01:20	59.05775847142857	45.71364473571429	47	1	0	0	0	0
2024-11-16 22:01:30	58.751841604	47.0114264	47	1	0	0	0	0
2024-11-16 22:01:40	58.227771688	48.019541952000004	47	1	0	0	0	0
2024-11-16 22:01:50	58.993241552	45.96945304	47	1	0	0	0	0
2024-11-16 22:02:00	58.481470668	47.804883104	47	1	0	0	0	0
2024-11-16 22:02:10	58.661451614814816	46.88302925925926	47	1	0	0	0	0
2024-11-16 22:02:20	59.067872663461536	46.19050575769231	47	1	0	0	0	0
2024-11-16 22:02:30	58.315530544	48.0445376	47	1	0	0	0	0
2024-11-16 22:02:40	59.085252032	45.882156087999995	47	1	0	0	0	0
2024-11-16 22:02:50	58.567418504	47.676921884	47	1	0	0	0	0
2024-11-16 22:03:00	58.6670768	46.902073296	47	1	0	0	0	0
2024-11-16 22:03:10	58.77048928148148	46.864837622222225	47	1	0	0	0	0
2024-11-16 22:03:20	58.30379564117647	47.96492313333333	47	1	0	0	0	0
2024-11-16 22:03:30	58.964775536	46.068304724	47	1	0	0	0	0
2024-11-16 22:03:40	58.5755868	47.590306708	47	1	0	0	0	0
2024-11-16 22:03:50	58.663622712	46.8779245	47	1	0	0	0	0
2024-11-16 22:04:00	59.111586556	46.100196224	47	1	0	0	0	0
2024-11-16 22:04:10	58.53761150943396	47.55082504716981	47	1	0	0	0	0
2024-11-16 22:04:20	59.17496441153846	45.83042502307693	47	1	0	0	0	0
2024-11-16 22:04:30	58.660684952	47.650095176	47	1	0	0	0	0
2024-11-16 22:04:40	58.72479628	46.9193764	47	1	0	0	0	0
2024-11-16 22:04:50	59.136800359999995	46.150581200000005	47	1	0	0	0	0
2024-11-16 22:05:00	58.31812002	48.280907976	47	1	0	0	0	0
2024-11-16 22:05:10	58.95210553333333	46.30140962962963	47	1	0	0	0	0
2024-11-16 22:05:20	58.66394336037736	47.470707735849054	47	1	0	0	0	0
2024-11-16 22:05:30	58.51859392	47.410490864	47	1	0	0	0	0
2024-11-16 22:05:40	58.796561808	46.750862288	47	1	0	0	0	0
2024-11-16 22:05:50	58.547117932	47.447649244	47	1	0	0	0	0
2024-11-16 22:06:00	58.354371636	47.623774000000004	47	1	0	0	0	0
2024-11-16 22:06:10	58.94747968253968	46.05327068888889	47	1	0	0	0	0
2024-11-16 22:06:20	58.68693341463415	47.116680763414635	47	1	0	0	0	0
2024-11-16 22:06:30	58.540837976	47.363806464	47	1	0	0	0	0
2024-11-16 22:06:40	58.75562512	46.760785999999996	47	1	0	0	0	0
2024-11-16 22:06:50	58.787203408	46.8115984	47	1	0	0	0	0
2024-11-16 22:07:00	58.891871624000004	46.783007048	47	1	0	0	0	0
2024-11-16 22:07:10	58.60139700740741	47.356424696296294	47	1	0	0	0	0
2024-11-16 22:07:20	58.87712815882353	46.50902101764706	47	1	0	0	0	0
2024-11-16 22:07:30	58.844602652	46.994538616	47	1	0	0	0	0
2024-11-16 22:07:40	58.329486684	48.026580652	47	1	0	0	0	0
2024-11-16 22:07:50	58.872969532	46.4094862	47	1	0	0	0	0
2024-11-16 22:08:00	58.355434504	48.040485552	47	1	0	0	0	0
2024-11-16 22:08:10	58.71156976296297	46.66194038518518	47	1	0	0	0	0
2024-11-16 22:08:20	59.03644923076923	46.16539165192308	47	1	0	0	0	0
2024-11-16 22:08:30	58.39956219574468	47.956385957446805	47	1	0	0	0	0
2024-11-16 22:08:40	58.888479176	46.435636432	47	1	0	0	0	0
2024-11-16 22:08:50	58.956621872	46.6406023	47	1	0	0	0	0
2024-11-16 22:09:00	58.5376156	47.55076684	47	1	0	0	0	0
2024-11-16 22:09:10	58.915349122222224	46.6224186962963	47	1	0	0	0	0
2024-11-16 22:09:20	58.510983128846156	47.7822577	47	1	0	0	0	0
2024-11-16 22:09:30	58.649850636000004	46.9050152	47	1	0	0	0	0
2024-11-16 22:09:40	59.010059892	46.269630712	47	1	0	0	0	0
2024-11-16 22:09:50	58.24827834	48.340061768	47	1	0	0	0	0
2024-11-16 22:10:00	58.7462436	46.579416943999995	47	1	0	0	0	0
2024-11-16 22:10:10	58.81334177777778	46.7969643037037	47	1	0	0	0	0
2024-11-16 22:10:20	58.32644552307692	47.85748602307692	47	1	0	0	0	0
2024-11-16 22:10:30	58.757679724	46.533187688	47	1	0	0	0	0
2024-11-16 22:10:40	58.651749836	47.156676612	47	1	0	0	0	0
2024-11-16 22:10:50	58.451960287999995	47.3813688	47	1	0	0	0	0
2024-11-16 22:11:00	59.021010312	45.892245448000004	47	1	0	0	0	0
2024-11-16 22:11:10	58.532798071875	47.616447096875	47	1	0	0	0	0
2024-11-16 22:11:20	58.30266695365854	47.72236840731707	47	1	0	0	0	0
2024-11-16 22:11:30	58.81733874	46.5022464	47	1	0	0	0	0
2024-11-16 22:11:40	58.4033104	47.76935508	47	1	0	0	0	0
2024-11-16 22:11:50	58.505209808000004	47.068518872	47	1	0	0	0	0
2024-11-16 22:12:00	58.919294443999995	46.256193532000005	47	1	0	0	0	0
2024-11-16 22:12:10	58.4093371	47.780544444444445	47	1	0	0	0	0
2024-11-16 22:12:20	58.55703979574468	47.06621731914894	47	1	0	0	0	0
2024-11-16 22:12:30	58.76047789787234	46.60002112978724	47	1	0	0	0	0
2024-11-16 22:12:40	58.740520624	46.817061708	47	1	0	0	0	0
2024-11-16 22:12:50	58.525256072	47.38329102	47	1	0	0	0	0
2024-11-16 22:13:00	58.655935664	46.722707576000005	47	1	0	0	0	0
2024-11-16 22:13:10	58.7930499962963	46.523166296296296	47	1	0	0	0	0
2024-11-16 22:13:20	58.7167019326923	47.11437924423077	47	1	0	0	0	0
2024-11-16 22:13:30	58.46821426	47.430329107999995	47	1	0	0	0	0
2024-11-16 22:13:40	58.9724644	46.116109768	47	1	0	0	0	0
2024-11-16 22:13:50	58.474503676000005	47.814967964	47	1	0	0	0	0
2024-11-16 22:14:00	58.740089272	46.784710424000004	47	1	0	0	0	0
2024-11-16 22:14:10	58.802089259259255	46.86077682962963	47	1	0	0	0	0
2024-11-16 22:14:20	58.47010253653846	47.75246646153846	47	1	0	0	0	0
2024-11-16 22:14:30	58.747725100000004	46.770298752	47	1	0	0	0	0
2024-11-16 22:14:40	58.837994992	46.83556402	47	1	0	0	0	0
2024-11-16 22:14:50	58.373492504	48.004521008	47	1	0	0	0	0
2024-11-16 22:15:00	58.506050016	47.257032916	47	1	0	0	0	0
2024-11-16 22:15:10	58.79113220740741	46.524879688888895	47	1	0	0	0	0
2024-11-16 22:15:20	58.533194615384616	47.44042815192307	47	1	0	0	0	0
2024-11-16 22:15:30	58.539415704	47.110582	47	1	0	0	0	0
2024-11-16 22:15:40	59.062339912	45.934632024	47	1	0	0	0	0
2024-11-16 22:15:50	58.468637136	47.808746044	47	1	0	0	0	0
2024-11-16 22:16:00	58.955414416	46.169572800000005	47	1	0	0	0	0
2024-11-16 22:16:10	58.97507592592593	46.62508111111111	47	1	0	0	0	0
2024-11-16 22:16:20	58.32066680851064	48.048701795744684	47	1	0	0	0	0
2024-11-16 22:16:30	58.877870644	46.524901256	47	1	0	0	0	0
2024-11-16 22:16:40	58.3692098	48.033326448000004	47	1	0	0	0	0
2024-11-16 22:16:50	58.553648088	47.016831224	47	1	0	0	0	0
2024-11-16 22:17:00	58.939178399999996	46.328096584	47	1	0	0	0	0
2024-11-16 22:17:10	58.51343614814815	47.48648174814815	47	1	0	0	0	0
2024-11-16 22:17:20	58.89828771914894	46.462034612765954	47	1	0	0	0	0
2024-11-16 22:17:30	58.659399432	47.450992752	47	1	0	0	0	0
2024-11-16 22:17:40	58.485628644	47.560069128	47	1	0	0	0	0
2024-11-16 22:17:50	58.971964528	46.318278356	47	1	0	0	0	0
2024-11-16 22:18:00	58.449962	47.790397483999996	47	1	0	0	0	0
2024-11-16 22:18:10	58.69840256296296	46.75309518518519	47	1	0	0	0	0
2024-11-16 22:18:20	58.88704395833334	46.557989125	47	1	0	0	0	0
2024-11-16 22:18:30	58.408225056	47.7538504	47	1	0	0	0	0
2024-11-16 22:18:40	59.119327432	45.832081856	47	1	0	0	0	0
2024-11-16 22:18:50	58.671452264	47.58254152	47	1	0	0	0	0
2024-11-16 22:19:00	58.68286314	47.048246884	47	1	0	0	0	0
2024-11-16 22:19:10	58.9588782875	46.68132556875	47	1	0	0	0	0
2024-11-16 22:19:20	58.30859242142857	48.4439572	47	1	0	0	0	0
2024-11-16 22:19:30	58.833746836	46.5951596	47	1	0	0	0	0
2024-11-16 22:19:40	58.85886168	46.7610127	47	1	0	0	0	0
2024-11-16 22:19:50	58.420912799999996	47.7757864	47	1	0	0	0	0
2024-11-16 22:20:00	58.975096156	46.081102783999995	47	1	0	0	0	0
2024-11-16 22:20:10	58.968271540625004	46.594890584375	47	1	0	0	0	0
2024-11-16 22:20:20	58.35382037142857	48.05296242857143	47	1	0	0	0	0
2024-11-16 22:20:30	59.08055654042553	46.10553529148936	47	1	0	0	0	0
2024-11-16 22:20:40	58.663379492	47.58124728	47	1	0	0	0	0
2024-11-16 22:20:50	58.57334208	47.3349904	47	1	0	0	0	0
2024-11-16 22:21:00	59.131900464	46.044185139999996	47	1	0	0	0	0
2024-11-16 22:21:10	58.382729053968255	48.153146587301585	47	1	0	0	0	0
2024-11-16 22:21:20	58.872700826829266	46.43160972439025	47	1	0	0	0	0
2024-11-16 22:21:30	58.877879512	46.7972084	47	1	0	0	0	0
2024-11-16 22:21:40	58.5483769	47.34837552	47	1	0	0	0	0
2024-11-16 22:21:50	58.972393544	46.237451308	47	1	0	0	0	0
2024-11-16 22:22:00	58.6760584	47.31383288	47	1	0	0	0	0
2024-11-16 22:22:10	58.62743769375	47.104963062500005	47	1	0	0	0	0
2024-11-16 22:22:20	58.88157518571429	46.53605232142857	47	1	0	0	0	0
2024-11-16 22:22:30	58.84090056666666	46.93181270833334	47	1	0	0	0	0
2024-11-16 22:22:40	58.615961624	47.319652944	47	1	0	0	0	0
2024-11-16 22:22:50	59.188577252	45.89228542	47	1	0	0	0	0
2024-11-16 22:23:00	58.612077044	47.91549602	47	1	0	0	0	0
2024-11-16 22:23:10	58.88020955555555	46.71778086984127	46.65079365079365	1	0	0	0	0
2024-11-16 22:23:20	59.019053752380955	46.309036252380956	46	1	0	0	0	0
2024-11-16 22:23:30	58.32103510638298	47.57134093829787	46	1	0	0	0	0
2024-11-16 22:23:40	58.648723144	46.219238968	46	1	0	0	0	0
2024-11-16 22:23:50	58.55874358	46.34699184	46	1	0	0	0	0
2024-11-16 22:24:00	58.109842283999996	47.084084931999996	46	1	0	0	0	0
2024-11-16 22:24:10	58.407893162499995	45.98666503125	46	1	0	0	0	0
2024-11-16 22:24:20	58.48106289285714	45.90918982142857	46	1	0	0	0	0
2024-11-16 22:24:30	58.111775200000004	46.901582923404256	46	1	0	0	0	0
2024-11-16 22:24:40	58.392425748	45.707007456	46	1	0	0	0	0
2024-11-16 22:24:50	58.561541148	45.502024532	46	1	0	0	0	0
2024-11-16 22:25:00	57.965377184	47.019453764	46	1	0	0	0	0
2024-11-16 22:25:10	58.324244006349204	45.79729035396826	46	1	0	0	0	0
2024-11-16 22:25:20	58.25447704634146	46.08335702195122	46	1	0	0	0	0
2024-11-16 22:25:30	58.342868036	45.908830764	46	1	0	0	0	0
2024-11-16 22:25:40	58.295304724	46.033780543999995	46	1	0	0	0	0
2024-11-16 22:25:50	58.284443408	46.009732664	46	1	0	0	0	0
2024-11-16 22:26:00	58.507887864	45.497715136	46	1	0	0	0	0
2024-11-16 22:26:10	58.394847846874995	45.962986540625	46	1	0	0	0	0
2024-11-16 22:26:20	58.377727560975615	45.93232227317073	46	1	0	0	0	0
2024-11-16 22:26:30	58.356514	46.087244184	46	1	0	0	0	0
2024-11-16 22:26:40	58.259303156	46.283964032	46	1	0	0	0	0
2024-11-16 22:26:50	58.254126112	46.137983988	46	1	0	0	0	0
2024-11-16 22:27:00	58.427803032	45.703871196	46	1	0	0	0	0
2024-11-16 22:27:10	58.30410148125	46.08960578125	46	1	0	0	0	0
2024-11-16 22:27:20	58.31422829268293	46.042586729268294	46	1	0	0	0	0
2024-11-16 22:27:30	58.316430888	46.0444276	46	1	0	0	0	0
2024-11-16 22:27:40	58.385557712	45.766849448	46	1	0	0	0	0
2024-11-16 22:27:50	58.437856323999995	45.699866948	46	1	0	0	0	0
2024-11-16 22:28:00	58.520355996	45.617880840000005	46	1	0	0	0	0
2024-11-16 22:28:10	58.29289183174603	46.255667357142855	46	1	0	0	0	0
2024-11-16 22:28:20	58.534484185714284	45.59444237857143	46	1	0	0	0	0
2024-11-16 22:28:30	58.391509512	46.065317312	46	1	0	0	0	0
2024-11-16 22:28:40	58.31696184	46.1778626	46	1	0	0	0	0
2024-11-16 22:28:50	58.183323852	46.5061612	46	1	0	0	0	0
2024-11-16 22:29:00	58.407048464	45.783289644	46	1	0	0	0	0
2024-11-16 22:29:10	58.502366934375	45.584762646875	46	1	0	0	0	0
2024-11-16 22:29:20	58.46476741904762	45.914923709523805	46	1	0	0	0	0
2024-11-16 22:29:30	58.216814	46.700818936	46	1	0	0	0	0
2024-11-16 22:29:40	58.028533576	46.7261296	46	1	0	0	0	0
2024-11-16 22:29:50	58.616607828	45.269856816	46	1	0	0	0	0
2024-11-16 22:30:00	58.2617112	46.552034208	46	1	0	0	0	0
2024-11-16 22:30:10	58.12003085	46.433778331250004	46	1	0	0	0	0
2024-11-16 22:30:20	58.57993057857143	45.349069285714286	46	1	0	0	0	0
2024-11-16 22:30:30	57.939895348	47.092101723999995	46	1	0	0	0	0
2024-11-16 22:30:40	58.391059472	45.434955584	46	1	0	0	0	0
2024-11-16 22:30:50	58.506002800000005	45.587976976	46	1	0	0	0	0
2024-11-16 22:31:00	58.017001199999996	46.681485136	46	1	0	0	0	0
2024-11-16 22:31:10	58.579776534375	45.180326575	46	1	0	0	0	0
2024-11-16 22:31:20	57.94868214390244	47.28357070243902	46	1	0	0	0	0
2024-11-16 22:31:30	58.361239956	45.668982544	46	1	0	0	0	0
2024-11-16 22:31:40	58.5279916	45.513584672	46	1	0	0	0	0
2024-11-16 22:31:50	58.143766284	46.393932796	46	1	0	0	0	0
2024-11-16 22:32:00	58.325852	45.78586242	46	1	0	0	0	0
2024-11-16 22:32:10	58.433216196875	45.692059284375	46	1	0	0	0	0
2024-11-16 22:32:20	58.06408203902439	46.79118238780488	46	1	0	0	0	0
2024-11-16 22:32:30	58.324156176	45.804815804	46	1	0	0	0	0
2024-11-16 22:32:40	58.436001152	45.815887968	46	1	0	0	0	0
2024-11-16 22:32:50	58.00013808	46.668068432	46	1	0	0	0	0
2024-11-16 22:33:00	58.440663596	45.3774852	46	1	0	0	0	0
2024-11-16 22:33:10	58.153186915625	46.444893703125	46	1	0	0	0	0
2024-11-16 22:33:20	58.051989165853655	46.310939268292685	46	1	0	0	0	0
2024-11-16 22:33:30	58.375721544	45.621665136	46	1	0	0	0	0
2024-11-16 22:33:40	58.050400012	46.558469264	46	1	0	0	0	0
2024-11-16 22:33:50	58.099943312	45.9458636	46	1	0	0	0	0
2024-11-16 22:34:00	58.549186272	44.933666	46	1	0	0	0	0
2024-11-16 22:34:10	58.034459	46.62755095	46	1	0	0	0	0
2024-11-16 22:34:20	58.24277622857143	45.69805095238095	46	1	0	0	0	0
2024-11-16 22:34:30	58.441882400000004	45.519894708	46	1	0	0	0	0
2024-11-16 22:34:40	58.055273232000005	46.591763188	46	1	0	0	0	0
2024-11-16 22:34:50	58.298083492	45.702111456000004	46	1	0	0	0	0
2024-11-16 22:35:00	58.707442447999995	44.989739692	46	1	0	0	0	0
2024-11-16 22:35:10	58.177112340625	46.624345312500004	46	1	0	0	0	0
2024-11-16 22:35:20	58.54920265909091	45.34017272727272	46	1	0	0	0	0
2024-11-16 22:35:30	58.60033799166666	45.625867183333334	46	1	0	0	0	0
2024-11-16 22:35:40	57.876911248	47.330754811999995	46	1	0	0	0	0
2024-11-16 22:35:50	58.3175246	45.691662	46	1	0	0	0	0
2024-11-16 22:36:00	58.338825844	46.017580364000004	46	1	0	0	0	0
2024-11-16 22:36:10	58.028558322222224	46.57577348253968	46	1	0	0	0	0
2024-11-16 22:36:20	58.3512482	45.60041339285714	46	1	0	0	0	0
2024-11-16 22:36:30	58.093061796	46.744196696	46	1	0	0	0	0
2024-11-16 22:36:40	58.4553656	45.371846932	46	1	0	0	0	0
2024-11-16 22:36:50	58.88212082	44.771992736	46	1	0	0	0	0
2024-11-16 22:37:00	58.017890343999994	47.16486784	46	1	0	0	0	0
2024-11-16 22:37:10	58.4720376625	45.558135	46	1	0	0	0	0
2024-11-16 22:37:20	58.39619285714286	46.111236035714285	46	1	0	0	0	0
2024-11-16 22:37:30	57.98033936	46.706823096	46	1	0	0	0	0
2024-11-16 22:37:40	58.580544775999996	45.1693256	46	1	0	0	0	0
2024-11-16 22:37:50	58.121019364	46.620821756	46	1	0	0	0	0
2024-11-16 22:38:00	58.1092564	46.09729724	46	1	0	0	0	0
2024-11-16 22:38:10	58.29314450370371	45.824346481481484	46	1	0	0	0	0
2024-11-16 22:38:20	57.91761053653846	46.66618413076923	46	1	0	0	0	0
2024-11-16 22:38:30	58.365201008	45.318433404	46	1	0	0	0	0
2024-11-16 22:38:40	58.328596508000004	45.816006424	46	1	0	0	0	0
2024-11-16 22:38:50	57.968253063999995	46.5876964	46	1	0	0	0	0
2024-11-16 22:39:00	58.375734416	45.275424	46	1	0	0	0	0
2024-11-16 22:39:10	58.2761896875	45.847561059374996	46	1	0	0	0	0
2024-11-16 22:39:20	58.30481353571429	45.86394247857143	46	1	0	0	0	0
2024-11-16 22:39:30	58.149565736	46.243481855999995	46	1	0	0	0	0
2024-11-16 22:39:40	57.979323632	46.508502768	46	1	0	0	0	0
2024-11-16 22:39:50	58.0581402	46.132615512	46	1	0	0	0	0
2024-11-16 22:40:00	58.025830072	46.084873516	46	1	0	0	0	0
2024-11-16 22:40:10	57.88468141111111	46.25493808518518	46	1	0	0	0	0
2024-11-16 22:40:20	57.999641224444446	45.84275137777778	46	1	0	0	0	0
2024-11-16 22:40:30	58.003072548	45.9064197	46	1	0	0	0	0
2024-11-16 22:40:40	57.86216828	46.337952871999995	46	1	0	0	0	0
2024-11-16 22:40:50	57.867071536	46.15344772	46	1	0	0	0	0
2024-11-16 22:41:00	58.4480684	44.836336064	46	1	0	0	0	0
2024-11-16 22:41:10	58.09010014074074	46.29741171851852	46	1	0	0	0	0
2024-11-16 22:41:20	58.05469960784314	45.89229286470588	46	1	0	0	0	0
2024-11-16 22:41:30	58.47964688	45.1697404	46	1	0	0	0	0
2024-11-16 22:41:40	57.814670252	46.993914608	46	1	0	0	0	0
2024-11-16 22:41:50	58.418902004	45.103215432	46	1	0	0	0	0
2024-11-16 22:42:00	58.157645576	46.2846894	46	1	0	0	0	0
2024-11-16 22:42:10	57.94954739245283	46.433836666037735	46	1	0	0	0	0
2024-11-16 22:42:20	58.35516300192308	45.439996401923075	46	1	0	0	0	0
2024-11-16 22:42:30	57.874275708	46.729127600000005	46	1	0	0	0	0
2024-11-16 22:42:40	57.864157084	46.39580096	46	1	0	0	0	0
2024-11-16 22:42:50	58.261684784	45.400524067999996	46	1	0	0	0	0
2024-11-16 22:43:00	58.078351888	46.211613988	46	1	0	0	0	0
2024-11-16 22:43:10	58.01225271509434	46.1603994245283	46	1	0	0	0	0
2024-11-16 22:43:20	58.396546580392155	45.33996417843137	46	1	0	0	0	0
2024-11-16 22:43:30	57.974770088	46.6538522	46	1	0	0	0	0
2024-11-16 22:43:40	57.9783744	46.383408768	46	1	0	0	0	0
2024-11-16 22:43:50	58.341022056	45.263844399999996	46	1	0	0	0	0
2024-11-16 22:44:00	58.276770916000004	45.810466656	46	1	0	0	0	0
2024-11-16 22:44:10	57.84056188679245	46.885461886792456	46	1	0	0	0	0
2024-11-16 22:44:20	58.149321826	45.723554982	46	1	0	0	0	0
2024-11-16 22:44:30	58.49280108	45.171299172	46	1	0	0	0	0
2024-11-16 22:44:40	57.917334268	46.983579216	46	1	0	0	0	0
2024-11-16 22:44:50	58.245964896000004	45.697501752	46	1	0	0	0	0
2024-11-16 22:45:00	58.484184128	45.3183841	46	1	0	0	0	0
2024-11-16 22:45:10	57.92614343333334	46.822010215873014	46	1	0	0	0	0
2024-11-16 22:45:20	58.08419834146341	45.973766614634144	46	1	0	0	0	0
2024-11-16 22:45:30	58.217363212	45.984107336	46	1	0	0	0	0
2024-11-16 22:45:40	57.869098799999996	46.668782848	46	1	0	0	0	0
2024-11-16 22:45:50	58.337944244	45.190166856	46	1	0	0	0	0
2024-11-16 22:46:00	58.167846352000005	46.066116644	46	1	0	0	0	0
2024-11-16 22:46:10	58.16977616226415	45.68557880188679	46	1	0	0	0	0
2024-11-16 22:46:20	58.40306176153846	45.43772123076923	46	1	0	0	0	0
2024-11-16 22:46:30	57.794922172	47.018408512	46	1	0	0	0	0
2024-11-16 22:46:40	58.16449924	45.7288452	46	1	0	0	0	0
2024-11-16 22:46:50	58.236104152	45.714062208	46	1	0	0	0	0
2024-11-16 22:47:00	57.733325176	47.007512544	46	1	0	0	0	0
2024-11-16 22:47:10	58.12851745283019	45.569817401886795	46	1	0	0	0	0
2024-11-16 22:47:20	58.34615504615385	45.256528461538466	46	1	0	0	0	0
2024-11-16 22:47:30	57.983015592	46.479605216	46	1	0	0	0	0
2024-11-16 22:47:40	58.073839952	45.9818036	46	1	0	0	0	0
2024-11-16 22:47:50	58.414570444000006	45.194474768000006	46	1	0	0	0	0
2024-11-16 22:48:00	58.069105236	46.480210635999995	46	1	0	0	0	0
2024-11-16 22:48:10	58.256430507547165	45.58073062075472	46	1	0	0	0	0
2024-11-16 22:48:20	58.47849993846154	45.43182605384615	46	1	0	0	0	0
2024-11-16 22:48:30	57.861712000000004	47.102166139999994	46	1	0	0	0	0
2024-11-16 22:48:40	58.3105816	45.497823536	46	1	0	0	0	0
2024-11-16 22:48:50	58.0857996	46.3882908	46	1	0	0	0	0
2024-11-16 22:49:00	57.960311864000005	46.380966156	46	1	0	0	0	0
2024-11-16 22:49:10	58.239873165079366	45.84404810793651	46	1	0	0	0	0
2024-11-16 22:49:20	57.876511309523806	46.951894571428575	46	1	0	0	0	0
2024-11-16 22:49:30	58.284335	45.4830263	46	1	0	0	0	0
2024-11-16 22:49:40	58.45131776	45.4655172	46	1	0	0	0	0
2024-11-16 22:49:50	57.73141906	47.225045468	46	1	0	0	0	0
2024-11-16 22:50:00	58.534298496000005	44.9056784	46	1	0	0	0	0
2024-11-16 22:50:10	58.01360566037736	46.74024323207547	46	1	0	0	0	0
2024-11-16 22:50:20	58.26051664230769	45.60061860576923	46	1	0	0	0	0
2024-11-16 22:50:30	58.296627111999996	45.75147496	46	1	0	0	0	0
2024-11-16 22:50:40	57.966626744	46.416311016	46	1	0	0	0	0
2024-11-16 22:50:50	58.427654904	45.330191848	46	1	0	0	0	0
2024-11-16 22:51:00	57.932179724	46.959185328000004	46	1	0	0	0	0
2024-11-16 22:51:10	58.232674459259265	45.699421629629626	46	1	0	0	0	0
2024-11-16 22:51:20	58.417540687999995	45.641474932	46	1	0	0	0	0
2024-11-16 22:51:30	57.724266184	47.20198366	46	1	0	0	0	0
2024-11-16 22:51:40	58.513329344	44.86716522	46	1	0	0	0	0
2024-11-16 22:51:50	58.057354432000004	46.719303408	46	1	0	0	0	0
2024-11-16 22:52:00	57.830137451999995	46.7713507	46	1	0	0	0	0
2024-11-16 22:52:10	58.400806652830184	45.34278115471698	46	1	0	0	0	0
2024-11-16 22:52:20	57.852243876923076	46.97456561538461	46	1	0	0	0	0
2024-11-16 22:52:30	58.301228652	45.3804396	46	1	0	0	0	0
2024-11-16 22:52:40	58.539586719999996	45.430873864	46	1	0	0	0	0
2024-11-16 22:52:50	57.727606496	47.388150319999994	46	1	0	0	0	0
2024-11-16 22:53:00	58.412084128000004	45.260087368	46	1	0	0	0	0
2024-11-16 22:53:10	58.118489437735846	46.33810320754717	46	1	0	0	0	0
2024-11-16 22:53:20	57.88793862745098	46.505141584313726	46	1	0	0	0	0
2024-11-16 22:53:30	58.234294	45.6300976	46	1	0	0	0	0
2024-11-16 22:53:40	58.511287624000005	45.221286644	46	1	0	0	0	0
2024-11-16 22:53:50	57.824234104	46.945518727999996	46	1	0	0	0	0
2024-11-16 22:54:00	58.536434048	44.9363308	46	1	0	0	0	0
2024-11-16 22:54:10	58.047900858490564	46.67624943396226	46	1	0	0	0	0
2024-11-16 22:54:20	58.234427898039215	45.717843049019606	46	1	0	0	0	0
2024-11-16 22:54:30	58.417482784	45.51306784	46	1	0	0	0	0
2024-11-16 22:54:40	58.169112568	46.204684476	46	1	0	0	0	0
2024-11-16 22:54:50	58.0116796	46.403245143999996	46	1	0	0	0	0
2024-11-16 22:55:00	58.3070288	45.584617152	46	1	0	0	0	0
2024-11-16 22:55:10	58.56958435660378	45.2562184245283	46	1	0	0	0	0
2024-11-16 22:55:20	58.081415845098036	46.61417235294118	46	1	0	0	0	0
2024-11-16 22:55:30	58.2905024	45.858151496	46	1	0	0	0	0
2024-11-16 22:55:40	58.563051200000004	45.42532002	46	1	0	0	0	0
2024-11-16 22:55:50	57.907307708	47.094104008	46	1	0	0	0	0
2024-11-16 22:56:00	58.447259396	45.4676146	46	1	0	0	0	0
2024-11-16 22:56:10	58.41786546226415	45.852685471698116	46	1	0	0	0	0
2024-11-16 22:56:20	58.30852422307692	45.7985745	46	1	0	0	0	0
2024-11-16 22:56:30	58.441984136	45.725720212	46	1	0	0	0	0
2024-11-16 22:56:40	57.836752112	47.309629812	46	1	0	0	0	0
2024-11-16 22:56:50	58.434089979999996	45.368549208	46	1	0	0	0	0
2024-11-16 22:57:00	58.330995044	45.909588032	46	1	0	0	0	0
2024-11-16 22:57:10	58.03574822075472	46.340935109433964	46	1	0	0	0	0
2024-11-16 22:57:20	58.426354884615385	45.25220049230769	46	1	0	0	0	0
2024-11-16 22:57:30	58.2332212	46.178394672	46	1	0	0	0	0
2024-11-16 22:57:40	58.096129760000004	46.1975468	46	1	0	0	0	0
2024-11-16 22:57:50	58.426785863999996	45.418601504	46	1	0	0	0	0
2024-11-16 22:58:00	57.900765556	46.942705612000005	46	1	0	0	0	0
2024-11-16 22:58:10	58.438180476190475	45.21643430793651	46	1	0	0	0	0
2024-11-16 22:58:20	58.49069348571429	45.526349121428574	46	1	0	0	0	0
2024-11-16 22:58:30	57.910829336	46.7581788	46	1	0	0	0	0
2024-11-16 22:58:40	58.416169591999996	45.299548	46	1	0	0	0	0
2024-11-16 22:58:50	58.09946882	46.494610336	46	1	0	0	0	0
2024-11-16 22:59:00	58.072126148	46.16817932	46	1	0	0	0	0
2024-11-16 22:59:10	58.62525120377359	45.018307584905656	46	1	0	0	0	0
2024-11-16 22:59:20	57.90582190769231	47.12868126923077	46	1	0	0	0	0
2024-11-16 22:59:30	58.230983924	45.8373668	46	1	0	0	0	0
2024-11-16 22:59:40	58.570510216	45.252663168	46	1	0	0	0	0
2024-11-16 22:59:50	57.99010228	46.806493228	46	1	0	0	0	0
2024-11-16 23:00:00	58.596778936	45.025781868	46	1	0	0	0	0
2024-11-16 23:00:10	58.2298155018868	46.446087316981135	46	1	0	0	0	0
2024-11-16 23:00:20	58.12869211176471	46.21481466666667	46	1	0	0	0	0
2024-11-16 23:00:30	58.852289708	44.446406912	46	1	0	0	0	0
2024-11-16 23:00:40	58.143152768	46.727417608	46	1	0	0	0	0
2024-11-16 23:00:50	58.17638592	46.074306376	46	1	0	0	0	0
2024-11-16 23:01:00	58.378800776	45.7259717	46	1	0	0	0	0
2024-11-16 23:01:10	57.92683582075472	46.7499405490566	46	1	0	0	0	0
2024-11-16 23:01:20	58.40581160980392	45.258675294117644	46	1	0	0	0	0
2024-11-16 23:01:30	58.302617667999996	45.933082312	46	1	0	0	0	0
2024-11-16 23:01:40	58.018693556	46.405731012	46	1	0	0	0	0
2024-11-16 23:01:50	58.458383972	45.281183032	45.56	1	0	0	0	0
2024-11-16 23:02:00	57.92690908	46.387974844	45	1	0	0	0	0
2024-11-16 23:02:10	57.64112320754717	46.38140818490566	45	1	0	0	0	0
2024-11-16 23:02:20	58.24576962352941	44.442566652941174	45	1	0	0	0	0
2024-11-16 23:02:30	57.855486744	45.603940752	45	1	0	0	0	0
2024-11-16 23:02:40	57.733027228	45.393711036	45	1	0	0	0	0
2024-11-16 23:02:50	58.227465308	44.15933166	45	1	0	0	0	0
2024-11-16 23:03:00	57.594497364	45.975897828	45	1	0	0	0	0
2024-11-16 23:03:10	57.82187528301887	45.011769126415096	45	1	0	0	0	0
2024-11-16 23:03:20	57.88189056603774	44.953626	45	1	0	0	0	0
2024-11-16 23:03:30	57.811267684	45.293555156000004	45	1	0	0	0	0
2024-11-16 23:03:40	57.618823708	45.390379944	45	1	0	0	0	0
2024-11-16 23:03:50	57.867627048	44.727281655999995	45	1	0	0	0	0
2024-11-16 23:04:00	57.852090335999996	44.926691544	45	1	0	0	0	0
2024-11-16 23:04:10	57.757165258490566	45.30551849056604	45	1	0	0	0	0
2024-11-16 23:04:20	57.75544088461539	45.19786230769231	45	1	0	0	0	0
2024-11-16 23:04:30	57.664857456	45.292389608	45	1	0	0	0	0
2024-11-16 23:04:40	57.790505668	44.78841944	45	1	0	0	0	0
2024-11-16 23:04:50	57.657814568	45.0793856	45	1	0	0	0	0
2024-11-16 23:05:00	57.682316124	44.922380976	45	1	0	0	0	0
2024-11-16 23:05:10	57.62494337735849	44.98454566603774	45	1	0	0	0	0
2024-11-16 23:05:20	57.47202978461539	45.29206847692308	45	1	0	0	0	0
2024-11-16 23:05:30	57.366509535999995	45.404666176	45	1	0	0	0	0
2024-11-16 23:05:40	57.4431284	44.936073736	45	1	0	0	0	0
2024-11-16 23:05:50	57.76307559999999	44.311322832	45	1	0	0	0	0
2024-11-16 23:06:00	57.61252124	45.069321599999995	45	1	0	0	0	0
2024-11-16 23:06:10	57.357631886792454	45.495232058490565	45	1	0	0	0	0
2024-11-16 23:06:20	57.933927132075475	44.017416875471696	45	1	0	0	0	0
2024-11-16 23:06:30	57.6889184	45.1321502	45	1	0	0	0	0
2024-11-16 23:06:40	57.644634888	44.807771292	45	1	0	0	0	0
2024-11-16 23:06:50	58.208903359999994	43.782552256	45	1	0	0	0	0
2024-11-16 23:07:00	57.480676924	45.985065892	45	1	0	0	0	0
2024-11-16 23:07:10	57.88227861509434	44.59701780377358	45	1	0	0	0	0
2024-11-16 23:07:20	57.780339019607844	45.12062929803921	45	1	0	0	0	0
2024-11-16 23:07:30	57.494054448	45.55037324	45	1	0	0	0	0
2024-11-16 23:07:40	58.014722456	44.224799896	45	1	0	0	0	0
2024-11-16 23:07:50	57.5301424	45.754717392	45	1	0	0	0	0
2024-11-16 23:08:00	57.464307288	45.613661808	45	1	0	0	0	0
2024-11-16 23:08:10	57.911003443396226	44.38998828113208	45	1	0	0	0	0
2024-11-16 23:08:20	57.82066991346154	45.07572982884616	45	1	0	0	0	0
2024-11-16 23:08:30	57.761253832	44.9552512	45	1	0	0	0	0
2024-11-16 23:08:40	58.21627394	44.0797368	45	1	0	0	0	0
2024-11-16 23:08:50	57.487854688	46.2599495	45	1	0	0	0	0
2024-11-16 23:09:00	57.852537812	44.716364	45	1	0	0	0	0
2024-11-16 23:09:10	57.74405856037736	45.267794901886795	45	1	0	0	0	0
2024-11-16 23:09:20	57.279472030769234	46.297443430769235	45	1	0	0	0	0
2024-11-16 23:09:30	57.80179746	44.581153900000004	45	1	0	0	0	0
2024-11-16 23:09:40	57.9245072	44.67902548	45	1	0	0	0	0
2024-11-16 23:09:50	57.40537728	45.836355888	45	1	0	0	0	0
2024-11-16 23:10:00	57.976439552	44.151374256000004	45	1	0	0	0	0
2024-11-16 23:10:10	57.53462897735849	45.6976562245283	45	1	0	0	0	0
2024-11-16 23:10:20	57.80864910961539	44.48290091538462	45	1	0	0	0	0
2024-11-16 23:10:30	57.968347967999996	44.489812188	45	1	0	0	0	0
2024-11-16 23:10:40	57.376210432	46.0349832	45	1	0	0	0	0
2024-11-16 23:10:50	58.07059384	43.936621536	45	1	0	0	0	0
2024-11-16 23:11:00	57.67393	45.625759236	45	1	0	0	0	0
2024-11-16 23:11:10	57.58935676792453	45.283951849056606	45	1	0	0	0	0
2024-11-16 23:11:20	57.98547130769231	44.41614218461538	45	1	0	0	0	0
2024-11-16 23:11:30	57.42702612	45.860027183999996	45	1	0	0	0	0
2024-11-16 23:11:40	57.974568	44.073808632	45	1	0	0	0	0
2024-11-16 23:11:50	57.819614976000004	44.9404592	45	1	0	0	0	0
2024-11-16 23:12:00	57.596551352	45.251262152	45	1	0	0	0	0
2024-11-16 23:12:10	58.2689901735849	43.634920320754716	45	1	0	0	0	0
2024-11-16 23:12:20	57.521469723076926	45.9630871923077	45	1	0	0	0	0
2024-11-16 23:12:30	57.848637599999996	44.573939968	45	1	0	0	0	0
2024-11-16 23:12:40	57.875836	44.749916	45	1	0	0	0	0
2024-11-16 23:12:50	57.364241984	45.937732772	45	1	0	0	0	0
2024-11-16 23:13:00	57.748030015999994	44.737149176	45	1	0	0	0	0
2024-11-16 23:13:10	57.7570879245283	44.86864656603774	45	1	0	0	0	0
2024-11-16 23:13:20	57.59723619411765	45.18992609411765	45	1	0	0	0	0
2024-11-16 23:13:30	57.509752944	45.359534024	45	1	0	0	0	0
2024-11-16 23:13:40	57.71080808	44.808065012	45	1	0	0	0	0
2024-11-16 23:13:50	57.834782572	44.616433576	45	1	0	0	0	0
2024-11-16 23:14:00	57.657322352	45.141426056	45	1	0	0	0	0
2024-11-16 23:14:10	57.63624585660377	45.14676882264151	45	1	0	0	0	0
2024-11-16 23:14:20	57.76641676923077	44.78695984615384	45	1	0	0	0	0
2024-11-16 23:14:30	57.736745824	44.950865072	45	1	0	0	0	0
2024-11-16 23:14:40	57.644898848000004	45.299132144	45	1	0	0	0	0
2024-11-16 23:14:50	57.796468415999996	44.883393592	45	1	0	0	0	0
2024-11-16 23:15:00	57.7065424	45.150262464	45	1	0	0	0	0
2024-11-16 23:15:10	57.81243301886793	44.80986931320755	45	1	0	0	0	0
2024-11-16 23:15:20	57.875806053846155	44.861480115384616	45	1	0	0	0	0
2024-11-16 23:15:30	57.79130362	45.2233332	45	1	0	0	0	0
2024-11-16 23:15:40	57.784095736000005	45.16015712	45	1	0	0	0	0
2024-11-16 23:15:50	57.76834768	45.159513016	45	1	0	0	0	0
2024-11-16 23:16:00	57.760149864	45.078192720000004	45	1	0	0	0	0
2024-11-16 23:16:10	57.80839557735849	44.96446472830189	45	1	0	0	0	0
2024-11-16 23:16:20	57.97612740192307	44.583717625	45	1	0	0	0	0
2024-11-16 23:16:30	57.688422676	45.507626148	45	1	0	0	0	0
2024-11-16 23:16:40	58.033536376	44.4976736	45	1	0	0	0	0
2024-11-16 23:16:50	57.91837568	45.065881168	45	1	0	0	0	0
2024-11-16 23:17:00	57.939509368	45.024242640000004	45	1	0	0	0	0
2024-11-16 23:17:10	57.835452377358486	45.29448	45	1	0	0	0	0
2024-11-16 23:17:20	57.99691615384616	44.86483846153846	45	1	0	0	0	0
2024-11-16 23:17:30	57.844145048	45.354689103999995	45	1	0	0	0	0
2024-11-16 23:17:40	57.963145624	44.91678648	45	1	0	0	0	0
2024-11-16 23:17:50	57.992955952	44.9341036	45	1	0	0	0	0
2024-11-16 23:18:00	57.843883168000005	45.248282020000005	45	1	0	0	0	0
2024-11-16 23:18:10	57.88680529622641	44.97413190377358	45	1	0	0	0	0
2024-11-16 23:18:20	57.80513770196079	45.210182535294116	45	1	0	0	0	0
2024-11-16 23:18:30	57.838608228	45.029349356	45	1	0	0	0	0
2024-11-16 23:18:40	58.032234664	44.553995796	45	1	0	0	0	0
2024-11-16 23:18:50	57.945749199999995	44.898999112	45	1	0	0	0	0
2024-11-16 23:19:00	57.617825599999996	45.7125316	45	1	0	0	0	0
2024-11-16 23:19:10	57.85405314339622	44.88599173962264	45	1	0	0	0	0
2024-11-16 23:19:20	57.82561869019608	44.993790198039214	45	1	0	0	0	0
2024-11-16 23:19:30	57.735470400000004	45.06170686	45	1	0	0	0	0
2024-11-16 23:19:40	57.756654652	45.030646808	45	1	0	0	0	0
2024-11-16 23:19:50	57.4615319	45.8377652	45	1	0	0	0	0
2024-11-16 23:20:00	57.786952112	44.690358872	45	1	0	0	0	0
2024-11-16 23:20:10	57.66775030943396	45.20301931320755	45	1	0	0	0	0
2024-11-16 23:20:20	57.70185038627451	45.037282825490195	45	1	0	0	0	0
2024-11-16 23:20:30	57.935566368	44.471404704	45	1	0	0	0	0
2024-11-16 23:20:40	57.793457368	45.009812763999996	45	1	0	0	0	0
2024-11-16 23:20:50	57.7368528	45.147773288	45	1	0	0	0	0
2024-11-16 23:21:00	57.725051724	45.125315912	45	1	0	0	0	0
2024-11-16 23:21:10	57.51262226415094	45.51907371320755	45	1	0	0	0	0
2024-11-16 23:21:20	57.37390534901961	45.534031743137255	45	1	0	0	0	0
2024-11-16 23:21:30	57.486986548	45.128738012	45	1	0	0	0	0
2024-11-16 23:21:40	57.515160676	45.045845204	45	1	0	0	0	0
2024-11-16 23:21:50	57.558767519999996	44.772487911999995	45	1	0	0	0	0
2024-11-16 23:22:00	57.879974144	44.087038903999996	45	1	0	0	0	0
2024-11-16 23:22:10	57.854472788679246	44.70200473773585	45	1	0	0	0	0
2024-11-16 23:22:20	57.35022737692308	45.714630430769226	45	1	0	0	0	0
2024-11-16 23:22:30	57.896818696000004	44.225069312	45	1	0	0	0	0
2024-11-16 23:22:40	57.676362024	45.195255492	45	1	0	0	0	0
2024-11-16 23:22:50	57.345564427999996	45.68537448	45	1	0	0	0	0
2024-11-16 23:23:00	57.922205336	44.086225752	45	1	0	0	0	0
2024-11-16 23:23:10	57.743918816981136	45.02448208301887	45	1	0	0	0	0
2024-11-16 23:23:20	57.58042869230769	45.12620721538462	45	1	0	0	0	0
2024-11-16 23:23:30	58.071396368	44.005529312	45	1	0	0	0	0
2024-11-16 23:23:40	57.410535892	46.010285316	45	1	0	0	0	0
2024-11-16 23:23:50	57.7482788	44.756653287999995	45	1	0	0	0	0
2024-11-16 23:24:00	57.970136304	44.463333776	45	1	0	0	0	0
2024-11-16 23:24:10	57.41611278867924	45.88913641509434	45	1	0	0	0	0
2024-11-16 23:24:20	57.786140374509806	44.66408402156863	45	1	0	0	0	0
2024-11-16 23:24:30	57.9425468	44.540703883999996	45	1	0	0	0	0
2024-11-16 23:24:40	57.460663848	45.763567352	45	1	0	0	0	0
2024-11-16 23:24:50	57.920496076	44.311576800000005	45	1	0	0	0	0
2024-11-16 23:25:00	57.80006822	44.98166106	45	1	0	0	0	0
2024-11-16 23:25:10	57.530129333962265	45.4832321245283	45	1	0	0	0	0
2024-11-16 23:25:20	57.87228130769231	44.391853753846156	45	1	0	0	0	0
2024-11-16 23:25:30	57.84596196	44.778143967999995	45	1	0	0	0	0
2024-11-16 23:25:40	57.4572364	45.677438372	45	1	0	0	0	0
2024-11-16 23:25:50	58.034828552	43.982572932000004	45	1	0	0	0	0
2024-11-16 23:26:00	57.984975600000006	44.722907888	45	1	0	0	0	0
2024-11-16 23:26:10	57.530819249056606	45.6385555264151	45	1	0	0	0	0
2024-11-16 23:26:20	57.99397156862745	44.3124977372549	45	1	0	0	0	0
2024-11-16 23:26:30	57.47007462	45.8832444	45	1	0	0	0	0
2024-11-16 23:26:40	57.679536892	44.798632676	45	1	0	0	0	0
2024-11-16 23:26:50	57.740786296	44.993893488	45	1	0	0	0	0
2024-11-16 23:27:00	57.380479672	45.820324252	45	1	0	0	0	0
2024-11-16 23:27:10	57.67064734150943	44.83393797358491	45	1	0	0	0	0
2024-11-16 23:27:20	57.94220156862745	44.223950994117644	45	1	0	0	0	0
2024-11-16 23:27:30	57.684507228	45.283024932000004	45	1	0	0	0	0
2024-11-16 23:27:40	57.2623424	46.0786466	45	1	0	0	0	0
2024-11-16 23:27:50	57.942710564	44.102821368	45	1	0	0	0	0
2024-11-16 23:28:00	57.687947892000004	45.203029900000004	45	1	0	0	0	0
2024-11-16 23:28:10	57.41746785185185	45.57542801481482	45	1	0	0	0	0
2024-11-16 23:28:20	57.869044076923075	44.3544458	45	1	0	0	0	0
2024-11-16 23:28:30	57.491416164	45.653333796	45	1	0	0	0	0
2024-11-16 23:28:40	57.6849256	44.746880972	45	1	0	0	0	0
2024-11-16 23:28:50	58.215937008	43.825995664	45	1	0	0	0	0
2024-11-16 23:29:00	57.40121912	46.18182	45	1	0	0	0	0
2024-11-16 23:29:10	57.76566369811321	44.75240253773585	45	1	0	0	0	0
2024-11-16 23:29:20	57.78089838823529	44.95336543529412	45	1	0	0	0	0
2024-11-16 23:29:30	57.316581416	45.900031571999996	45	1	0	0	0	0
2024-11-16 23:29:40	57.881631576000004	44.253633115999996	45	1	0	0	0	0
2024-11-16 23:29:50	57.652522000000005	45.2303572	45	1	0	0	0	0
2024-11-16 23:30:00	57.5369596	45.107151184	45	1	0	0	0	0
2024-11-16 23:30:10	58.06882579811321	44.115945577358495	45	1	0	0	0	0
2024-11-16 23:30:20	57.17899759230769	46.633380592307695	45	1	0	0	0	0
2024-11-16 23:30:30	57.938045972	44.268236916	45	1	0	0	0	0
2024-11-16 23:30:40	57.658037736	45.4620684	45	1	0	0	0	0
2024-11-16 23:30:50	57.476766996	45.389449792	45	1	0	0	0	0
2024-11-16 23:31:00	57.96041596	44.235859404	45	1	0	0	0	0
2024-11-16 23:31:10	57.48667483396226	45.4735636509434	45	1	0	0	0	0
2024-11-16 23:31:20	57.72466763529412	44.76879888627451	45	1	0	0	0	0
2024-11-16 23:31:30	57.9036689	44.59949686	45	1	0	0	0	0
2024-11-16 23:31:40	57.544871328	45.381497436	45	1	0	0	0	0
2024-11-16 23:31:50	58.0791201	43.989312568	45	1	0	0	0	0
2024-11-16 23:32:00	57.57037674	45.774391952	45	1	0	0	0	0
2024-11-16 23:32:10	57.840791579245284	44.614232373584905	45	1	0	0	0	0
2024-11-16 23:32:20	57.816828039215686	44.944533560784315	45	1	0	0	0	0
2024-11-16 23:32:30	57.389395	45.794921968	45	1	0	0	0	0
2024-11-16 23:32:40	57.95784088	44.077433744	45	1	0	0	0	0
2024-11-16 23:32:50	57.937641928	44.67753054	45	1	0	0	0	0
2024-11-16 23:33:00	57.6095012	45.18583034	45	1	0	0	0	0
2024-11-16 23:33:10	58.00279233396227	44.30929660377358	45	1	0	0	0	0
2024-11-16 23:33:20	57.449443076923075	45.961139446153844	45	1	0	0	0	0
2024-11-16 23:33:30	57.7372128	44.709832632	45	1	0	0	0	0
2024-11-16 23:33:40	58.1349168	44.137010000000004	45	1	0	0	0	0
2024-11-16 23:33:50	57.39537078	46.153759152	45	1	0	0	0	0
2024-11-16 23:34:00	57.877656572	44.5792524	45	1	0	0	0	0
2024-11-16 23:34:10	57.85054528301887	44.8552806490566	45	1	0	0	0	0
2024-11-16 23:34:20	57.581393780392155	45.28184049411765	45	1	0	0	0	0
2024-11-16 23:34:30	57.913048248	44.4478216	45	1	0	0	0	0
2024-11-16 23:34:40	57.6592608	45.440825984	45	1	0	0	0	0
2024-11-16 23:34:50	57.641218328	45.11341034	45	1	0	0	0	0
2024-11-16 23:35:00	58.222429768000005	43.781350456	45	1	0	0	0	0
2024-11-16 23:35:10	57.599436088888886	45.645686840740744	45	1	0	0	0	0
2024-11-16 23:35:20	57.892453311764704	44.52027735294118	45	1	0	0	0	0
2024-11-16 23:35:30	57.7694388	45.02959002	45	1	0	0	0	0
2024-11-16 23:35:40	57.8705864	44.849439656	45	1	0	0	0	0
2024-11-16 23:35:50	57.555312784	45.593953276	45	1	0	0	0	0
2024-11-16 23:36:00	57.463786827999996	45.494434648	45	1	0	0	0	0
2024-11-16 23:36:10	58.11483136981132	43.91322605283019	45	1	0	0	0	0
2024-11-16 23:36:20	57.54459225098039	45.75931576862745	45	1	0	0	0	0
2024-11-16 23:36:30	57.811810431999994	44.667204420000004	45	1	0	0	0	0
2024-11-16 23:36:40	58.036940908	44.175229968000004	45	1	0	0	0	0
2024-11-16 23:36:50	57.66894454	45.358689736	45	1	0	0	0	0
2024-11-16 23:37:00	57.526994612	45.4531926	45	1	0	0	0	0
2024-11-16 23:37:10	57.74444304603174	44.71161613968254	45	1	0	0	0	0
2024-11-16 23:37:20	58.03014805454546	44.21681354545455	45	1	0	0	0	0
2024-11-16 23:37:30	57.788340315999996	45.037245432	45	1	0	0	0	0
2024-11-16 23:37:40	57.865605008	44.8178644	45	1	0	0	0	0
2024-11-16 23:37:50	57.722479352	45.210674564	45	1	0	0	0	0
2024-11-16 23:38:00	57.626578368	45.295587932	45	1	0	0	0	0
2024-11-16 23:38:10	57.56241554716981	45.32773163018868	45	1	0	0	0	0
2024-11-16 23:38:20	57.59174200980392	45.147511456862745	45	1	0	0	0	0
2024-11-16 23:38:30	57.634835476	44.951503876000004	45	1	0	0	0	0
2024-11-16 23:38:40	57.639052776	44.995245184	45	1	0	0	0	0
2024-11-16 23:38:50	57.58677	45.130665900000004	45	1	0	0	0	0
2024-11-16 23:39:00	57.666181012	44.8436424	45	1	0	0	0	0
2024-11-16 23:39:10	57.905200433962264	44.37485949811321	45	1	0	0	0	0
2024-11-16 23:39:20	57.67949935769231	45.06882157692308	45	1	0	0	0	0
2024-11-16 23:39:30	57.603521712	45.230925876	45	1	0	0	0	0
2024-11-16 23:39:40	57.640312540000004	45.127285736	45	1	0	0	0	0
2024-11-16 23:39:50	57.565699072	45.302932	45	1	0	0	0	0
2024-11-16 23:40:00	57.564818096	45.097545307999994	45	1	0	0	0	0
2024-11-16 23:40:10	57.610280447169814	44.89681715849057	45	1	0	0	0	0
2024-11-16 23:40:20	57.61692076923077	44.91612661153846	45	1	0	0	0	0
2024-11-16 23:40:30	57.5339252	45.123951264	45	1	0	0	0	0
2024-11-16 23:40:40	57.49531308	45.04740164	45	1	0	0	0	0
2024-11-16 23:40:50	57.559118964	44.948094956	45	1	0	0	0	0
2024-11-16 23:41:00	57.677424615999996	44.738333756	45	1	0	0	0	0
2024-11-16 23:41:10	57.47181435660377	45.25766869433963	45	1	0	0	0	0
2024-11-16 23:41:20	57.4988544	45.122512953846154	45	1	0	0	0	0
2024-11-16 23:41:30	57.5116722	45.022472532	45	1	0	0	0	0
2024-11-16 23:41:40	57.3679843	45.247096312000004	45	1	0	0	0	0
2024-11-16 23:41:50	57.439658768	45.05690336	45	1	0	0	0	0
2024-11-16 23:42:00	57.3793184	45.16155794	45	1	0	0	0	0
2024-11-16 23:42:10	57.548282452830186	44.69964958490566	45	1	0	0	0	0
2024-11-16 23:42:20	57.518623921568626	44.958068956862746	45	1	0	0	0	0
2024-11-16 23:42:30	57.634471999999995	44.710739520000004	45	1	0	0	0	0
2024-11-16 23:42:40	57.455986616	45.151100944	45	1	0	0	0	0
2024-11-16 23:42:50	57.486914668000004	45.02638642	45	1	0	0	0	0
2024-11-16 23:43:00	57.474535512	44.998374512	45	1	0	0	0	0
2024-11-16 23:43:10	57.30781780754717	45.39629514716981	45	1	0	0	0	0
2024-11-16 23:43:20	57.35569605882353	45.13138921960784	45	1	0	0	0	0
2024-11-16 23:43:30	57.393433304	45.100529348	45	1	0	0	0	0
2024-11-16 23:43:40	57.311538	45.292456592	45	1	0	0	0	0
2024-11-16 23:43:50	57.476092592	44.736558	45	1	0	0	0	0
2024-11-16 23:44:00	57.766659088000004	44.2147144	45	1	0	0	0	0
2024-11-16 23:44:10	57.623402154716985	44.80888924528302	45	1	0	0	0	0
2024-11-16 23:44:20	57.84088047843137	44.464782698039215	45	1	0	0	0	0
2024-11-16 23:44:30	57.788650512000004	44.891715996	45	1	0	0	0	0
2024-11-16 23:44:40	57.742656335999996	44.975103759999996	45	1	0	0	0	0
2024-11-16 23:44:50	57.8970278	44.651684	45	1	0	0	0	0
2024-11-16 23:45:00	57.793098108	44.983750768	45	1	0	0	0	0
2024-11-16 23:45:10	57.66630842641509	45.20501026037736	45	1	0	0	0	0
2024-11-16 23:45:20	57.63925375294117	45.15762479215686	45	1	0	0	0	0
2024-11-16 23:45:30	57.557915576	45.215789656	45	1	0	0	0	0
2024-11-16 23:45:40	57.54608614	45.161237748	45	1	0	0	0	0
2024-11-16 23:45:50	57.55431486	45.122357656	45	1	0	0	0	0
2024-11-16 23:46:00	57.468079064	45.1397386	45	1	0	0	0	0
2024-11-16 23:46:10	57.67415056603774	44.66248811320755	45	1	0	0	0	0
2024-11-16 23:46:20	57.88190381538461	44.344451	45	1	0	0	0	0
2024-11-16 23:46:30	57.553484656	45.497869392	45	1	0	0	0	0
2024-11-16 23:46:40	57.695525688	44.806017764	45	1	0	0	0	0
2024-11-16 23:46:50	57.831437556	44.630014464	45	1	0	0	0	0
2024-11-16 23:47:00	57.963518524	44.525861056000004	45	1	0	0	0	0
2024-11-16 23:47:10	57.406537433962264	45.922448081132075	45	1	0	0	0	0
2024-11-16 23:47:20	58.03346275098039	43.9870737254902	45	1	0	0	0	0
2024-11-16 23:47:30	57.640896056	45.485343336	45	1	0	0	0	0
2024-11-16 23:47:40	57.549173128	45.24875088	45	1	0	0	0	0
2024-11-16 23:47:50	57.803953568	44.607438576	45	1	0	0	0	0
2024-11-16 23:48:00	57.410129536	45.672992712	45	1	0	0	0	0
2024-11-16 23:48:10	57.96816641509434	44.02402221886793	45	1	0	0	0	0
2024-11-16 23:48:20	57.77917245576923	45.14042710384616	45	1	0	0	0	0
2024-11-16 23:48:30	57.320400624	45.89322456	45	1	0	0	0	0
2024-11-16 23:48:40	58.0205472	43.98757762	45	1	0	0	0	0
2024-11-16 23:48:50	57.5697832	45.599880399999996	45	1	0	0	0	0
2024-11-16 23:49:00	57.656852212000004	44.951914684	45	1	0	0	0	0
2024-11-16 23:49:10	57.836457456603775	44.52546707735849	45	1	0	0	0	0
2024-11-16 23:49:20	57.80138496666667	44.80790312156863	45	1	0	0	0	0
2024-11-16 23:49:30	57.515629756	45.4414888	45	1	0	0	0	0
2024-11-16 23:49:40	57.469395528	45.262924036	45	1	0	0	0	0
2024-11-16 23:49:50	57.85314504	44.3457767	45	1	0	0	0	0
2024-11-16 23:50:00	57.9107848	44.495842124	45	1	0	0	0	0
2024-11-16 23:50:10	57.896594381132076	44.735479735849054	45	1	0	0	0	0
2024-11-16 23:50:20	57.809819788235295	45.070466215686274	45	1	0	0	0	0
2024-11-16 23:50:30	57.79503402	45.085122152000004	45	1	0	0	0	0
2024-11-16 23:50:40	57.684664	45.257447856	45	1	0	0	0	0
2024-11-16 23:50:50	57.819018448	44.884510399999996	45	1	0	0	0	0
2024-11-16 23:51:00	57.598726463999995	45.358629212	45	1	0	0	0	0
2024-11-16 23:51:10	57.764123226415094	44.79714013962264	45	1	0	0	0	0
2024-11-16 23:51:20	57.736590798076925	44.91156041730769	45	1	0	0	0	0
2024-11-16 23:51:30	57.535308744	45.335091624	45	1	0	0	0	0
2024-11-16 23:51:40	57.677454552	44.846101912	45	1	0	0	0	0
2024-11-16 23:51:50	57.523964424	45.29651	45	1	0	0	0	0
2024-11-16 23:52:00	57.546282204	45.130960752	45	1	0	0	0	0
2024-11-16 23:52:10	57.610272486792454	44.957653584905664	45	1	0	0	0	0
2024-11-16 23:52:20	57.62339133921569	44.90553508627451	45	1	0	0	0	0
2024-11-16 23:52:30	57.384351599999995	45.493605724	45	1	0	0	0	0
2024-11-16 23:52:40	57.4299692	45.219156231999996	45	1	0	0	0	0
2024-11-16 23:52:50	57.438461672	45.099134828	45	1	0	0	0	0
2024-11-16 23:53:00	57.566247696	44.740698091999995	45	1	0	0	0	0
2024-11-16 23:53:10	57.66267365660377	44.70264349245283	45	1	0	0	0	0
2024-11-16 23:53:20	57.92880849607843	44.308128823529415	45	1	0	0	0	0
2024-11-16 23:53:30	57.92880849607843	44.308128823529415	45	1	0	0	0	0
2024-11-16 23:53:40	57.450080899999996	45.684183816	45	1	0	0	0	0
2024-11-16 23:53:50	58.016644295999996	44.398078744	45	1	0	0	0	0
2024-11-16 23:54:00	57.525746296	45.652413028	45	1	0	0	0	0
2024-11-16 23:54:10	57.525746296	45.652413028	45	1	0	0	0	0
2024-11-16 23:54:20	58.20656896037736	43.85915482264151	45	1	0	0	0	0
2024-11-16 23:54:30	57.567175674509805	45.9787072627451	45	1	0	0	0	0
2024-11-16 23:54:40	57.898701523999996	44.532946812	45	1	0	0	0	0
2024-11-16 23:54:50	58.145876144	44.337832932	45	1	0	0	0	0
2024-11-16 23:55:00	57.269485344	46.541583224	45	1	0	0	0	0
2024-11-16 23:55:10	57.960422224	44.294365776	45	1	0	0	0	0
2024-11-16 23:55:20	57.6952622	45.27653295283019	45	1	0	0	0	0
2024-11-16 23:55:30	57.32387032156863	45.77136803921569	45	1	0	0	0	0
2024-11-16 23:55:40	58.105469672	43.826351652	45	1	0	0	0	0
2024-11-16 23:55:50	57.40310806	45.991561931999996	45	1	0	0	0	0
2024-11-16 23:56:00	57.866261439999995	44.481267304	45	1	0	0	0	0
2024-11-16 23:56:10	57.93649872	44.7208156	45	1	0	0	0	0
2024-11-16 23:56:20	57.44959834716981	45.820190896226414	45	1	0	0	0	0
2024-11-16 23:56:30	57.82330352941176	44.7242281627451	45	1	0	0	0	0
2024-11-16 23:56:40	57.28181748	46.177002272	45	1	0	0	0	0
2024-11-16 23:56:50	57.574370124	44.86764958	45	1	0	0	0	0
2024-11-16 23:57:00	57.760257976	44.603027080000004	45	1	0	0	0	0
2024-11-16 23:57:10	57.469666312	45.36643344	45	1	0	0	0	0
2024-11-16 23:57:20	57.948340241509435	44.210643632075474	45	1	0	0	0	0
2024-11-16 23:57:30	57.64239954509804	45.35282434509804	45	1	0	0	0	0
2024-11-16 23:57:40	57.46221528	45.560046	45	1	0	0	0	0
2024-11-16 23:57:50	57.71041552	44.728807992	45	1	0	0	0	0
2024-11-16 23:58:00	57.622037568	45.213064284	45	1	0	0	0	0
2024-11-16 23:58:10	57.512535815999996	45.326168224	45	1	0	0	0	0
2024-11-16 23:58:20	57.40102026226415	45.40384845283019	45	1	0	0	0	0
2024-11-16 23:58:30	57.606143215686274	44.73706548627451	45	1	0	0	0	0
2024-11-16 23:58:40	57.681631504	44.63481472	45	1	0	0	0	0
2024-11-16 23:58:50	57.568544159999995	45.055661631999996	45	1	0	0	0	0
2024-11-16 23:59:00	57.373750288000004	45.3869932	45	1	0	0	0	0
2024-11-16 23:59:10	57.520715599999996	44.835078812	45	1	0	0	0	0
2024-11-16 23:59:20	57.90715044150944	44.1245892735849	45	1	0	0	0	0
2024-11-16 23:59:30	57.410195336538465	45.59963605769231	45	1	0	0	0	0
2024-11-16 23:59:40	57.830196224	44.2643348	45	1	0	0	0	0
2024-11-16 23:59:50	57.789330756000005	44.676602352	45	1	0	0	0	0
2024-11-17 00:00:00	57.428604276	45.570204944000004	45	1	0	0	0	0
