PROCESSDATA	2111LIC44001 Data	yyyy-MM-dd HH:mm:ss
8	10	2024-09-01 21:55:00	751
tagname	2111LIC44001.MV	2111LIC44001.PV	2111LIC44001.SV	2111LIC44001.MODE	bOpOFL	bPvOFL	bSpOFL	bAutOFL
desc	C410_OP	C410_PV	C410_SP	Aut	bOpOFL	bPvOFL	bSpOFL	bAutOFL
fsMax=0.5636902754999991	fsMin=0	fsGridNum=10	fdMax=0.5636902754999991tfdMin=0	fdGridNum=10	v0GridNum=10	L=24
2024-09-01 21:55:00	29.84356165	50.0432548585	50	1	0	0	0	0
2024-09-01 21:55:10	29.8457264475	50.043438733	50	1	0	0	0	0
2024-09-01 21:55:20	29.8287191975	50.025150433	50	1	0	0	0	0
2024-09-01 21:55:30	29.804011009499998	50.0029249585	50	1	0	0	0	0
2024-09-01 21:55:40	29.7712875595	49.9766016085	50	1	0	0	0	0
2024-09-01 21:55:50	29.7712875595	49.9766016085	50	1	0	0	0	0
2024-09-01 21:56:00	29.789011193	49.9979781085	50	1	0	0	0	0
2024-09-01 21:56:10	29.789011193	49.9979781085	50	1	0	0	0	0
2024-09-01 21:56:20	29.82785734	50.027008163	50	1	0	0	0	0
2024-09-01 21:56:30	29.83129149	50.0279766365	50	1	0	0	0	0
2024-09-01 21:56:40	29.819392490000002	50.0179954865	50	1	0	0	0	0
2024-09-01 21:56:50	29.812989820000002	50.012950400499996	50	1	0	0	0	0
2024-09-01 21:57:00	29.81230782	50.0130428505	50	1	0	0	0	0
2024-09-01 21:57:10	29.813969	50.0144045475	50	1	0	0	0	0
2024-09-01 21:57:20	29.818069	50.0170872975	50	1	0	0	0	0
2024-09-01 21:57:30	29.816988867000003	50.0164476025	50	1	0	0	0	0
2024-09-01 21:57:40	29.810517167	50.0123498525	50	1	0	0	0	0
2024-09-01 21:57:50	29.800541183	50.00305455	50	1	0	0	0	0
2024-09-01 21:58:00	29.786917882999997	49.988349549999995	50	1	0	0	0	0
2024-09-01 21:58:10	29.771864714	49.98006845	50	1	0	0	0	0
2024-09-01 21:58:20	29.755323313999998	49.97847345	50	1	0	0	0	0
2024-09-01 21:58:30	29.751910386	49.977966838	50	1	0	0	0	0
2024-09-01 21:58:40	29.762161786	49.978593038	50	1	0	0	0	0
2024-09-01 21:58:50	29.756912942499998	49.976246898	50	1	0	0	0	0
2024-09-01 21:59:00	29.735531192499998	49.970807098	50	1	0	0	0	0
2024-09-01 21:59:10	29.7409030505	49.9755133605	50	1	0	0	0	0
2024-09-01 21:59:20	29.7741205005	49.9907798105	50	1	0	0	0	0
2024-09-01 21:59:30	29.7868332635	49.9990837035	50	1	0	0	0	0
2024-09-01 21:59:40	29.7782044135	50.0001408535	50	1	0	0	0	0
2024-09-01 21:59:50	29.7713522545	49.994154376000004	50	1	0	0	0	0
2024-09-01 22:00:00	29.7663493045	49.980836776000004	50	1	0	0	0	0
2024-09-01 22:00:10	29.750832546999998	49.967531524	50	1	0	0	0	0
2024-09-01 22:00:20	29.724372846999998	49.954239124	50	1	0	0	0	0
2024-09-01 22:00:30	29.7139672375	49.94976545	50	1	0	0	0	0
2024-09-01 22:00:40	29.7202709875	49.95447045	50	1	0	0	0	0
2024-09-01 22:00:50	29.730965995	49.96246825	50	1	0	0	0	0
2024-09-01 22:01:00	29.746231495	49.97389325	50	1	0	0	0	0
2024-09-01 22:01:10	29.7574861245	49.982464	50	1	0	0	0	0
2024-09-01 22:01:20	29.7645661745	49.988064	50	1	0	0	0	0
2024-09-01 22:01:30	29.7675330665	49.98755615	50	1	0	0	0	0
2024-09-01 22:01:40	29.7662189165	49.98069115	50	1	0	0	0	0
2024-09-01 22:01:50	29.7602018445	49.976204463	50	1	0	0	0	0
2024-09-01 22:02:00	29.7492898945	49.974193163	50	1	0	0	0	0
2024-09-01 22:02:10	29.7343152565	49.967852321	50	1	0	0	0	0
2024-09-01 22:02:20	29.7151121065	49.957005221	50	1	0	0	0	0
2024-09-01 22:02:30	29.7060357865	49.9512975105	50	1	0	0	0	0
2024-09-01 22:02:40	29.7074996365	49.9509389605	50	1	0	0	0	0
2024-09-01 22:02:50	29.703423669	49.941690463	50	1	0	0	0	0
2024-09-01 22:03:00	29.693581768999998	49.923189162999996	50	1	0	0	0	0
2024-09-01 22:03:10	29.6970541735	49.928902438	50	1	0	0	0	0
2024-09-01 22:03:20	29.7143843235	49.959818638	50	1	0	0	0	0
2024-09-01 22:03:30	29.736521153	49.9807784545	50	1	0	0	0	0
2024-09-01 22:03:40	29.763660853	49.9913755045	50	1	0	0	0	0
2024-09-01 22:03:50	29.768526182	49.991626719	50	1	0	0	0	0
2024-09-01 22:04:00	29.750207982	49.981109819000004	50	1	0	0	0	0
2024-09-01 22:04:10	29.743302666	49.9752237375	50	1	0	0	0	0
2024-09-01 22:04:20	29.748276066	49.9741574875	50	1	0	0	0	0
2024-09-01 22:04:30	29.7516602	49.9781379435	50	1	0	0	0	0
2024-09-01 22:04:40	29.7533902	49.9873710935	50	1	0	0	0	0
2024-09-01 22:04:50	29.75472624	49.9887884985	50	1	0	0	0	0
2024-09-01 22:05:00	29.75565224	49.9820711485	50	1	0	0	0	0
2024-09-01 22:05:10	29.7701150045	49.992331612499996	50	1	0	0	0	0
2024-09-01 22:05:20	29.798667054499997	50.0202628625	50	1	0	0	0	0
2024-09-01 22:05:30	29.816215125499998	50.033060389	50	1	0	0	0	0
2024-09-01 22:05:40	29.8223100755	50.030106489	50	1	0	0	0	0
2024-09-01 22:05:50	29.823153965	50.029706272999995	50	1	0	0	0	0
2024-09-01 22:06:00	29.818532465	50.031963972999996	50	1	0	0	0	0
2024-09-01 22:06:10	29.8195652955	50.027763277	50	1	0	0	0	0
2024-09-01 22:06:20	29.8264832455	50.016840577	50	1	0	0	0	0
2024-09-01 22:06:30	29.8156839715	50.009156532	50	1	0	0	0	0
2024-09-01 22:06:40	29.786444321500003	50.004843332	50	1	0	0	0	0
2024-09-01 22:06:50	29.776274803488374	50.00422914883721	50	1	0	0	0	0
2024-09-01 22:07:00	29.798859105813953	50.01177938139535	50	1	0	0	0	0
2024-09-01 22:07:10	29.8098902605	50.0187611	50	1	0	0	0	0
2024-09-01 22:07:20	29.8088967105	50.0251511	50	1	0	0	0	0
2024-09-01 22:07:30	29.811576911	50.0296974015	50	1	0	0	0	0
2024-09-01 22:07:40	29.818080810999998	50.0323247515	50	1	0	0	0	0
2024-09-01 22:07:50	29.814851939	50.026848653	50	1	0	0	0	0
2024-09-01 22:08:00	29.801493039	50.012938352999996	50	1	0	0	0	0
2024-09-01 22:08:10	29.78707275	50.002736495499995	50	1	0	0	0	0
2024-09-01 22:08:20	29.77154775	49.9963944455	50	1	0	0	0	0
2024-09-01 22:08:30	29.7781910605	50.001196686	50	1	0	0	0	0
2024-09-01 22:08:40	29.8079075105	50.017598086	50	1	0	0	0	0
2024-09-01 22:08:50	29.822777377	50.02639645	50	1	0	0	0	0
2024-09-01 22:09:00	29.822194677	50.027281450000004	50	1	0	0	0	0
2024-09-01 22:09:10	29.821973205	50.027162709500004	50	1	0	0	0	0
2024-09-01 22:09:20	29.822127705	50.025999259500004	50	1	0	0	0	0
2024-09-01 22:09:30	29.81981579	50.023678748	50	1	0	0	0	0
2024-09-01 22:09:40	29.814936789999997	50.020153948	50	1	0	0	0	0
2024-09-01 22:09:50	29.8184366675	50.0228799065	50	1	0	0	0	0
2024-09-01 22:10:00	29.8306574175	50.0321117565	50	1	0	0	0	0
2024-09-01 22:10:10	29.831762591	50.02493995	50	1	0	0	0	0
2024-09-01 22:10:20	29.821298491	50.000694949999996	50	1	0	0	0	0
2024-09-01 22:10:30	29.8122243495	49.9964088995	50	1	0	0	0	0
2024-09-01 22:10:40	29.8045968995	50.0128964495	50	1	0	0	0	0
2024-09-01 22:10:50	29.809390729	50.0266914005	50	1	0	0	0	0
2024-09-01 22:11:00	29.827112829	50.0376838505	50	1	0	0	0	0
2024-09-01 22:11:10	29.8416797455	50.0469982955	50	1	0	0	0	0
2024-09-01 22:11:20	29.852962695499997	50.054566245500006	50	1	0	0	0	0
2024-09-01 22:11:30	29.8649330175	50.059812845	50	1	0	0	0	0
2024-09-01 22:11:40	29.8776187675	50.062643345	50	1	0	0	0	0
2024-09-01 22:11:50	29.885108631	50.0652644925	50	1	0	0	0	0
2024-09-01 22:12:00	29.887190531	50.0676677425	50	1	0	0	0	0
2024-09-01 22:12:10	29.8836839565	50.061986703	50	1	0	0	0	0
2024-09-01 22:12:20	29.8743608065	50.047891403	50	1	0	0	0	0
2024-09-01 22:12:30	29.8632525865	50.040320551	50	1	0	0	0	0
2024-09-01 22:12:40	29.8502864365	50.039540451	50	1	0	0	0	0
2024-09-01 22:12:50	29.8383464935	50.029110585	50	1	0	0	0	0
2024-09-01 22:13:00	29.8274746435	50.008637085000004	50	1	0	0	0	0
2024-09-01 22:13:10	29.82482835	50.006634478	50	1	0	0	0	0
2024-09-01 22:13:20	29.830743350000002	50.023856678	50	1	0	0	0	0
2024-09-01 22:13:30	29.843249291	50.0375556555	50	1	0	0	0	0
2024-09-01 22:13:40	29.862615191	50.0475876055	50	1	0	0	0	0
2024-09-01 22:13:50	29.871203933	50.0528038845	50	1	0	0	0	0
2024-09-01 22:14:00	29.868575633	50.0530079345	50	1	0	0	0	0
2024-09-01 22:14:10	29.8736703945	50.055511138	50	1	0	0	0	0
2024-09-01 22:14:20	29.8868034445	50.060407338	50	1	0	0	0	0
2024-09-01 22:14:30	29.8886951105	50.058735872	50	1	0	0	0	0
2024-09-01 22:14:40	29.8788865605	50.050228672	50	1	0	0	0	0
2024-09-01 22:14:50	29.8666391825	50.044638049999996	50	1	0	0	0	0
2024-09-01 22:15:00	29.8518534325	50.042083049999995	50	1	0	0	0	0
2024-09-01 22:15:10	29.8428967715	50.035558168	50	1	0	0	0	0
2024-09-01 22:15:20	29.8400071215	50.024901368	50	1	0	0	0	0
2024-09-01 22:15:30	29.839995217	50.0204533335	50	1	0	0	0	0
2024-09-01 22:15:40	29.842978517	50.0224674835	50	1	0	0	0	0
2024-09-01 22:15:50	29.847313972	50.0269200205	50	1	0	0	0	0
2024-09-01 22:16:00	29.853056772	50.033910470500004	50	1	0	0	0	0
2024-09-01 22:16:10	29.856474865	50.033963378	50	1	0	0	0	0
2024-09-01 22:16:20	29.857473365	50.026795578	50	1	0	0	0	0
2024-09-01 22:16:30	29.841594844	50.015233261999995	50	1	0	0	0	0
2024-09-01 22:16:40	29.808150444	49.999097062	50	1	0	0	0	0
2024-09-01 22:16:50	29.799324869	49.9942461745	50	1	0	0	0	0
2024-09-01 22:17:00	29.816122969	50.0011412245	50	1	0	0	0	0
2024-09-01 22:17:10	29.84022349	50.0188339635	50	1	0	0	0	0
2024-09-01 22:17:20	29.87192449	50.0477651135	50	1	0	0	0	0
2024-09-01 22:17:30	29.8863630105	50.0595163	50	1	0	0	0	0
2024-09-01 22:17:40	29.8828344605	50.0533863	50	1	0	0	0	0
2024-09-01 22:17:50	29.8820680895	50.0484970045	50	1	0	0	0	0
2024-09-01 22:18:00	29.8841766395	50.0448990545	50	1	0	0	0	0
2024-09-01 22:18:10	29.872026924500002	50.035433085	50	1	0	0	0	0
2024-09-01 22:18:20	29.8450369745	50.019859585	50	1	0	0	0	0
2024-09-01 22:18:30	29.827759878	50.007604855	50	1	0	0	0	0
2024-09-01 22:18:40	29.820592078	49.998804355	50	1	0	0	0	0
2024-09-01 22:18:50	29.808476503	49.9888707055	50	1	0	0	0	0
2024-09-01 22:19:00	29.791211203	49.9777576555	50	1	0	0	0	0
2024-09-01 22:19:10	29.7899967105	49.97930525	50	1	0	0	0	0
2024-09-01 22:19:20	29.805488160499998	49.99403025	50	1	0	0	0	0
2024-09-01 22:19:30	29.815183719	50.002957129	50	1	0	0	0	0
2024-09-01 22:19:40	29.818846819	50.005849229	50	1	0	0	0	0
2024-09-01 22:19:50	29.822690925	50.0065382155	50	1	0	0	0	0
2024-09-01 22:20:00	29.826723424999997	50.004934165499996	50	1	0	0	0	0
2024-09-01 22:20:10	29.824039519499998	50.0007826055	50	1	0	0	0	0
2024-09-01 22:20:20	29.8143650695	49.9939795555	50	1	0	0	0	0
2024-09-01 22:20:30	29.8177261385	50.0000699	50	1	0	0	0	0
2024-09-01 22:20:40	29.8346547885	50.019579900000004	50	1	0	0	0	0
2024-09-01 22:20:50	29.859886905	50.037246887500004	50	1	0	0	0	0
2024-09-01 22:21:00	29.893761405	50.052995637500004	50	1	0	0	0	0
2024-09-01 22:21:10	29.907934548500002	50.0584801125	50	1	0	0	0	0
2024-09-01 22:21:20	29.9016021985	50.0532813625	50	1	0	0	0	0
2024-09-01 22:21:30	29.8910323285	50.0442220495	50	1	0	0	0	0
2024-09-01 22:21:40	29.876051978499998	50.031144599499996	50	1	0	0	0	0
2024-09-01 22:21:50	29.8533331565	50.0149433505	50	1	0	0	0	0
2024-09-01 22:22:00	29.822560006499998	49.9954908005	50	1	0	0	0	0
2024-09-01 22:22:10	29.808273665999998	49.995279350000004	50	1	0	0	0	0
2024-09-01 22:22:20	29.811147066	50.01509435	50	1	0	0	0	0
2024-09-01 22:22:30	29.8274675115	50.027254227	50	1	0	0	0	0
2024-09-01 22:22:40	29.8577838615	50.031446527	50	1	0	0	0	0
2024-09-01 22:22:50	29.8719760265	50.032980773	50	1	0	0	0	0
2024-09-01 22:23:00	29.8693858765	50.031748473	50	1	0	0	0	0
2024-09-01 22:23:10	29.8761543345	50.0399099875	50	1	0	0	0	0
2024-09-01 22:23:20	29.8926633845	50.0578487375	50	1	0	0	0	0
2024-09-01 22:23:30	29.9061200285	50.063060962499996	50	1	0	0	0	0
2024-09-01 22:23:40	29.9163996785	50.0550272125	50	1	0	0	0	0
2024-09-01 22:23:50	29.9225544595	50.053086	50	1	0	0	0	0
2024-09-01 22:24:00	29.9244160095	50.057486000000004	50	1	0	0	0	0
2024-09-01 22:24:10	29.914931977000002	50.0523879135	50	1	0	0	0	0
2024-09-01 22:24:20	29.893639277000002	50.0374040635	50	1	0	0	0	0
2024-09-01 22:24:30	29.876695768	50.0251434865	50	1	0	0	0	0
2024-09-01 22:24:40	29.864278968	50.0157173365	50	1	0	0	0	0
2024-09-01 22:24:50	29.8483344865	50.006008971	50	1	0	0	0	0
2024-09-01 22:25:00	29.8287183365	49.996006871	50	1	0	0	0	0
2024-09-01 22:25:10	29.836708909000002	50.005493051	50	1	0	0	0	0
2024-09-01 22:25:20	29.873433009	50.035262951	50	1	0	0	0	0
2024-09-01 22:25:30	29.8960465055	50.0511390725	50	1	0	0	0	0
2024-09-01 22:25:40	29.903973455499997	50.0525543225	50	1	0	0	0	0
2024-09-01 22:25:50	29.9218169765	50.0636856845	50	1	0	0	0	0
2024-09-01 22:26:00	29.9499818265	50.0849297345	50	1	0	0	0	0
2024-09-01 22:26:10	29.96440666	50.094229471	50	1	0	0	0	0
2024-09-01 22:26:20	29.96453066	50.091097371000004	50	1	0	0	0	0
2024-09-01 22:26:30	29.968048179500002	50.0909935935	50	1	0	0	0	0
2024-09-01 22:26:40	29.9750977295	50.0940417435	50	1	0	0	0	0
2024-09-01 22:26:50	29.983605739999998	50.092353406499996	50	1	0	0	0	0
2024-09-01 22:27:00	29.993631739999998	50.0857352565	50	1	0	0	0	0
2024-09-01 22:27:10	29.990434992	50.0813691465	50	1	0	0	0	0
2024-09-01 22:27:20	29.973475792	50.0793469965	50	1	0	0	0	0
2024-09-01 22:27:30	29.959115257999997	50.0739987755	50	1	0	0	0	0
2024-09-01 22:27:40	29.947459457999997	50.0651887255	50	1	0	0	0	0
2024-09-01 22:27:50	29.936778905	50.058519853	50	1	0	0	0	0
2024-09-01 22:28:00	29.927113405	50.054079553	50	1	0	0	0	0
2024-09-01 22:28:10	29.926108851000002	50.051728024999996	50	1	0	0	0	0
2024-09-01 22:28:20	29.934118751	50.051550524999996	50	1	0	0	0	0
2024-09-01 22:28:30	29.941074269	50.054428346499996	50	1	0	0	0	0
2024-09-01 22:28:40	29.946932369	50.0604861965	50	1	0	0	0	0
2024-09-01 22:28:50	29.935458139999998	50.053508184500004	50	1	0	0	0	0
2024-09-01 22:29:00	29.90594414	50.032962234500005	50	1	0	0	0	0
2024-09-01 22:29:10	29.8785571565	50.014734107	50	1	0	0	0	0
2024-09-01 22:29:20	29.8533840065	49.998918407000005	50	1	0	0	0	0
2024-09-01 22:29:30	29.8435396735	49.991234012	50	1	0	0	0	0
2024-09-01 22:29:40	29.8496498235	49.992012812	50	1	0	0	0	0
2024-09-01 22:29:50	29.8763861805	50.011212917	50	1	0	0	0	0
2024-09-01 22:30:00	29.9245906305	50.049586217	50	1	0	0	0	0
2024-09-01 22:30:10	29.9568437675	50.072181909	50	1	0	0	0	0
2024-09-01 22:30:20	29.9724945175	50.078356009	50	1	0	0	0	0
2024-09-01 22:30:30	29.98144464	50.08160574	50	1	0	0	0	0
2024-09-01 22:30:40	29.98342064	50.08181174	50	1	0	0	0	0
2024-09-01 22:30:50	29.9864209605	50.084191184000005	50	1	0	0	0	0
2024-09-01 22:31:00	29.9904874105	50.088832784000004	50	1	0	0	0	0
2024-09-01 22:31:10	29.992461781	50.0893742355	50	1	0	0	0	0
2024-09-01 22:31:20	29.992258681	50.0856481855	50	1	0	0	0	0
2024-09-01 22:31:30	29.9787150615	50.0707389145	50	1	0	0	0	0
2024-09-01 22:31:40	29.9512864115	50.0441899645	50	1	0	0	0	0
2024-09-01 22:31:50	29.9324715205	50.030613813500004	50	1	0	0	0	0
2024-09-01 22:32:00	29.9226219705	50.030539963500004	50	1	0	0	0	0
2024-09-01 22:32:10	29.937552431	50.0481718715	50	1	0	0	0	0
2024-09-01 22:32:20	29.978274331	50.0842322215	50	1	0	0	0	0
2024-09-01 22:32:30	30.018550894500002	50.110959615	50	1	0	0	0	0
2024-09-01 22:32:40	30.0583639445	50.127973115	50	1	0	0	0	0
2024-09-01 22:32:50	30.074586263	50.1321256095	50	1	0	0	0	0
2024-09-01 22:33:00	30.066254963	50.122892159500005	50	1	0	0	0	0
2024-09-01 22:33:10	30.06252638	50.1194710405	50	1	0	0	0	0
2024-09-01 22:33:20	30.06358838	50.122099490500005	50	1	0	0	0	0
2024-09-01 22:33:30	30.0636857905	50.1207511005	50	1	0	0	0	0
2024-09-01 22:33:40	30.0627792405	50.115263550499996	50	1	0	0	0	0
2024-09-01 22:33:50	30.073635385499998	50.1215380095	50	1	0	0	0	0
2024-09-01 22:34:00	30.0967343355	50.1400545595	50	1	0	0	0	0
2024-09-01 22:34:10	30.099096362999997	50.140492290000005	50	1	0	0	0	0
2024-09-01 22:34:20	30.079875063	50.12211329	50	1	0	0	0	0
2024-09-01 22:34:30	30.065397796	50.109963194500004	50	1	0	0	0	0
2024-09-01 22:34:40	30.055858196	50.1042962445	50	1	0	0	0	0
2024-09-01 22:34:50	30.051619464999998	50.098137799999996	50	1	0	0	0	0
2024-09-01 22:35:00	30.052897965	50.0914678	50	1	0	0	0	0
2024-09-01 22:35:10	30.047192250000002	50.0855772675	50	1	0	0	0	0
2024-09-01 22:35:20	30.03421725	50.080498017500005	50	1	0	0	0	0
2024-09-01 22:35:30	30.025146031	50.073602827500004	50	1	0	0	0	0
2024-09-01 22:35:40	30.020137931	50.0648175775	50	1	0	0	0	0
2024-09-01 22:35:50	30.0012703525	50.050724721	50	1	0	0	0	0
2024-09-01 22:36:00	29.9679776025	50.031107621000004	50	1	0	0	0	0
2024-09-01 22:36:10	29.942012582	50.014287784000004	50	1	0	0	0	0
2024-09-01 22:36:20	29.923674382	50.000379384	50	1	0	0	0	0
2024-09-01 22:36:30	29.9149980755	49.993792662	50	1	0	0	0	0
2024-09-01 22:36:40	29.9163780255	49.994826462	50	1	0	0	0	0
2024-09-01 22:36:50	29.915497702941174	49.99196458058824	50	1	0	0	0	0
2024-09-01 22:37:00	29.907160349999998	49.97412711	50	1	0	0	0	0
2024-09-01 22:37:10	29.881747062	49.959288915	50	1	0	0	0	0
2024-09-01 22:37:20	29.838560862	49.947572415	50	1	0	0	0	0
2024-09-01 22:37:30	29.825218357	49.9486382755	50	1	0	0	0	0
2024-09-01 22:37:40	29.842937657	49.9630082255	50	1	0	0	0	0
2024-09-01 22:37:50	29.8706113805	49.9804801205	50	1	0	0	0	0
2024-09-01 22:38:00	29.9086458305	50.0011805705	50	1	0	0	0	0
2024-09-01 22:38:10	29.9323621865	50.014928239	50	1	0	0	0	0
2024-09-01 22:38:20	29.9411760365	50.021439339	50	1	0	0	0	0
2024-09-01 22:38:30	29.953749313499998	50.02925085	50	1	0	0	0	0
2024-09-01 22:38:40	29.9702354635	50.03841585	50	1	0	0	0	0
2024-09-01 22:38:50	29.9811112115	50.0459033595	50	1	0	0	0	0
2024-09-01 22:39:00	29.9861475615	50.0516449095	50	1	0	0	0	0
2024-09-01 22:39:10	30.004710655500002	50.0667561905	50	1	0	0	0	0
2024-09-01 22:39:20	30.0373526055	50.0916196405	50	1	0	0	0	0
2024-09-01 22:39:30	30.073623078999997	50.1170204	50	1	0	0	0	0
2024-09-01 22:39:40	30.113670179	50.1429804	50	1	0	0	0	0
2024-09-01 22:39:50	30.140267170999998	50.156137631	50	1	0	0	0	0
2024-09-01 22:40:00	30.152865070999997	50.155969531	50	1	0	0	0	0
2024-09-01 22:40:10	30.15255985	50.152379368999995	50	1	0	0	0	0
2024-09-01 22:40:20	30.13882485	50.145227469	50	1	0	0	0	0
2024-09-01 22:40:30	30.129230864500002	50.134442121	50	1	0	0	0	0
2024-09-01 22:40:40	30.1239469145	50.119875021	50	1	0	0	0	0
2024-09-01 22:40:50	30.1032538855	50.1021166	50	1	0	0	0	0
2024-09-01 22:41:00	30.0665228355	50.081036600000004	50	1	0	0	0	0
2024-09-01 22:41:10	30.0470144035	50.0696287835	50	1	0	0	0	0
2024-09-01 22:41:20	30.0454315535	50.068287933499995	50	1	0	0	0	0
2024-09-01 22:41:30	30.032922046499998	50.056150546	50	1	0	0	0	0
2024-09-01 22:41:40	30.0090398965	50.032775946	50	1	0	0	0	0
2024-09-01 22:41:50	29.999997568	50.0258335205	50	1	0	0	0	0
2024-09-01 22:42:00	30.006400768000002	50.0359939705	50	1	0	0	0	0
2024-09-01 22:42:10	30.021893321	50.050187928999996	50	1	0	0	0	0
2024-09-01 22:42:20	30.046846221000003	50.068580028999996	50	1	0	0	0	0
2024-09-01 22:42:30	30.049103276500002	50.067566536499996	50	1	0	0	0	0
2024-09-01 22:42:40	30.0277381265	50.0463553865	50	1	0	0	0	0
2024-09-01 22:42:50	30.0155806645	50.0407004135	50	1	0	0	0	0
2024-09-01 22:43:00	30.013006714499998	50.0512365635	50	1	0	0	0	0
2024-09-01 22:43:10	30.016255312	50.0556153	50	1	0	0	0	0
2024-09-01 22:43:20	30.025564112	50.053585299999995	50	1	0	0	0	0
2024-09-01 22:43:30	30.022757858000002	50.045557699999996	50	1	0	0	0	0
2024-09-01 22:43:40	30.007342058	50.0312877	50	1	0	0	0	0
2024-09-01 22:43:50	29.994042323	50.0215538015	50	1	0	0	0	0
2024-09-01 22:44:00	29.982945023	50.0165411515	50	1	0	0	0	0
2024-09-01 22:44:10	29.971363309	50.0082069875	50	1	0	0	0	0
2024-09-01 22:44:20	29.959277409	49.9964157375	50	1	0	0	0	0
2024-09-01 22:44:30	29.956641232499997	49.9942714605	50	1	0	0	0	0
2024-09-01 22:44:40	29.9638404825	50.0021679105	50	1	0	0	0	0
2024-09-01 22:44:50	29.9709170855	50.0065368505	50	1	0	0	0	0
2024-09-01 22:45:00	29.9778660355	50.0072343005	50	1	0	0	0	0
2024-09-01 22:45:10	29.9678333005	50.0006124	50	1	0	0	0	0
2024-09-01 22:45:20	29.9401257505	49.9863724	50	1	0	0	0	0
2024-09-01 22:45:30	29.921448533	49.979070799999995	50	1	0	0	0	0
2024-09-01 22:45:40	29.912170232999998	49.9789908	50	1	0	0	0	0
2024-09-01 22:45:50	29.9246293375	49.986469932	50	1	0	0	0	0
2024-09-01 22:46:00	29.9597130875	50.001816731999995	50	1	0	0	0	0
2024-09-01 22:46:10	29.973054728999998	50.010860367999996	50	1	0	0	0	0
2024-09-01 22:46:20	29.963766828999997	50.013343567999996	50	1	0	0	0	0
2024-09-01 22:46:30	29.962115628	50.013113784999994	50	1	0	0	0	0
2024-09-01 22:46:40	29.968412827999998	50.010060284999994	50	1	0	0	0	0
2024-09-01 22:46:50	29.968555922	50.008945714999996	50	1	0	0	0	0
2024-09-01 22:47:00	29.962293722	50.009849214999996	50	1	0	0	0	0
2024-09-01 22:47:10	29.951321495	50.003111042499995	50	1	0	0	0	0
2024-09-01 22:47:20	29.935446995	49.9884192925	50	1	0	0	0	0
2024-09-01 22:47:30	29.9221251745	49.9766310865	50	1	0	0	0	0
2024-09-01 22:47:40	29.9114602245	49.9678649365	50	1	0	0	0	0
2024-09-01 22:47:50	29.907287015	49.966723235500005	50	1	0	0	0	0
2024-09-01 22:48:00	29.909870515	49.9735171855	50	1	0	0	0	0
2024-09-01 22:48:10	29.915180718	49.976729750000004	50	1	0	0	0	0
2024-09-01 22:48:20	29.923328918	49.976214750000004	50	1	0	0	0	0
2024-09-01 22:48:30	29.9242126475	49.97602315	50	1	0	0	0	0
2024-09-01 22:48:40	29.9175353975	49.97616815	50	1	0	0	0	0
2024-09-01 22:48:50	29.9184371	49.9764663975	50	1	0	0	0	0
2024-09-01 22:49:00	29.9272271	49.9769241475	50	1	0	0	0	0
2024-09-01 22:49:10	29.923994705	49.973426838	50	1	0	0	0	0
2024-09-01 22:49:20	29.908249205	49.965813038	50	1	0	0	0	0
2024-09-01 22:49:30	29.8997381385	49.96106907	50	1	0	0	0	0
2024-09-01 22:49:40	29.8987567885	49.95931207	50	1	0	0	0	0
2024-09-01 22:49:50	29.8950277145	49.95913483	50	1	0	0	0	0
2024-09-01 22:50:00	29.888438764500002	49.96060183	50	1	0	0	0	0
2024-09-01 22:50:10	29.888691562	49.9614377345	50	1	0	0	0	0
2024-09-01 22:50:20	29.896065362	49.9616167845	50	1	0	0	0	0
2024-09-01 22:50:30	29.885588315	49.9513009655	50	1	0	0	0	0
2024-09-01 22:50:40	29.856531815	49.9300619155	50	1	0	0	0	0
2024-09-01 22:50:50	29.8333459805	49.921225721	50	1	0	0	0	0
2024-09-01 22:51:00	29.816270430499998	49.925298621	50	1	0	0	0	0
2024-09-01 22:51:10	29.8105189765	49.9235682305	50	1	0	0	0	0
2024-09-01 22:51:20	29.8165538265	49.9157976805	50	1	0	0	0	0
2024-09-01 22:51:30	29.834318370000002	49.9255910825	50	1	0	0	0	0
2024-09-01 22:51:40	29.86429137	49.9536653325	50	1	0	0	0	0
2024-09-01 22:51:50	29.877333988	49.9636476065	50	1	0	0	0	0
2024-09-01 22:52:00	29.872755188	49.9547994565	50	1	0	0	0	0
2024-09-01 22:52:10	29.872019212999998	49.956586095	50	1	0	0	0	0
2024-09-01 22:52:20	29.875282913	49.969441595	50	1	0	0	0	0
2024-09-01 22:52:30	29.8743847245	49.9700204145	50	1	0	0	0	0
2024-09-01 22:52:40	29.8691547745	49.9578214645	50	1	0	0	0	0
2024-09-01 22:52:50	29.8614243055	49.949066699999996	50	1	0	0	0	0
2024-09-01 22:53:00	29.8510912555	49.943896699999996	50	1	0	0	0	0
2024-09-01 22:53:10	29.856485661999997	49.948654884	50	1	0	0	0	0
2024-09-01 22:53:20	29.878249462	49.963746484000005	50	1	0	0	0	0
2024-09-01 22:53:30	29.8894677025	49.9724684515	50	1	0	0	0	0
2024-09-01 22:53:40	29.8894677025	49.9724684515	50	1	0	0	0	0
2024-09-01 22:53:50	29.8853053365	49.9724434145	50	1	0	0	0	0
2024-09-01 22:54:00	29.8760641865	49.9659444645	50	1	0	0	0	0
2024-09-01 22:54:10	29.8760641865	49.9659444645	50	1	0	0	0	0
2024-09-01 22:54:20	29.871313056	49.9670702	50	1	0	0	0	0
2024-09-01 22:54:30	29.871313056	49.9670702	50	1	0	0	0	0
2024-09-01 22:54:40	29.8734990465	49.9687357505	50	1	0	0	0	0
2024-09-01 22:54:50	29.877986896499998	49.9690332005	50	1	0	0	0	0
2024-09-01 22:55:00	29.8817691955	49.9693184495	50	1	0	0	0	0
2024-09-01 22:55:10	29.8848171455	49.9695909995	50	1	0	0	0	0
2024-09-01 22:55:20	29.8831724635	49.9693936395	50	1	0	0	0	0
2024-09-01 22:55:30	29.8766436135	49.9687071895	50	1	0	0	0	0
2024-09-01 22:55:40	29.8728311765	49.9663701255	50	1	0	0	0	0
2024-09-01 22:55:50	29.8718460265	49.9623150755	50	1	0	0	0	0
2024-09-01 22:56:00	29.870639567999998	49.9610161775	50	1	0	0	0	0
2024-09-01 22:56:10	29.869202767999997	49.9625859275	50	1	0	0	0	0
2024-09-01 22:56:20	29.868079617	49.9622855435	50	1	0	0	0	0
2024-09-01 22:56:30	29.867282917	49.9600386935	50	1	0	0	0	0
2024-09-01 22:56:40	29.8713799695	49.963431229	50	1	0	0	0	0
2024-09-01 22:56:50	29.8805705195	49.972693329	50	1	0	0	0	0
2024-09-01 22:57:00	29.8881545065	49.9784777765	50	1	0	0	0	0
2024-09-01 22:57:10	29.8940663565	49.9806426265	50	1	0	0	0	0
2024-09-01 22:57:20	29.8956542505	49.9813677585	50	1	0	0	0	0
2024-09-01 22:57:30	29.8927417005	49.980594408500004	50	1	0	0	0	0
2024-09-01 22:57:40	29.8916179935	49.9798227	50	1	0	0	0	0
2024-09-01 22:57:50	29.8923561435	49.9790527	50	1	0	0	0	0
2024-09-01 22:58:00	29.888475039	49.9761806	50	1	0	0	0	0
2024-09-01 22:58:10	29.879786139	49.9711206	50	1	0	0	0	0
2024-09-01 22:58:20	29.866188174	49.96279475	50	1	0	0	0	0
2024-09-01 22:58:30	29.847480774	49.95106975	50	1	0	0	0	0
2024-09-01 22:58:40	29.833330129	49.9433668905	50	1	0	0	0	0
2024-09-01 22:58:50	29.823922229	49.9398503405	50	1	0	0	0	0
2024-09-01 22:59:00	29.825914571000002	49.944628559499996	50	1	0	0	0	0
2024-09-01 22:59:10	29.839772471	49.9580401095	50	1	0	0	0	0
2024-09-01 22:59:20	29.8495746165	49.9638374515	50	1	0	0	0	0
2024-09-01 22:59:30	29.855155466499998	49.9617098015	50	1	0	0	0	0
2024-09-01 22:59:40	29.861646638499998	49.9632621985	50	1	0	0	0	0
2024-09-01 22:59:50	29.8690852885	49.9686448485	50	1	0	0	0	0
2024-09-01 23:00:00	29.863451645	49.9659907635	50	1	0	0	0	0
2024-09-01 23:00:10	29.844212145	49.9549719135	50	1	0	0	0	0
2024-09-01 23:00:20	29.833159369	49.9520271365	50	1	0	0	0	0
2024-09-01 23:00:30	29.830627469	49.957485986500004	50	1	0	0	0	0
2024-09-01 23:00:40	29.8348451965	49.960715900000004	50	1	0	0	0	0
2024-09-01 23:00:50	29.8460880465	49.9616259	50	1	0	0	0	0
2024-09-01 23:01:00	29.855024785	49.965390885000005	50	1	0	0	0	0
2024-09-01 23:01:10	29.861561285	49.972127385	50	1	0	0	0	0
2024-09-01 23:01:20	29.8668095995	49.9762303065	50	1	0	0	0	0
2024-09-01 23:01:30	29.870717149500003	49.9775921565	50	1	0	0	0	0
2024-09-01 23:01:40	29.8771972975	49.9824363385	50	1	0	0	0	0
2024-09-01 23:01:50	29.8863550475	49.9909049885	50	1	0	0	0	0
2024-09-01 23:02:00	29.886499002500003	49.9925996335	50	1	0	0	0	0
2024-09-01 23:02:10	29.877261252500002	49.9872437835	50	1	0	0	0	0
2024-09-01 23:02:20	29.8754414165	49.9844805235	50	1	0	0	0	0
2024-09-01 23:02:30	29.8813422665	49.9844156735	50	1	0	0	0	0
2024-09-01 23:02:40	29.8768749125	49.981449313000006	50	1	0	0	0	0
2024-09-01 23:02:50	29.861616162500003	49.975463013	50	1	0	0	0	0
2024-09-01 23:03:00	29.853737915	49.9730703485	50	1	0	0	0	0
2024-09-01 23:03:10	29.853541415	49.9744179985	50	1	0	0	0	0
2024-09-01 23:03:20	29.8556422065	49.976024001	50	1	0	0	0	0
2024-09-01 23:03:30	29.8601340565	49.977898900999996	50	1	0	0	0	0
2024-09-01 23:03:40	29.866562362	49.982029050499996	50	1	0	0	0	0
2024-09-01 23:03:50	29.875006162000002	49.9885065005	50	1	0	0	0	0
2024-09-01 23:04:00	29.865956937500002	49.979990073	50	1	0	0	0	0
2024-09-01 23:04:10	29.8387006875	49.955867773	50	1	0	0	0	0
2024-09-01 23:04:20	29.8306670885	49.952156226999996	50	1	0	0	0	0
2024-09-01 23:04:30	29.8426407385	49.969688527	50	1	0	0	0	0
2024-09-01 23:04:40	29.8568182615	49.980405760000004	50	1	0	0	0	0
2024-09-01 23:04:50	29.8732896115	49.98402976	50	1	0	0	0	0
2024-09-01 23:05:00	29.87811398	49.984762074	50	1	0	0	0	0
2024-09-01 23:05:10	29.87081598	49.982484674	50	1	0	0	0	0
2024-09-01 23:05:20	29.865496306	49.981221329	50	1	0	0	0	0
2024-09-01 23:05:30	29.862235706	49.981013429	50	1	0	0	0	0
2024-09-01 23:05:40	29.857145152	49.977967155	50	1	0	0	0	0
2024-09-01 23:05:50	29.850149952	49.971966655	50	1	0	0	0	0
2024-09-01 23:06:00	29.8532638685	49.974720544	50	1	0	0	0	0
2024-09-01 23:06:10	29.866899518500002	49.986586144	50	1	0	0	0	0
2024-09-01 23:06:20	29.865749296	49.988727228500004	50	1	0	0	0	0
2024-09-01 23:06:30	29.849209696	49.9807468785	50	1	0	0	0	0
2024-09-01 23:06:40	29.849732189999997	49.980657366	50	1	0	0	0	0
2024-09-01 23:06:50	29.86801319	49.988780766	50	1	0	0	0	0
2024-09-01 23:07:00	29.877324043859648	49.99336941929825	50	1	0	0	0	0
2024-09-01 23:07:10	29.877261763157893	49.995598015789476	50	1	0	0	0	0
2024-09-01 23:07:20	29.8767616825	49.994368194	50	1	0	0	0	0
2024-09-01 23:07:30	29.8758059325	49.989538794	50	1	0	0	0	0
2024-09-01 23:07:40	29.8739395175	49.985311285499996	50	1	0	0	0	0
2024-09-01 23:07:50	29.8711252675	49.981710235499996	50	1	0	0	0	0
2024-09-01 23:08:00	29.864490340499998	49.9798036055	50	1	0	0	0	0
2024-09-01 23:08:10	29.853878790499998	49.979660555500004	50	1	0	0	0	0
2024-09-01 23:08:20	29.8485430705	49.976755988	50	1	0	0	0	0
2024-09-01 23:08:30	29.8486985205	49.970977188	50	1	0	0	0	0
2024-09-01 23:08:40	29.8408906865	49.96362245	50	1	0	0	0	0
2024-09-01 23:08:50	29.8247945365	49.954627450000004	50	1	0	0	0	0
2024-09-01 23:09:00	29.8123334025	49.947571453500004	50	1	0	0	0	0
2024-09-01 23:09:10	29.8036556525	49.9425336035	50	1	0	0	0	0
2024-09-01 23:09:20	29.795377718	49.9378415465	50	1	0	0	0	0
2024-09-01 23:09:30	29.787515918	49.9335093965	50	1	0	0	0	0
2024-09-01 23:09:40	29.788343582	49.9361559	50	1	0	0	0	0
2024-09-01 23:09:50	29.798215382	49.9460659	50	1	0	0	0	0
2024-09-01 23:10:00	29.808265835999997	49.9548685	50	1	0	0	0	0
2024-09-01 23:10:10	29.818502235999997	49.9625185	50	1	0	0	0	0
2024-09-01 23:10:20	29.822140541	49.9642113495	50	1	0	0	0	0
2024-09-01 23:10:30	29.818911441	49.9597038995	50	1	0	0	0	0
2024-09-01 23:10:40	29.814596305000002	49.9571270005	50	1	0	0	0	0
2024-09-01 23:10:50	29.809150805	49.9565594505	50	1	0	0	0	0
2024-09-01 23:11:00	29.8072932565	49.95656155	50	1	0	0	0	0
2024-09-01 23:11:10	29.8091701065	49.95715655	50	1	0	0	0	0
2024-09-01 23:11:20	29.8047823065	49.9531735535	50	1	0	0	0	0
2024-09-01 23:11:30	29.7938741565	49.9444257035	50	1	0	0	0	0
2024-09-01 23:11:40	29.791546127	49.942764356	50	1	0	0	0	0
2024-09-01 23:11:50	29.798148426999997	49.948478756	50	1	0	0	0	0
2024-09-01 23:12:00	29.802909086499998	49.952915579	50	1	0	0	0	0
2024-09-01 23:12:10	29.8057529365	49.956022679	50	1	0	0	0	0
2024-09-01 23:12:20	29.8100986855	49.9606263615	50	1	0	0	0	0
2024-09-01 23:12:30	29.8160076355	49.9667877115	50	1	0	0	0	0
2024-09-01 23:12:40	29.81209162	49.964454249999996	50	1	0	0	0	0
2024-09-01 23:12:50	29.79794962	49.95327925	50	1	0	0	0	0
2024-09-01 23:13:00	29.7873572045	49.949190875	50	1	0	0	0	0
2024-09-01 23:13:10	29.780459254500002	49.952478375	50	1	0	0	0	0
2024-09-01 23:13:20	29.7906818065	49.960847664999996	50	1	0	0	0	0
2024-09-01 23:13:30	29.8187236565	49.974506164999994	50	1	0	0	0	0
2024-09-01 23:13:40	29.830339898	49.9778027575	50	1	0	0	0	0
2024-09-01 23:13:50	29.824860098	49.9703145075	50	1	0	0	0	0
2024-09-01 23:14:00	29.8155442105	49.9649139025	50	1	0	0	0	0
2024-09-01 23:14:10	29.8022356605	49.9616861525	50	1	0	0	0	0
2024-09-01 23:14:20	29.8027194835	49.969066633	50	1	0	0	0	0
2024-09-01 23:14:30	29.8175586335	49.987488333	50	1	0	0	0	0
2024-09-01 23:14:40	29.8409330445	50.002375467	50	1	0	0	0	0
2024-09-01 23:14:50	29.8731910945	50.013583767	50	1	0	0	0	0
2024-09-01 23:15:00	29.8895023885	50.0218268075	50	1	0	0	0	0
2024-09-01 23:15:10	29.8892160385	50.0269835575	50	1	0	0	0	0
2024-09-01 23:15:20	29.890616881	50.0283729425	50	1	0	0	0	0
2024-09-01 23:15:30	29.893773781	50.025841192499996	50	1	0	0	0	0
2024-09-01 23:15:40	29.891846343	50.0205075	50	1	0	0	0	0
2024-09-01 23:15:50	29.884627043	50.0122575	50	1	0	0	0	0
2024-09-01 23:16:00	29.882704594	50.0094955	50	1	0	0	0	0
2024-09-01 23:16:10	29.886295194	50.0124455	50	1	0	0	0	0
2024-09-01 23:16:20	29.886493132000002	50.0174094	50	1	0	0	0	0
2024-09-01 23:16:30	29.883159932	50.0244694	50	1	0	0	0	0
2024-09-01 23:16:40	29.889475175	50.0290098445	50	1	0	0	0	0
2024-09-01 23:16:50	29.905832675	50.0309278945	50	1	0	0	0	0
2024-09-01 23:17:00	29.912667025	50.0318490885	50	1	0	0	0	0
2024-09-01 23:17:10	29.909589525	50.031732738500004	50	1	0	0	0	0
2024-09-01 23:17:20	29.912859828000002	50.034456649	50	1	0	0	0	0
2024-09-01 23:17:30	29.922737028	50.040136749	50	1	0	0	0	0
2024-09-01 23:17:40	29.929495010500002	50.044053241	50	1	0	0	0	0
2024-09-01 23:17:50	29.9330064605	50.046134141	50	1	0	0	0	0
2024-09-01 23:18:00	29.9419887115	50.052437077	50	1	0	0	0	0
2024-09-01 23:18:10	29.9566650615	50.063134377	50	1	0	0	0	0
2024-09-01 23:18:20	29.970279459	50.073317716	50	1	0	0	0	0
2024-09-01 23:18:30	29.982788559000003	50.082966116	50	1	0	0	0	0
2024-09-01 23:18:40	29.9885550875	50.085364084	50	1	0	0	0	0
2024-09-01 23:18:50	29.9873038375	50.080215684	50	1	0	0	0	0
2024-09-01 23:19:00	29.9796660255	50.0716499015	50	1	0	0	0	0
2024-09-01 23:19:10	29.9653809755	50.0595272515	50	1	0	0	0	0
2024-09-01 23:19:20	29.961227435	50.0554284985	50	1	0	0	0	0
2024-09-01 23:19:30	29.967618935	50.0596811485	50	1	0	0	0	0
2024-09-01 23:19:40	29.975431974	50.06607625	50	1	0	0	0	0
2024-09-01 23:19:50	29.984724573999998	50.07470125	50	1	0	0	0	0
2024-09-01 23:20:00	29.9846749075	50.075373549999995	50	1	0	0	0	0
2024-09-01 23:20:10	29.9749016575	50.06776855	50	1	0	0	0	0
2024-09-01 23:20:20	29.963543796499998	50.0579267	50	1	0	0	0	0
2024-09-01 23:20:30	29.950536646499998	50.0457567	50	1	0	0	0	0
2024-09-01 23:20:40	29.943392224	50.0385651	50	1	0	0	0	0
2024-09-01 23:20:50	29.942349824	50.0365551	50	1	0	0	0	0
2024-09-01 23:21:00	29.9395218885	50.0361038635	50	1	0	0	0	0
2024-09-01 23:21:10	29.9348355385	50.0372750135	50	1	0	0	0	0
2024-09-01 23:21:20	29.931444087	50.035133935	50	1	0	0	0	0
2024-09-01 23:21:30	29.929400387	50.029545434999996	50	1	0	0	0	0
2024-09-01 23:21:40	29.9329161535	50.028298139	50	1	0	0	0	0
2024-09-01 23:21:50	29.9422183035	50.031569239	50	1	0	0	0	0
2024-09-01 23:22:00	29.940273312	50.0296758125	50	1	0	0	0	0
2024-09-01 23:22:10	29.926622112	50.0224070625	50	1	0	0	0	0
2024-09-01 23:22:20	29.9174712925	50.016482113	50	1	0	0	0	0
2024-09-01 23:22:30	29.913004542499998	50.011955813	50	1	0	0	0	0
2024-09-01 23:22:40	29.915751400999998	50.014174608	50	1	0	0	0	0
2024-09-01 23:22:50	29.926006300999997	50.023413808	50	1	0	0	0	0
2024-09-01 23:23:00	29.933530725	50.029212179	50	1	0	0	0	0
2024-09-01 23:23:10	29.938213225000002	50.031429278999994	50	1	0	0	0	0
2024-09-01 23:23:20	29.946092093	50.037209266999994	50	1	0	0	0	0
2024-09-01 23:23:30	29.957297793	50.046697566999995	50	1	0	0	0	0
2024-09-01 23:23:40	29.964680023	50.050719133	50	1	0	0	0	0
2024-09-01 23:23:50	29.968082723000002	50.049050833	50	1	0	0	0	0
2024-09-01 23:24:00	29.971248508000002	50.050901615	50	1	0	0	0	0
2024-09-01 23:24:10	29.974167708	50.056415115	50	1	0	0	0	0
2024-09-01 23:24:20	29.974774696	50.0551895225	50	1	0	0	0	0
2024-09-01 23:24:30	29.972975096	50.0469497725	50	1	0	0	0	0
2024-09-01 23:24:40	29.96952547	50.041193269	50	1	0	0	0	0
2024-09-01 23:24:50	29.96435847	50.038021369	50	1	0	0	0	0
2024-09-01 23:25:00	29.961283108499998	50.0365392095	50	1	0	0	0	0
2024-09-01 23:25:10	29.9603847585	50.0368157595	50	1	0	0	0	0
2024-09-01 23:25:20	29.950211419	50.0304669215	50	1	0	0	0	0
2024-09-01 23:25:30	29.930384519	50.017222271499996	50	1	0	0	0	0
2024-09-01 23:25:40	29.913080114499998	50.009901133499994	50	1	0	0	0	0
2024-09-01 23:25:50	29.898401164499997	50.0087452835	50	1	0	0	0	0
2024-09-01 23:26:00	29.9041338995	50.012751240499995	50	1	0	0	0	0
2024-09-01 23:26:10	29.9311114495	50.022129690499995	50	1	0	0	0	0
2024-09-01 23:26:20	29.9351288	50.017399399	50	1	0	0	0	0
2024-09-01 23:26:30	29.9152488	49.997984499	50	1	0	0	0	0
2024-09-01 23:26:40	29.9092534155	49.994002663500005	50	1	0	0	0	0
2024-09-01 23:26:50	29.917709365500002	50.006083813500005	50	1	0	0	0	0
2024-09-01 23:27:00	29.920050826	50.012961776000004	50	1	0	0	0	0
2024-09-01 23:27:10	29.916028225999998	50.014424176	50	1	0	0	0	0
2024-09-01 23:27:20	29.9178253805	50.015121	50	1	0	0	0	0
2024-09-01 23:27:30	29.9256798305	50.015021	50	1	0	0	0	0
2024-09-01 23:27:40	29.9245373415	50.0130631405	50	1	0	0	0	0
2024-09-01 23:27:50	29.9140306915	50.0091715905	50	1	0	0	0	0
2024-09-01 23:28:00	29.90742182	50.0034671875	50	1	0	0	0	0
2024-09-01 23:28:10	29.90486982	49.9958759375	50	1	0	0	0	0
2024-09-01 23:28:20	29.902527148	49.9965400115	50	1	0	0	0	0
2024-09-01 23:28:30	29.900402348	50.0057963615	50	1	0	0	0	0
2024-09-01 23:28:40	29.9029201755	50.0086509105	50	1	0	0	0	0
2024-09-01 23:28:50	29.9102701255	50.0048423605	50	1	0	0	0	0
2024-09-01 23:29:00	29.9084399745	49.9984116	50	1	0	0	0	0
2024-09-01 23:29:10	29.8970550245	49.9892516	50	1	0	0	0	0
2024-09-01 23:29:20	29.892450131	49.9860905475	50	1	0	0	0	0
2024-09-01 23:29:30	29.894902031	49.9891732975	50	1	0	0	0	0
2024-09-01 23:29:40	29.8857401225	49.989138006000005	50	1	0	0	0	0
2024-09-01 23:29:50	29.8644903725	49.985857406	50	1	0	0	0	0
2024-09-01 23:30:00	29.866898631	49.9900788285	50	1	0	0	0	0
2024-09-01 23:30:10	29.893930531	50.0021084785	50	1	0	0	0	0
2024-09-01 23:30:20	29.9013002745	49.994737681	50	1	0	0	0	0
2024-09-01 23:30:30	29.8882053245	49.967174580999995	50	1	0	0	0	0
2024-09-01 23:30:40	29.864649879	49.9499341395	50	1	0	0	0	0
2024-09-01 23:30:50	29.830206979	49.9434376895	50	1	0	0	0	0
2024-09-01 23:31:00	29.807383988	49.932142081500004	50	1	0	0	0	0
2024-09-01 23:31:10	29.796655188	49.9158514315	50	1	0	0	0	0
2024-09-01 23:31:20	29.7933938165	49.915596644	50	1	0	0	0	0
2024-09-01 23:31:30	29.7979046665	49.932032244	50	1	0	0	0	0
2024-09-01 23:31:40	29.806848326	49.935811487	50	1	0	0	0	0
2024-09-01 23:31:50	29.820405726	49.926417787	50	1	0	0	0	0
2024-09-01 23:32:00	29.812824354500002	49.919818557	50	1	0	0	0	0
2024-09-01 23:32:10	29.7832414045	49.916127857	50	1	0	0	0	0
2024-09-01 23:32:20	29.7298583705	49.886056978	50	1	0	0	0	0
2024-09-01 23:32:30	29.6517038205	49.828529178000004	50	1	0	0	0	0
2024-09-01 23:32:40	29.685220049999998	49.862276618	50	1	0	0	0	0
2024-09-01 23:32:50	29.83496505	49.991024818	50	1	0	0	0	0
2024-09-01 23:33:00	29.9529826725	50.07247753199999	50	1	0	0	0	0
2024-09-01 23:33:10	30.037977922499998	50.104704332	50	1	0	0	0	0
2024-09-01 23:33:20	30.1007320235	50.12604245	50	1	0	0	0	0
2024-09-01 23:33:30	30.1403371735	50.13604745	50	1	0	0	0	0
2024-09-01 23:33:40	30.0973675235	50.10943965	50	1	0	0	0	0
2024-09-01 23:33:50	29.9684526735	50.04472465	50	1	0	0	0	0
2024-09-01 23:34:00	29.938534973499998	50.043411999499995	50	1	0	0	0	0
2024-09-01 23:34:10	30.0116551235	50.1080895495	50	1	0	0	0	0
2024-09-01 23:34:20	30.086851942499997	50.1551466505	50	1	0	0	0	0
2024-09-01 23:34:30	30.1642101925	50.1838641005	50	1	0	0	0	0
2024-09-01 23:34:40	30.195424383000002	50.19464243	50	1	0	0	0	0
2024-09-01 23:34:50	30.178611083	50.18674943	50	1	0	0	0	0
2024-09-01 23:35:00	30.1689283365	50.1842586065	50	1	0	0	0	0
2024-09-01 23:35:10	30.1666671865	50.1873904565	50	1	0	0	0	0
2024-09-01 23:35:20	30.1557880635	50.1734265985	50	1	0	0	0	0
2024-09-01 23:35:30	30.135939213500002	50.1416692485	50	1	0	0	0	0
2024-09-01 23:35:40	30.0880131185	50.095230249	50	1	0	0	0	0
2024-09-01 23:35:50	30.0108637685	50.033510349	50	1	0	0	0	0
2024-09-01 23:36:00	29.9047842795	49.960964046	50	1	0	0	0	0
2024-09-01 23:36:10	29.7685938295	49.877149446	50	1	0	0	0	0
2024-09-01 23:36:20	29.691827664	49.83758312	50	1	0	0	0	0
2024-09-01 23:36:30	29.676911264	49.84407112	50	1	0	0	0	0
2024-09-01 23:36:40	29.681053708	49.854064653500004	50	1	0	0	0	0
2024-09-01 23:36:50	29.705032908	49.8677068035	50	1	0	0	0	0
2024-09-01 23:37:00	29.72664797821229	49.891255582681566	50	1	0	0	0	0
2024-09-01 23:37:10	29.7601682575419	49.95051016368715	50	1	0	0	0	0
2024-09-01 23:37:20	29.7997599165	49.979318310000004	50	1	0	0	0	0
2024-09-01 23:37:30	29.8456707665	49.97643731	50	1	0	0	0	0
2024-09-01 23:37:40	29.915314399	50.02154544	50	1	0	0	0	0
2024-09-01 23:37:50	30.009659499	50.116601440000004	50	1	0	0	0	0
2024-09-01 23:38:00	30.064179849000002	50.15762465	50	1	0	0	0	0
2024-09-01 23:38:10	30.077249949	50.142409650000005	50	1	0	0	0	0
2024-09-01 23:38:20	30.124054000999998	50.1714604905	50	1	0	0	0	0
2024-09-01 23:38:30	30.205968901	50.2465839405	50	1	0	0	0	0
2024-09-01 23:38:40	30.2892961525	50.299278522499996	50	1	0	0	0	0
2024-09-01 23:38:50	30.374093402499998	50.3286287725	50	1	0	0	0	0
2024-09-01 23:39:00	30.4131456	50.332878454	50	1	0	0	0	0
2024-09-01 23:39:10	30.4045856	50.311003054000004	50	1	0	0	0	0
2024-09-01 23:39:20	30.370967686	50.281010657	50	1	0	0	0	0
2024-09-01 23:39:30	30.311269086	50.242569957	50	1	0	0	0	0
2024-09-01 23:39:40	30.288182306	50.227611576	50	1	0	0	0	0
2024-09-01 23:39:50	30.303201706	50.237093976000004	50	1	0	0	0	0
2024-09-01 23:40:00	30.288593795	50.21716785	50	1	0	0	0	0
2024-09-01 23:40:10	30.243149295	50.166632850000006	50	1	0	0	0	0
2024-09-01 23:40:20	30.203255613	50.138735090500006	50	1	0	0	0	0
2024-09-01 23:40:30	30.169139313	50.1343985405	50	1	0	0	0	0
2024-09-01 23:40:40	30.1944974	50.1604277315	50	1	0	0	0	0
2024-09-01 23:40:50	30.2817574	50.2180620815	50	1	0	0	0	0
2024-09-01 23:41:00	30.338283081	50.254142728	50	1	0	0	0	0
2024-09-01 23:41:10	30.362819981	50.267789928	50	1	0	0	0	0
2024-09-01 23:41:20	30.3832405135	50.27370875	50	1	0	0	0	0
2024-09-01 23:41:30	30.3993766635	50.27158375	50	1	0	0	0	0
2024-09-01 23:41:40	30.3934352265	50.261024135	50	1	0	0	0	0
2024-09-01 23:41:50	30.3645150765	50.241685634999996	50	1	0	0	0	0
2024-09-01 23:42:00	30.351674252	50.233191815	50	1	0	0	0	0
2024-09-01 23:42:10	30.355569052	50.235985315	50	1	0	0	0	0
2024-09-01 23:42:20	30.355861126999997	50.2259521585	50	1	0	0	0	0
2024-09-01 23:42:30	30.352403427	50.2025688085	50	1	0	0	0	0
2024-09-01 23:42:40	30.33125805	50.1873570415	50	1	0	0	0	0
2024-09-01 23:42:50	30.29170305	50.1806503915	50	1	0	0	0	0
2024-09-01 23:43:00	30.2961754565	50.1915429	50	1	0	0	0	0
2024-09-01 23:43:10	30.3464723065	50.2207529	50	1	0	0	0	0
2024-09-01 23:43:20	30.389229698	50.2462163845	50	1	0	0	0	0
2024-09-01 23:43:30	30.424139898	50.2677804345	50	1	0	0	0	0
2024-09-01 23:43:40	30.4324370955	50.269437695499995	50	1	0	0	0	0
2024-09-01 23:43:50	30.4130350455	50.2503756455	50	1	0	0	0	0
2024-09-01 23:44:00	30.3862094955	50.22598242	50	1	0	0	0	0
2024-09-01 23:44:10	30.3516574455	50.19604042	50	1	0	0	0	0
2024-09-01 23:44:20	30.3227234905	50.17271195	50	1	0	0	0	0
2024-09-01 23:44:30	30.2996369405	50.15626695	50	1	0	0	0	0
2024-09-01 23:44:40	30.2776648955	50.13940055	50	1	0	0	0	0
2024-09-01 23:44:50	30.2568528455	50.12209555	50	1	0	0	0	0
2024-09-01 23:45:00	30.2301387945	50.101393968	50	1	0	0	0	0
2024-09-01 23:45:10	30.1972818445	50.077157168	50	1	0	0	0	0
2024-09-01 23:45:20	30.1712217825	50.056339881999996	50	1	0	0	0	0
2024-09-01 23:45:30	30.1522360325	50.039081681999996	50	1	0	0	0	0
2024-09-01 23:45:40	30.135301741	50.026491393499995	50	1	0	0	0	0
2024-09-01 23:45:50	30.120502641	50.018759543499996	50	1	0	0	0	0
2024-09-01 23:46:00	30.099928621500002	50.006052552	50	1	0	0	0	0
2024-09-01 23:46:10	30.0733439715	49.988167352000005	50	1	0	0	0	0
2024-09-01 23:46:20	30.04971875	49.9713214175	50	1	0	0	0	0
2024-09-01 23:46:30	30.029173749999998	49.955557167500004	50	1	0	0	0	0
2024-09-01 23:46:40	30.009451215	49.942674387000004	50	1	0	0	0	0
2024-09-01 23:46:50	29.990584715	49.932790687	50	1	0	0	0	0
2024-09-01 23:47:00	29.974361226	49.925447	50	1	0	0	0	0
2024-09-01 23:47:10	29.960888626	49.920747	50	1	0	0	0	0
2024-09-01 23:47:20	29.945848271	49.911989162999994	50	1	0	0	0	0
2024-09-01 23:47:30	29.929176170999998	49.899007862999994	50	1	0	0	0	0
2024-09-01 23:47:40	29.9309811135	49.902247425	50	1	0	0	0	0
2024-09-01 23:47:50	29.9520172635	49.922369925	50	1	0	0	0	0
2024-09-01 23:48:00	29.957002091499998	49.926807035	50	1	0	0	0	0
2024-09-01 23:48:10	29.9452804415	49.914918535	50	1	0	0	0	0
2024-09-01 23:48:20	29.938628062	49.909999354	50	1	0	0	0	0
2024-09-01 23:48:30	29.937251862	49.912333954000005	50	1	0	0	0	0
2024-09-01 23:48:40	29.9372888465	49.915655487500004	50	1	0	0	0	0
2024-09-01 23:48:50	29.9387966965	49.9200042375	50	1	0	0	0	0
2024-09-01 23:49:00	29.9469486035	49.924610948	50	1	0	0	0	0
2024-09-01 23:49:10	29.9620157535	49.929486148	50	1	0	0	0	0
2024-09-01 23:49:20	29.9597716935	49.9252466375	50	1	0	0	0	0
2024-09-01 23:49:30	29.9395098435	49.9115203875	50	1	0	0	0	0
2024-09-01 23:49:40	29.924329465000003	49.907409334	50	1	0	0	0	0
2024-09-01 23:49:50	29.914437965	49.913305934	50	1	0	0	0	0
2024-09-01 23:50:00	29.9114830765	49.913967766	50	1	0	0	0	0
2024-09-01 23:50:10	29.9157479265	49.909181165999996	50	1	0	0	0	0
2024-09-01 23:50:20	29.915082274	49.91052035	50	1	0	0	0	0
2024-09-01 23:50:30	29.909284874	49.91823535	50	1	0	0	0	0
2024-09-01 23:50:40	29.90947547	49.919836914	50	1	0	0	0	0
2024-09-01 23:50:50	29.915898470000002	49.915075514	50	1	0	0	0	0
2024-09-01 23:51:00	29.921187071	49.915355675	50	1	0	0	0	0
2024-09-01 23:51:10	29.925294971	49.920883175	50	1	0	0	0	0
2024-09-01 23:51:20	29.932240363	49.927278661	50	1	0	0	0	0
2024-09-01 23:51:30	29.942139063	49.934577561	50	1	0	0	0	0
2024-09-01 23:51:40	29.9425994565	49.931935635	50	1	0	0	0	0
2024-09-01 23:51:50	29.9332363065	49.918947135	50	1	0	0	0	0
2024-09-01 23:52:00	29.9289018305	49.9170838645	50	1	0	0	0	0
2024-09-01 23:52:10	29.9298012805	49.926799914499995	50	1	0	0	0	0
2024-09-01 23:52:20	29.937209621	49.940290802	50	1	0	0	0	0
2024-09-01 23:52:30	29.951392521	49.957710602	50	1	0	0	0	0
2024-09-01 23:52:40	29.9653899805	49.966188147000004	50	1	0	0	0	0
2024-09-01 23:52:50	29.9791944305	49.965358447	50	1	0	0	0	0
2024-09-01 23:53:00	29.978408812	49.960383788	50	1	0	0	0	0
2024-09-01 23:53:10	29.962437612	49.951094988	50	1	0	0	0	0
2024-09-01 23:53:20	29.9506657365	49.9445828955	50	1	0	0	0	0
2024-09-01 23:53:30	29.9432645865	49.9409608455	50	1	0	0	0	0
2024-09-01 23:53:40	29.929418589	49.932316418	50	1	0	0	0	0
2024-09-01 23:53:50	29.908864689	49.918444617999995	50	1	0	0	0	0
2024-09-01 23:54:00	29.887821671	49.9043762055	50	1	0	0	0	0
2024-09-01 23:54:10	29.866269571	49.8901031555	50	1	0	0	0	0
2024-09-01 23:54:20	29.849375533499998	49.881574351	50	1	0	0	0	0
2024-09-01 23:54:30	29.8373296835	49.879024251	50	1	0	0	0	0
2024-09-01 23:54:40	29.852818575	49.8925109935	50	1	0	0	0	0
2024-09-01 23:54:50	29.896966075	49.9226891435	50	1	0	0	0	0
2024-09-01 23:55:00	29.9234519415	49.9379565935	50	1	0	0	0	0
2024-09-01 23:55:10	29.9315552915	49.9377047435	50	1	0	0	0	0
2024-09-01 23:55:20	29.93144264	49.9385817065	50	1	0	0	0	0
2024-09-01 23:55:30	29.92277864	49.940633556499996	50	1	0	0	0	0
2024-09-01 23:55:40	29.928741483	49.95114925	50	1	0	0	0	0
2024-09-01 23:55:50	29.949928182999997	49.97047425	50	1	0	0	0	0
2024-09-01 23:56:00	29.981887631	49.995121336000004	50	1	0	0	0	0
2024-09-01 23:56:10	30.025059531	50.025307736	50	1	0	0	0	0
2024-09-01 23:56:20	30.0682145995	50.0522572695	50	1	0	0	0	0
2024-09-01 23:56:30	30.1113521495	50.0758378195	50	1	0	0	0	0
2024-09-01 23:56:40	30.1209193095	50.076490044500005	50	1	0	0	0	0
2024-09-01 23:56:50	30.0955458595	50.0532780945	50	1	0	0	0	0
2024-09-01 23:57:00	30.064656381499997	50.02525285	50	1	0	0	0	0
2024-09-01 23:57:10	30.028025731499998	49.992217849999996	50	1	0	0	0	0
2024-09-01 23:57:20	29.9806864255	49.96104975	50	1	0	0	0	0
2024-09-01 23:57:30	29.9222013755	49.93182475	50	1	0	0	0	0
2024-09-01 23:57:40	29.90288842	49.933085712499995	50	1	0	0	0	0
2024-09-01 23:57:50	29.92434642	49.9660769625	50	1	0	0	0	0
2024-09-01 23:58:00	29.938132906499998	49.972562887500004	50	1	0	0	0	0
2024-09-01 23:58:10	29.9439347565	49.9514616375	50	1	0	0	0	0
2024-09-01 23:58:20	29.9235987815	49.9354276	50	1	0	0	0	0
2024-09-01 23:58:30	29.8760581315	49.9246676	50	1	0	0	0	0
2024-09-01 23:58:40	29.885835599	49.938107058499995	50	1	0	0	0	0
2024-09-01 23:58:50	29.955270699	49.9767337085	50	1	0	0	0	0
2024-09-01 23:59:00	30.00002347	49.9981950215	50	1	0	0	0	0
2024-09-01 23:59:10	30.01908647	50.0017903715	50	1	0	0	0	0
2024-09-01 23:59:20	30.028113731	50.0078427775	50	1	0	0	0	0
2024-09-01 23:59:30	30.026695631	50.0164525275	50	1	0	0	0	0
2024-09-01 23:59:40	30.035551312	50.026531542499995	50	1	0	0	0	0
2024-09-01 23:59:50	30.055100111999998	50.0381397925	50	1	0	0	0	0
2024-09-02 00:00:00	30.06515575	50.0433047875	50	1	0	0	0	0
