PROCESSDATA	2411LIC30102 Data	yyyy-MM-dd HH:mm:ss
8	10	2024-08-29 21:55:00	751
tagname	2411LIC30102.MV	2411LIC30102.PV	2411LIC30102.SV	2411LIC30102.MODE	bOpOFL	bPvOFL	bSpOFL	bAutOFL
desc	气压机出口分离器D301液包_OP	气压机出口分离器D301液包_PV	气压机出口分离器D301液包_SP	Aut	bOpOFL	bPvOFL	bSpOFL	bAutOFL
fsMax=4.459179291749997	fsMin=0	fsGridNum=10	fdMax=4.459179291749997tfdMin=0	fdGridNum=10	v0GridNum=10	L=24
2024-08-29 21:55:00	35.4483326	48.77206121	49.0062943	1	0	0	0	0
2024-08-29 21:55:10	35.610592600000004	48.77618221	49.0062943	1	0	0	0	0
2024-08-29 21:55:20	35.77366255621891	48.782145174129354	49.0062943	1	0	0	0	0
2024-08-29 21:55:30	36.01691817810945	48.970462587064674	49.0062943	1	0	0	0	0
2024-08-29 21:55:40	36.2601738	49.15878	49.0062943	1	0	0	0	0
2024-08-29 21:55:50	36.57911489999999	49.24151655	49.0062943	1	0	0	0	0
2024-08-29 21:56:00	36.898056	49.3242531	49.0062943	1	0	0	0	0
2024-08-29 21:56:10	36.24653435	48.9894886	49.0062943	1	0	0	0	0
2024-08-29 21:56:20	35.5950127	48.6547241	49.0062943	1	0	0	0	0
2024-08-29 21:56:30	35.63743440854271	48.71374073316583	49.0062943	1	0	0	0	0
2024-08-29 21:56:40	35.681924590499996	48.773610964	49.0062943	1	0	0	0	0
2024-08-29 21:56:50	35.9311936405	48.917987364	49.0062943	1	0	0	0	0
2024-08-29 21:57:00	36.1816131165	49.062178720000006	49.0062943	1	0	0	0	0
2024-08-29 21:57:10	36.5459247665	49.18805072	49.0062943	1	0	0	0	0
2024-08-29 21:57:20	36.906131168499996	49.312264467999995	49.0062943	1	0	0	0	0
2024-08-29 21:57:30	36.8599180185	49.272311267999996	49.0062943	1	0	0	0	0
2024-08-29 21:57:40	36.814765602499996	49.2333511475	49.0062943	1	0	0	0	0
2024-08-29 21:57:50	36.874625852499996	49.2927058975	49.0062943	1	0	0	0	0
2024-08-29 21:58:00	36.9324422125	49.350194498	49.0062943	1	0	0	0	0
2024-08-29 21:58:10	36.7879134625	49.222934298	49.0062943	1	0	0	0	0
2024-08-29 21:58:20	36.64191974079602	49.09585167313433	49.0062943	1	0	0	0	0
2024-08-29 21:58:30	36.35089382039801	48.98634898656716	49.0062943	1	0	0	0	0
2024-08-29 21:58:40	36.0598679	48.8768463	49.0062943	1	0	0	0	0
2024-08-29 21:58:50	36.32382192010051	49.09553660150754	49.0062943	1	0	0	0	0
2024-08-29 21:59:00	36.586582518	49.311695315	49.0062943	1	0	0	0	0
2024-08-29 21:59:10	36.731194318	49.277226815	49.0062943	1	0	0	0	0
2024-08-29 21:59:20	36.874542600000005	49.243103725	49.0062943	1	0	0	0	0
2024-08-29 21:59:30	36.8928026	49.243176225	49.0062943	1	0	0	0	0
2024-08-29 21:59:40	36.9076939	49.2418057965	49.0062943	1	0	0	0	0
2024-08-29 21:59:50	36.5890839	49.0975854465	49.0062943	1	0	0	0	0
2024-08-29 22:00:00	36.274757711	48.9555082635	49.0062943	1	0	0	0	0
2024-08-29 22:00:10	36.384528811	49.0256046135	49.0062943	1	0	0	0	0
2024-08-29 22:00:20	36.495376039	49.09593545	49.0062943	1	0	0	0	0
2024-08-29 22:00:30	36.712759939	49.18948045	49.0062943	1	0	0	0	0
2024-08-29 22:00:40	36.92919855721393	49.282870718407956	49.0062943	1	0	0	0	0
2024-08-29 22:00:50	37.05205427860697	49.36094255920398	49.0062943	1	0	0	0	0
2024-08-29 22:01:00	37.17491	49.4390144	49.0062943	1	0	0	0	0
2024-08-29 22:01:10	37.10658743718593	49.33099711356784	49.0062943	1	0	0	0	0
2024-08-29 22:01:20	37.0334032095	49.221159171000004	49.0062943	1	0	0	0	0
2024-08-29 22:01:30	36.4789141595	48.931076271	49.0062943	1	0	0	0	0
2024-08-29 22:01:40	35.92818225323383	48.6438753920398	49.0062943	1	0	0	0	0
2024-08-29 22:01:50	35.74940757661691	48.6419945960199	49.0062943	1	0	0	0	0
2024-08-29 22:02:00	35.5706329	48.6401138	49.0062943	1	0	0	0	0
2024-08-29 22:02:10	35.86815631708542	48.75348877487437	49.0062943	1	0	0	0	0
2024-08-29 22:02:20	36.161389950248754	48.86464865671642	49.0062943	1	0	0	0	0
2024-08-29 22:02:30	36.02993497512438	48.75651432835821	49.0062943	1	0	0	0	0
2024-08-29 22:02:40	35.89848	48.64838	49.0062943	1	0	0	0	0
2024-08-29 22:02:50	35.80557547738693	48.66527788944724	49.0062943	1	0	0	0	0
2024-08-29 22:03:00	35.714875178	48.682843134500004	49.0062943	1	0	0	0	0
2024-08-29 22:03:10	35.842392978	48.7664765845	49.0062943	1	0	0	0	0
2024-08-29 22:03:20	35.971951888	48.851690864	49.0062943	1	0	0	0	0
2024-08-29 22:03:30	36.303580688	49.093407264	49.0062943	1	0	0	0	0
2024-08-29 22:03:40	36.634172062	49.3329657275	49.0062943	1	0	0	0	0
2024-08-29 22:03:50	36.862058262	49.3588884775	49.0062943	1	0	0	0	0
2024-08-29 22:04:00	37.088550229850746	49.38526122985075	49.0062943	1	0	0	0	0
2024-08-29 22:04:10	37.177013214925374	49.45618421492537	49.0062943	1	0	0	0	0
2024-08-29 22:04:20	37.2654762	49.5271072	49.0062943	1	0	0	0	0
2024-08-29 22:04:30	36.59450544623115	49.13685735075377	49.0062943	1	0	0	0	0
2024-08-29 22:04:40	35.933221021890546	48.75311903084577	49.0062943	1	0	0	0	0
2024-08-29 22:04:50	36.23088321094527	49.01402211542288	49.0062943	1	0	0	0	0
2024-08-29 22:05:00	36.5285454	49.2749252	49.0062943	1	0	0	0	0
2024-08-29 22:05:10	36.356736405025124	49.047374848241205	49.0062943	1	0	0	0	0
2024-08-29 22:05:20	36.182394001	48.82045665	49.0062943	1	0	0	0	0
2024-08-29 22:05:30	35.757244101	48.656121649999996	49.0062943	1	0	0	0	0
2024-08-29 22:05:40	35.3389119215	48.495016799999995	49.0062943	1	0	0	0	0
2024-08-29 22:05:50	35.5955340715	48.6536968	49.0062943	1	0	0	0	0
2024-08-29 22:06:00	35.850874067	48.8112961775	49.0062943	1	0	0	0	0
2024-08-29 22:06:10	35.979280767	48.8619139275	49.0062943	1	0	0	0	0
2024-08-29 22:06:20	36.105044783	48.911129922499995	49.0062943	1	0	0	0	0
2024-08-29 22:06:30	35.969183083	48.8215721725	49.0062943	1	0	0	0	0
2024-08-29 22:06:40	35.835283478499996	48.73379265	49.0062943	1	0	0	0	0
2024-08-29 22:06:50	35.895631328499995	48.82205765	49.0062943	1	0	0	0	0
2024-08-29 22:07:00	35.962753744	48.9126395	49.0062943	1	0	0	0	0
2024-08-29 22:07:10	36.700558144	49.232589499999996	49.0062943	1	0	0	0	0
2024-08-29 22:07:20	37.4300037275	49.548336	49.0062943	1	0	0	0	0
2024-08-29 22:07:30	37.331926477500005	49.447936	49.0062943	1	0	0	0	0
2024-08-29 22:07:40	37.2341192785	49.3484131	49.0062943	1	0	0	0	0
2024-08-29 22:07:50	37.1630471285	49.3357231	49.0062943	1	0	0	0	0
2024-08-29 22:08:00	37.0931908615	49.3231318	49.0062943	1	0	0	0	0
2024-08-29 22:08:10	37.1437070115	49.3203118	49.0062943	1	0	0	0	0
2024-08-29 22:08:20	37.188616259999996	49.3152446865	49.0062943	1	0	0	0	0
2024-08-29 22:08:30	37.188616259999996	49.3152446865	49.0062943	1	0	0	0	0
2024-08-29 22:08:40	36.67844226	49.0877133365	49.0062943	1	0	0	0	0
2024-08-29 22:08:50	36.168745578	48.860350042	49.0062943	1	0	0	0	0
2024-08-29 22:09:00	35.706303378	48.649624242	49.0062943	1	0	0	0	0
2024-08-29 22:09:10	35.2517182885	48.4429363715	49.0062943	1	0	0	0	0
2024-08-29 22:09:20	35.5749871385	48.6360035215	49.0062943	1	0	0	0	0
2024-08-29 22:09:30	35.89164965174129	48.824369490049754	49.0062943	1	0	0	0	0
2024-08-29 22:09:40	35.554284825870646	48.547318495024875	49.0062943	1	0	0	0	0
2024-08-29 22:09:50	35.21692	48.2702675	49.0062943	1	0	0	0	0
2024-08-29 22:10:00	34.93568381909548	48.277741118090454	49.0062943	1	0	0	0	0
2024-08-29 22:10:10	34.6574254095	48.2851058255	49.0062943	1	0	0	0	0
2024-08-29 22:10:20	34.6739663595	48.281688375499996	49.0062943	1	0	0	0	0
2024-08-29 22:10:30	34.6914316255	48.279577759	49.0062943	1	0	0	0	0
2024-08-29 22:10:40	34.8004041755	48.406843658999996	49.0062943	1	0	0	0	0
2024-08-29 22:10:50	34.911384079601994	48.53510351343284	49.0062943	1	0	0	0	0
2024-08-29 22:11:00	35.22109203980099	48.76176485671642	49.0062943	1	0	0	0	0
2024-08-29 22:11:10	35.5308	48.9884262	49.0062943	1	0	0	0	0
2024-08-29 22:11:20	36.47959335	49.3462381	49.0062943	1	0	0	0	0
2024-08-29 22:11:30	37.4283867	49.70405	49.0062943	1	0	0	0	0
2024-08-29 22:11:40	37.393590519095476	49.592548743718595	49.0062943	1	0	0	0	0
2024-08-29 22:11:50	37.3532331885	49.479708772	49.0062943	1	0	0	0	0
2024-08-29 22:12:00	36.7623220385	49.234335972	49.0062943	1	0	0	0	0
2024-08-29 22:12:10	36.175518620895524	48.990770375621885	49.0062943	1	0	0	0	0
2024-08-29 22:12:20	35.99538071044776	48.92611793781094	49.0062943	1	0	0	0	0
2024-08-29 22:12:30	35.8152428	48.8614655	49.0062943	1	0	0	0	0
2024-08-29 22:12:40	36.55450425728643	49.27374801256281	49.0062943	1	0	0	0	0
2024-08-29 22:12:50	37.2879717845	49.6807090265	49.0062943	1	0	0	0	0
2024-08-29 22:13:00	37.4478402345	49.5608416765	49.0062943	1	0	0	0	0
2024-08-29 22:13:10	37.603406517412935	49.44199852985074	49.0062943	1	0	0	0	0
2024-08-29 22:13:20	37.33305825870647	49.424551514925376	49.0062943	1	0	0	0	0
2024-08-29 22:13:30	37.06271	49.4071045	49.0062943	1	0	0	0	0
2024-08-29 22:13:40	37.01220246231156	49.346222841708546	49.0062943	1	0	0	0	0
2024-08-29 22:13:50	36.95823885	49.2840142305	49.0062943	1	0	0	0	0
2024-08-29 22:14:00	36.56212385	49.0904372805	49.0062943	1	0	0	0	0
2024-08-29 22:14:10	36.17266646766169	48.89992141641791	49.0062943	1	0	0	0	0
2024-08-29 22:14:20	36.442313233830845	49.012453058208955	49.0062943	1	0	0	0	0
2024-08-29 22:14:30	36.71196	49.1249847	49.0062943	1	0	0	0	0
2024-08-29 22:14:40	36.66213688442211	49.14048314221105	49.0062943	1	0	0	0	0
2024-08-29 22:14:50	36.615111766999995	49.15643348	49.0062943	1	0	0	0	0
2024-08-29 22:15:00	36.845088467	49.21712148	49.0062943	1	0	0	0	0
2024-08-29 22:15:10	37.07361839253731	49.27763749452737	49.0062943	1	0	0	0	0
2024-08-29 22:15:20	37.158917646268655	49.321126947263686	49.0062943	1	0	0	0	0
2024-08-29 22:15:30	37.2442169	49.3646164	49.0062943	1	0	0	0	0
2024-08-29 22:15:40	37.36765398542713	49.397102681407034	49.0062943	1	0	0	0	0
2024-08-29 22:15:50	37.48390861890547	49.42673222288557	49.0062943	1	0	0	0	0
2024-08-29 22:16:00	36.88910050945274	49.173544511442785	49.0062943	1	0	0	0	0
2024-08-29 22:16:10	36.2942924	48.9203568	49.0062943	1	0	0	0	0
2024-08-29 22:16:20	36.1671085	48.8568497	49.0062943	1	0	0	0	0
2024-08-29 22:16:30	36.0399246	48.7933426	49.0062943	1	0	0	0	0
2024-08-29 22:16:40	36.640789273366835	49.10431516281407	49.0062943	1	0	0	0	0
2024-08-29 22:16:50	37.2361294425	49.411327647	49.0062943	1	0	0	0	0
2024-08-29 22:17:00	37.2845436925	49.326292347	49.0062943	1	0	0	0	0
2024-08-29 22:17:10	37.32915965174129	49.24111580646766	49.0062943	1	0	0	0	0
2024-08-29 22:17:20	36.99774482587065	49.14195645323383	49.0062943	1	0	0	0	0
2024-08-29 22:17:30	36.66633	49.0427971	49.0062943	1	0	0	0	0
2024-08-29 22:17:40	36.4560612	48.90449855	49.0062943	1	0	0	0	0
2024-08-29 22:17:50	36.2457924	48.7662	49.0062943	1	0	0	0	0
2024-08-29 22:18:00	36.0079975	48.704105	49.0062943	1	0	0	0	0
2024-08-29 22:18:10	35.7702026	48.64201	49.0062943	1	0	0	0	0
2024-08-29 22:18:20	36.13689476080402	48.81656582914573	49.0062943	1	0	0	0	0
2024-08-29 22:18:30	36.4963936437811	48.98787378109453	49.0062943	1	0	0	0	0
2024-08-29 22:18:40	36.14375802189055	48.83764189054727	49.0062943	1	0	0	0	0
2024-08-29 22:18:50	35.7911224	48.68741	49.0062943	1	0	0	0	0
2024-08-29 22:19:00	35.8798812	48.861104999999995	49.0062943	1	0	0	0	0
2024-08-29 22:19:10	35.96864	49.0348	49.0062943	1	0	0	0	0
2024-08-29 22:19:20	35.87894447236181	48.88805628140704	49.0062943	1	0	0	0	0
2024-08-29 22:19:30	35.79232472636816	48.74302502487563	49.0062943	1	0	0	0	0
2024-08-29 22:19:40	36.01020736318408	48.76752751243781	49.0062943	1	0	0	0	0
2024-08-29 22:19:50	36.22809	48.79203	49.0062943	1	0	0	0	0
2024-08-29 22:20:00	36.000896180904526	48.725533668341704	49.0062943	1	0	0	0	0
2024-08-29 22:20:10	35.777039104477616	48.66143144278607	49.0062943	1	0	0	0	0
2024-08-29 22:20:20	35.88351955223881	48.834345721393035	49.0062943	1	0	0	0	0
2024-08-29 22:20:30	35.99	49.00726	49.0062943	1	0	0	0	0
2024-08-29 22:20:40	36.36235155	49.086527200000006	49.0062943	1	0	0	0	0
2024-08-29 22:20:50	36.7347031	49.1657944	49.0062943	1	0	0	0	0
2024-08-29 22:21:00	36.77941515	49.1417141	49.0062943	1	0	0	0	0
2024-08-29 22:21:10	36.8241272	49.1176338	49.0062943	1	0	0	0	0
2024-08-29 22:21:20	36.728590918592964	49.084023850251256	49.0062943	1	0	0	0	0
2024-08-29 22:21:30	36.63151775	49.050009	49.0062943	1	0	0	0	0
2024-08-29 22:21:40	36.38229275	48.975909	49.0062943	1	0	0	0	0
2024-08-29 22:21:50	36.137292764499996	48.9030415225	49.0062943	1	0	0	0	0
2024-08-29 22:22:00	36.3105692145	48.9521937725	49.0062943	1	0	0	0	0
2024-08-29 22:22:10	36.478223797	48.9988211135	49.0062943	1	0	0	0	0
2024-08-29 22:22:20	36.089313497	48.7954824635	49.0062943	1	0	0	0	0
2024-08-29 22:22:30	35.7066872625	48.596142951999994	49.0062943	1	0	0	0	0
2024-08-29 22:22:40	35.9461835125	48.792718152	49.0062943	1	0	0	0	0
2024-08-29 22:22:50	36.186709616	48.9893286945	49.0062943	1	0	0	0	0
2024-08-29 22:23:00	36.529191216	49.1894381445	49.0062943	1	0	0	0	0
2024-08-29 22:23:10	36.8700645395	49.3877410675	49.0062943	1	0	0	0	0
2024-08-29 22:23:20	37.0517184895	49.4071978175	49.0062943	1	0	0	0	0
2024-08-29 22:23:30	37.230566698009945	49.42486037164179	49.0062943	1	0	0	0	0
2024-08-29 22:23:40	37.13164649900497	49.26489753582089	49.0062943	1	0	0	0	0
2024-08-29 22:23:50	37.0327263	49.1049347	49.0062943	1	0	0	0	0
2024-08-29 22:24:00	36.93920554623116	49.16505932311558	49.0062943	1	0	0	0	0
2024-08-29 22:24:10	36.84499366069652	49.223555074626866	49.0062943	1	0	0	0	0
2024-08-29 22:24:20	36.68235973034826	49.120792537313434	49.0062943	1	0	0	0	0
2024-08-29 22:24:30	36.5197258	49.01803	49.0062943	1	0	0	0	0
2024-08-29 22:24:40	36.780928915577896	49.1452611557789	49.0062943	1	0	0	0	0
2024-08-29 22:24:50	37.040200810500004	49.271239785	49.0062943	1	0	0	0	0
2024-08-29 22:25:00	37.1082818605	49.273218285	49.0062943	1	0	0	0	0
2024-08-29 22:25:10	37.17202794228856	49.27353003781094	49.0062943	1	0	0	0	0
2024-08-29 22:25:20	36.80661217114428	49.108833818905474	49.0062943	1	0	0	0	0
2024-08-29 22:25:30	36.4411964	48.9441376	49.0062943	1	0	0	0	0
2024-08-29 22:25:40	36.50813574673367	49.01801619296482	49.0062943	1	0	0	0	0
2024-08-29 22:25:50	36.57519031293533	49.09115717661691	49.0062943	1	0	0	0	0
2024-08-29 22:26:00	36.65365160646766	49.09127483830846	49.0062943	1	0	0	0	0
2024-08-29 22:26:10	36.7321129	49.0913925	49.0062943	1	0	0	0	0
2024-08-29 22:26:20	36.586174859798994	48.96281993718593	49.0062943	1	0	0	0	0
2024-08-29 22:26:30	36.4352244895	48.8330549205	49.0062943	1	0	0	0	0
2024-08-29 22:26:40	35.788053439500004	48.5852369705	49.0062943	1	0	0	0	0
2024-08-29 22:26:50	35.14648858159204	48.33984979104478	49.0062943	1	0	0	0	0
2024-08-29 22:27:00	35.05993674079602	48.33510889552239	49.0062943	1	0	0	0	0
2024-08-29 22:27:10	34.9733849	48.330368	49.0062943	1	0	0	0	0
2024-08-29 22:27:20	35.259630930150756	48.464511165829144	49.0062943	1	0	0	0	0
2024-08-29 22:27:30	35.542096183084574	48.596908805970145	49.0062943	1	0	0	0	0
2024-08-29 22:27:40	35.45026449154229	48.556499402985075	49.0062943	1	0	0	0	0
2024-08-29 22:27:50	35.3584328	48.51609	49.0062943	1	0	0	0	0
2024-08-29 22:28:00	35.875506400000006	48.8232134	49.0062943	1	0	0	0	0
2024-08-29 22:28:10	36.39258	49.1303368	49.0062943	1	0	0	0	0
2024-08-29 22:28:20	36.86814785	49.2542584	49.0062943	1	0	0	0	0
2024-08-29 22:28:30	37.3437157	49.37818	49.0062943	1	0	0	0	0
2024-08-29 22:28:40	37.21818911708542	49.41262221105528	49.0062943	1	0	0	0	0
2024-08-29 22:28:50	37.093503911	49.44541278	49.0062943	1	0	0	0	0
2024-08-29 22:29:00	37.052115011	49.31469078	49.0062943	1	0	0	0	0
2024-08-29 22:29:10	37.00372650049751	49.18191515721393	49.0062943	1	0	0	0	0
2024-08-29 22:29:20	36.26237655024875	48.84583087860697	49.0062943	1	0	0	0	0
2024-08-29 22:29:30	35.5210266	48.5097466	49.0062943	1	0	0	0	0
2024-08-29 22:29:40	35.6266823	48.5859883	49.0062943	1	0	0	0	0
2024-08-29 22:29:50	35.732338	48.66223	49.0062943	1	0	0	0	0
2024-08-29 22:30:00	35.5653520201005	48.623727487437186	49.0062943	1	0	0	0	0
2024-08-29 22:30:10	35.403745158999996	48.587165611500005	49.0062943	1	0	0	0	0
2024-08-29 22:30:20	35.774671059	48.7427267615	49.0062943	1	0	0	0	0
2024-08-29 22:30:30	36.1414449615	48.896416615	49.0062943	1	0	0	0	0
2024-08-29 22:30:40	36.097171111499996	48.864848115	49.0062943	1	0	0	0	0
2024-08-29 22:30:50	36.053504	48.834784673499996	49.0062943	1	0	0	0	0
2024-08-29 22:31:00	36.069904	48.9537220235	49.0062943	1	0	0	0	0
2024-08-29 22:31:10	36.0847270725	49.07017935	49.0062943	1	0	0	0	0
2024-08-29 22:31:20	35.943434322499996	48.94111435	49.0062943	1	0	0	0	0
2024-08-29 22:31:30	35.809267948756215	48.815421663184075	49.0062943	1	0	0	0	0
2024-08-29 22:31:40	36.38061282437811	49.02358798159204	49.0062943	1	0	0	0	0
2024-08-29 22:31:50	36.9519577	49.2317543	49.0062943	1	0	0	0	0
2024-08-29 22:32:00	36.356950749999996	48.992145550000004	49.0062943	1	0	0	0	0
2024-08-29 22:32:10	35.7619438	48.7525368	49.0062943	1	0	0	0	0
2024-08-29 22:32:20	35.55990671457286	48.698274136683416	49.0062943	1	0	0	0	0
2024-08-29 22:32:30	35.36375785	48.64642149	49.0062943	1	0	0	0	0
2024-08-29 22:32:40	35.75054285	48.83316049	49.0062943	1	0	0	0	0
2024-08-29 22:32:50	36.13725329452736	49.019511006965175	49.0062943	1	0	0	0	0
2024-08-29 22:33:00	36.51658274726368	49.16740170348258	49.0062943	1	0	0	0	0
2024-08-29 22:33:10	36.8959122	49.3152924	49.0062943	1	0	0	0	0
2024-08-29 22:33:20	37.312135918592965	49.55555119396985	49.0062943	1	0	0	0	0
2024-08-29 22:33:30	37.724606318407965	49.79191646766169	49.0062943	1	0	0	0	0
2024-08-29 22:33:40	37.76549815920398	49.642823233830846	49.0062943	1	0	0	0	0
2024-08-29 22:33:50	37.80639	49.49373	49.0062943	1	0	0	0	0
2024-08-29 22:34:00	36.798870351758794	49.082999497487435	49.0062943	1	0	0	0	0
2024-08-29 22:34:10	35.8055864442786	48.67938474875622	49.0062943	1	0	0	0	0
2024-08-29 22:34:20	36.221640872139304	48.98022962437811	49.0062943	1	0	0	0	0
2024-08-29 22:34:30	36.6376953	49.2810745	49.0062943	1	0	0	0	0
2024-08-29 22:34:40	36.86432283768844	49.292668118090454	49.0062943	1	0	0	0	0
2024-08-29 22:34:50	37.08790079	49.303460089	49.0062943	1	0	0	0	0
2024-08-29 22:35:00	37.00956979	49.234888989	49.0062943	1	0	0	0	0
2024-08-29 22:35:10	36.926094804499996	49.164318911500004	49.0062943	1	0	0	0	0
2024-08-29 22:35:20	36.3333652545	48.8958500615	49.0062943	1	0	0	0	0
2024-08-29 22:35:30	35.7450795975	48.6307043705	49.0062943	1	0	0	0	0
2024-08-29 22:35:40	35.5967393475	48.6945514205	49.0062943	1	0	0	0	0
2024-08-29 22:35:50	35.453968365	48.758816499999995	49.0062943	1	0	0	0	0
2024-08-29 22:36:00	35.862554865	48.8644665	49.0062943	1	0	0	0	0
2024-08-29 22:36:10	36.267270472499995	48.969454987999995	49.0062943	1	0	0	0	0
2024-08-29 22:36:20	36.2887677225	49.008953788	49.0062943	1	0	0	0	0
2024-08-29 22:36:30	36.30743655771144	49.04649883084577	49.0062943	1	0	0	0	0
2024-08-29 22:36:40	36.04609232885572	48.890621915422884	49.0062943	1	0	0	0	0
2024-08-29 22:36:50	35.7847481	48.734745	49.0062943	1	0	0	0	0
2024-08-29 22:37:00	35.78384905	48.74002645	49.0062943	1	0	0	0	0
2024-08-29 22:37:10	35.78295	48.7453079	49.0062943	1	0	0	0	0
2024-08-29 22:37:20	35.73354296482412	48.76608553819096	49.0062943	1	0	0	0	0
2024-08-29 22:37:30	35.68917810945273	48.78958937661692	49.0062943	1	0	0	0	0
2024-08-29 22:37:40	36.14398905472637	49.08298703830846	49.0062943	1	0	0	0	0
2024-08-29 22:37:50	36.5988	49.3763847	49.0062943	1	0	0	0	0
2024-08-29 22:38:00	36.61569618090452	49.24859620753769	49.0062943	1	0	0	0	0
2024-08-29 22:38:10	36.627299683000004	49.119765922	49.0062943	1	0	0	0	0
2024-08-29 22:38:20	36.114927983	48.887798122	49.0062943	1	0	0	0	0
2024-08-29 22:38:30	35.61090315	48.6597429	49.0062943	1	0	0	0	0
2024-08-29 22:38:40	35.93321815	48.8190329	49.0062943	1	0	0	0	0
2024-08-29 22:38:50	36.24909247263682	48.9748538920398	49.0062943	1	0	0	0	0
2024-08-29 22:39:00	35.92733973631841	48.78724309601991	49.0062943	1	0	0	0	0
2024-08-29 22:39:10	35.605587	48.5996323	49.0062943	1	0	0	0	0
2024-08-29 22:39:20	35.391672150000005	48.562866150000005	49.0062943	1	0	0	0	0
2024-08-29 22:39:30	35.1777573	48.5261	49.0062943	1	0	0	0	0
2024-08-29 22:39:40	34.95532403366835	48.498218291457285	49.0062943	1	0	0	0	0
2024-08-29 22:39:50	34.7361684079602	48.47033472636816	49.0062943	1	0	0	0	0
2024-08-29 22:40:00	34.8414992039801	48.44226736318408	49.0062943	1	0	0	0	0
2024-08-29 22:40:10	34.94683	48.4142	49.0062943	1	0	0	0	0
2024-08-29 22:40:20	34.969649095477386	48.57098015075377	49.0062943	1	0	0	0	0
2024-08-29 22:40:30	35.0025120305	48.730706126	49.0062943	1	0	0	0	0
2024-08-29 22:40:40	36.0297150805	49.182068726000004	49.0062943	1	0	0	0	0
2024-08-29 22:40:50	37.0486824195	49.628057011500005	49.0062943	1	0	0	0	0
2024-08-29 22:41:00	37.2523143695	49.5419881615	49.0062943	1	0	0	0	0
2024-08-29 22:41:10	37.4485981	49.455455534500004	49.0062943	1	0	0	0	0
2024-08-29 22:41:20	36.9174081	49.3230089845	49.0062943	1	0	0	0	0
2024-08-29 22:41:30	36.393057150000004	49.1922964155	49.0062943	1	0	0	0	0
2024-08-29 22:41:40	36.54577215	49.2332479655	49.0062943	1	0	0	0	0
2024-08-29 22:41:50	36.6917444335	49.271110586999995	49.0062943	1	0	0	0	0
2024-08-29 22:42:00	36.1701877835	49.003169287	49.0062943	1	0	0	0	0
2024-08-29 22:42:10	35.65557726368159	48.73964957810945	49.0062943	1	0	0	0	0
2024-08-29 22:42:20	35.8286336318408	48.91386738905473	49.0062943	1	0	0	0	0
2024-08-29 22:42:30	36.00169	49.0880852	49.0062943	1	0	0	0	0
2024-08-29 22:42:40	36.052310000000006	49.0117245	49.0062943	1	0	0	0	0
2024-08-29 22:42:50	36.10293	48.9353638	49.0062943	1	0	0	0	0
2024-08-29 22:43:00	35.97018335	48.782249449999995	49.0062943	1	0	0	0	0
2024-08-29 22:43:10	35.8374367	48.6291351	49.0062943	1	0	0	0	0
2024-08-29 22:43:20	35.838518760301504	48.80596454723618	49.0062943	1	0	0	0	0
2024-08-29 22:43:30	35.84187925	48.9816063925	49.0062943	1	0	0	0	0
2024-08-29 22:43:40	36.07080425	49.0396756425	49.0062943	1	0	0	0	0
2024-08-29 22:43:50	36.29886625820896	49.09772024875622	49.0062943	1	0	0	0	0
2024-08-29 22:44:00	36.44149207910448	49.153325124378114	49.0062943	1	0	0	0	0
2024-08-29 22:44:10	36.5841179	49.20893	49.0062943	1	0	0	0	0
2024-08-29 22:44:20	36.522668949999996	49.17250775	49.0062943	1	0	0	0	0
2024-08-29 22:44:30	36.46122	49.1360855	49.0062943	1	0	0	0	0
2024-08-29 22:44:40	36.22314	49.02856065	49.0062943	1	0	0	0	0
2024-08-29 22:44:50	35.98506	48.9210358	49.0062943	1	0	0	0	0
2024-08-29 22:45:00	36.11892603015075	49.07410323718593	49.0062943	1	0	0	0	0
2024-08-29 22:45:10	36.257047283000006	49.2274167685	49.0062943	1	0	0	0	0
2024-08-29 22:45:20	36.816435583	49.4050936185	49.0062943	1	0	0	0	0
2024-08-29 22:45:30	37.37112507462687	49.58134165323383	49.0062943	1	0	0	0	0
2024-08-29 22:45:40	37.46063253731343	49.616136976616914	49.0062943	1	0	0	0	0
2024-08-29 22:45:50	37.55014	49.6509323	49.0062943	1	0	0	0	0
2024-08-29 22:46:00	37.15561040201005	49.47173737537688	49.0062943	1	0	0	0	0
2024-08-29 22:46:10	36.768337791	49.295043928	49.0062943	1	0	0	0	0
2024-08-29 22:46:20	37.099506891	49.365996728	49.0062943	1	0	0	0	0
2024-08-29 22:46:30	37.423138457711445	49.43450800995025	49.0062943	1	0	0	0	0
2024-08-29 22:46:40	37.00055422885572	49.261309004975125	49.0062943	1	0	0	0	0
2024-08-29 22:46:50	36.57797	49.08811	49.0062943	1	0	0	0	0
2024-08-29 22:47:00	36.202164120603015	48.862808492462314	49.0062943	1	0	0	0	0
2024-08-29 22:47:10	35.8264167185	48.638796150000005	49.0062943	1	0	0	0	0
2024-08-29 22:47:20	35.456458568500004	48.54241115	49.0062943	1	0	0	0	0
2024-08-29 22:47:30	35.09141795	48.4484634125	49.0062943	1	0	0	0	0
2024-08-29 22:47:40	35.21321295	48.5958046625	49.0062943	1	0	0	0	0
2024-08-29 22:47:50	35.3397193355	48.7436444505	49.0062943	1	0	0	0	0
2024-08-29 22:48:00	35.932652885500005	48.940839500500005	49.0062943	1	0	0	0	0
2024-08-29 22:48:10	36.516777761194035	49.133659967164185	49.0062943	1	0	0	0	0
2024-08-29 22:48:20	36.22884388059702	48.89339668358209	49.0062943	1	0	0	0	0
2024-08-29 22:48:30	35.94091	48.6531334	49.0062943	1	0	0	0	0
2024-08-29 22:48:40	35.730912060301506	48.705583952763824	49.0062943	1	0	0	0	0
2024-08-29 22:48:50	35.523906150746264	48.756797036815925	49.0062943	1	0	0	0	0
2024-08-29 22:49:00	35.61311122537313	48.68550071840796	49.0062943	1	0	0	0	0
2024-08-29 22:49:10	35.7023163	48.6142044	49.0062943	1	0	0	0	0
2024-08-29 22:49:20	35.71911439045226	48.728945907537685	49.0062943	1	0	0	0	0
2024-08-29 22:49:30	35.737749047	48.8428268	49.0062943	1	0	0	0	0
2024-08-29 22:49:40	35.938203747	48.8715068	49.0062943	1	0	0	0	0
2024-08-29 22:49:50	36.1336318305	48.899130400000004	49.0062943	1	0	0	0	0
2024-08-29 22:50:00	35.8314248805	48.822170400000005	49.0062943	1	0	0	0	0
2024-08-29 22:50:10	35.52897855721393	48.74498810945274	49.0062943	1	0	0	0	0
2024-08-29 22:50:20	35.202834278606964	48.64579905472637	49.0062943	1	0	0	0	0
2024-08-29 22:50:30	34.87669	48.54661	49.0062943	1	0	0	0	0
2024-08-29 22:50:40	35.345247788944725	48.70258216080402	49.0062943	1	0	0	0	0
2024-08-29 22:50:50	35.80829565	48.8574805925	49.0062943	1	0	0	0	0
2024-08-29 22:51:00	35.72586065	48.9060798425	49.0062943	1	0	0	0	0
2024-08-29 22:51:10	35.64728435	48.9553242345	49.0062943	1	0	0	0	0
2024-08-29 22:51:20	35.95071935	49.0684376845	49.0062943	1	0	0	0	0
2024-08-29 22:51:30	36.2482256825	49.178356076499995	49.0062943	1	0	0	0	0
2024-08-29 22:51:40	35.9587939325	48.9719637265	49.0062943	1	0	0	0	0
2024-08-29 22:51:50	35.67535019900498	48.769829800995026	49.0062943	1	0	0	0	0
2024-08-29 22:52:00	35.98472009950249	48.989279900497515	49.0062943	1	0	0	0	0
2024-08-29 22:52:10	36.29409	49.20873	49.0062943	1	0	0	0	0
2024-08-29 22:52:20	36.23343645	49.140078200000005	49.0062943	1	0	0	0	0
2024-08-29 22:52:30	36.1727829	49.0714264	49.0062943	1	0	0	0	0
2024-08-29 22:52:40	36.138257020603014	49.08298097286432	49.0062943	1	0	0	0	0
2024-08-29 22:52:50	36.106462117999996	49.0944576	49.0062943	1	0	0	0	0
2024-08-29 22:53:00	36.345033918	49.0982176	49.0062943	1	0	0	0	0
2024-08-29 22:53:10	36.57868646766169	49.1017659482587	49.0062943	1	0	0	0	0
2024-08-29 22:53:20	36.32533323383085	49.08436077412935	49.0062943	1	0	0	0	0
2024-08-29 22:53:30	36.07198	49.0669556	49.0062943	1	0	0	0	0
2024-08-29 22:53:40	35.91423125628141	48.97343519798995	49.0062943	1	0	0	0	0
2024-08-29 22:53:50	35.758473077	48.8808442675	49.0062943	1	0	0	0	0
2024-08-29 22:54:00	35.799780777	48.8802710175	49.0062943	1	0	0	0	0
2024-08-29 22:54:10	35.84151121691543	48.88004845771144	49.0062943	1	0	0	0	0
2024-08-29 22:54:20	35.925092908457714	48.91454422885572	49.0062943	1	0	0	0	0
2024-08-29 22:54:30	36.0086746	48.94904	49.0062943	1	0	0	0	0
2024-08-29 22:54:40	35.947672288442206	48.93163798994974	49.0062943	1	0	0	0	0
2024-08-29 22:54:50	35.88649547263681	48.91347999004975	49.0062943	1	0	0	0	0
2024-08-29 22:55:00	35.808042736318406	48.82047899502487	49.0062943	1	0	0	0	0
2024-08-29 22:55:10	35.72959	48.727478	49.0062943	1	0	0	0	0
2024-08-29 22:55:20	35.49909753768844	48.707265889447235	49.0062943	1	0	0	0	0
2024-08-29 22:55:30	35.27462495	48.6896400475	49.0062943	1	0	0	0	0
2024-08-29 22:55:40	35.64611995	48.928054797499996	49.0062943	1	0	0	0	0
2024-08-29 22:55:50	36.01535144278607	49.16421418855721	49.0062943	1	0	0	0	0
2024-08-29 22:56:00	36.16049572139303	49.17709304427861	49.0062943	1	0	0	0	0
2024-08-29 22:56:10	36.30564	49.1899719	49.0062943	1	0	0	0	0
2024-08-29 22:56:20	36.803945	49.41019595	49.0062943	1	0	0	0	0
2024-08-29 22:56:30	37.30225	49.63042	49.0062943	1	0	0	0	0
2024-08-29 22:56:40	36.908772613065324	49.41654236180904	49.0062943	1	0	0	0	0
2024-08-29 22:56:50	36.5184664685	49.2046277185	49.0062943	1	0	0	0	0
2024-08-29 22:57:00	36.4421133185	49.1870495685	49.0062943	1	0	0	0	0
2024-08-29 22:57:10	36.364983669000004	49.168523848	49.0062943	1	0	0	0	0
2024-08-29 22:57:20	36.210980569	49.056188648	49.0062943	1	0	0	0	0
2024-08-29 22:57:30	36.05582199004975	48.94467424328358	49.0062943	1	0	0	0	0
2024-08-29 22:57:40	35.78627099502488	48.91441857164179	49.0062943	1	0	0	0	0
2024-08-29 22:57:50	35.51672	48.8841629	49.0062943	1	0	0	0	0
2024-08-29 22:58:00	35.62330904522613	48.85828812613065	49.0062943	1	0	0	0	0
2024-08-29 22:58:10	35.728696865671644	48.83290234825871	49.0062943	1	0	0	0	0
2024-08-29 22:58:20	35.71516343283582	48.855927174129356	49.0062943	1	0	0	0	0
2024-08-29 22:58:30	35.70163	48.878952	49.0062943	1	0	0	0	0
2024-08-29 22:58:40	35.489396532663314	48.74920727638191	49.0062943	1	0	0	0	0
2024-08-29 22:58:50	35.278242973	48.621087233999994	49.0062943	1	0	0	0	0
2024-08-29 22:59:00	35.174000273	48.653810633999996	49.0062943	1	0	0	0	0
2024-08-29 22:59:10	35.0738841	48.6872196975	49.0062943	1	0	0	0	0
2024-08-29 22:59:20	35.3822941	48.7885094475	49.0062943	1	0	0	0	0
2024-08-29 22:59:30	35.687307663000006	48.8883493685	49.0062943	1	0	0	0	0
2024-08-29 22:59:40	35.656073963000004	48.8446562185	49.0062943	1	0	0	0	0
2024-08-29 22:59:50	35.6256643225	48.8022044395	49.0062943	1	0	0	0	0
2024-08-29 23:00:00	35.6768365725	48.8826483895	49.0062943	1	0	0	0	0
2024-08-29 23:00:10	35.73001194029851	48.96459850746269	49.0062943	1	0	0	0	0
2024-08-29 23:00:20	35.981495970149254	49.19565925373134	49.0062943	1	0	0	0	0
2024-08-29 23:00:30	36.23298	49.42672	49.0062943	1	0	0	0	0
2024-08-29 23:00:40	37.21924130653266	49.7054687437186	49.0062943	1	0	0	0	0
2024-08-29 23:00:50	38.1919379345	49.979092067500005	49.0062943	1	0	0	0	0
2024-08-29 23:01:00	37.8217313845	49.7452988175	49.0062943	1	0	0	0	0
2024-08-29 23:01:10	37.4519851895	49.5131262225	49.0062943	1	0	0	0	0
2024-08-29 23:01:20	37.127814139499996	49.4413984725	49.0062943	1	0	0	0	0
2024-08-29 23:01:30	36.806433225999996	49.370082099499996	49.0062943	1	0	0	0	0
2024-08-29 23:01:40	36.761275825999995	49.339492049499995	49.0062943	1	0	0	0	0
2024-08-29 23:01:50	36.714676888999996	49.308095660499994	49.0062943	1	0	0	0	0
2024-08-29 23:02:00	36.525365789	49.1968717105	49.0062943	1	0	0	0	0
2024-08-29 23:02:10	36.336229911000004	49.0860321	49.0062943	1	0	0	0	0
2024-08-29 23:02:20	36.164441011	49.0132421	49.0062943	1	0	0	0	0
2024-08-29 23:02:30	35.997398700000005	48.943295923	49.0062943	1	0	0	0	0
2024-08-29 23:02:40	36.300268700000004	49.154888223	49.0062943	1	0	0	0	0
2024-08-29 23:02:50	36.604581221000004	49.365389762	49.0062943	1	0	0	0	0
2024-08-29 23:03:00	37.051703321	49.467905962	49.0062943	1	0	0	0	0
2024-08-29 23:03:10	37.491010229	49.567276543000006	49.0062943	1	0	0	0	0
2024-08-29 23:03:20	37.156613129	49.355230843	49.0062943	1	0	0	0	0
2024-08-29 23:03:30	36.819269950000006	49.141870332	49.0062943	1	0	0	0	0
2024-08-29 23:03:40	36.19026495	48.798343532000004	49.0062943	1	0	0	0	0
2024-08-29 23:03:50	35.566716721	48.459204140000004	49.0062943	1	0	0	0	0
2024-08-29 23:04:00	35.483388821	48.55441814	49.0062943	1	0	0	0	0
2024-08-29 23:04:10	35.405009991	48.6504	49.0062943	1	0	0	0	0
2024-08-29 23:04:20	35.816589091	48.8224	49.0062943	1	0	0	0	0
2024-08-29 23:04:30	36.223457021499996	48.991970865	49.0062943	1	0	0	0	0
2024-08-29 23:04:40	36.1639191715	48.921057365	49.0062943	1	0	0	0	0
2024-08-29 23:04:50	36.1009517935	48.848868422500004	49.0062943	1	0	0	0	0
2024-08-29 23:05:00	35.6984611435	48.6504106725	49.0062943	1	0	0	0	0
2024-08-29 23:05:10	35.297949063	48.45384919	49.0062943	1	0	0	0	0
2024-08-29 23:05:20	35.093315363	48.44501819	49.0062943	1	0	0	0	0
2024-08-29 23:05:30	34.8916957885	48.43602846	49.0062943	1	0	0	0	0
2024-08-29 23:05:40	34.9884746385	48.41132446	49.0062943	1	0	0	0	0
2024-08-29 23:05:50	35.08527084577115	48.38863905472637	49.0062943	1	0	0	0	0
2024-08-29 23:06:00	35.18378542288557	48.56579452736319	49.0062943	1	0	0	0	0
2024-08-29 23:06:10	35.2823	48.74295	49.0062943	1	0	0	0	0
2024-08-29 23:06:20	35.366275	48.76656	49.0062943	1	0	0	0	0
2024-08-29 23:06:30	35.45025	48.79017	49.0062943	1	0	0	0	0
2024-08-29 23:06:40	35.7825	48.95520845	49.0062943	1	0	0	0	0
2024-08-29 23:06:50	36.11475	49.1202469	49.0062943	1	0	0	0	0
2024-08-29 23:07:00	35.9607735	49.07456845	49.0062943	1	0	0	0	0
2024-08-29 23:07:10	35.806797	49.02889	49.0062943	1	0	0	0	0
2024-08-29 23:07:20	35.8346285	49.00563685	49.0062943	1	0	0	0	0
2024-08-29 23:07:30	35.86246	48.9823837	49.0062943	1	0	0	0	0
2024-08-29 23:07:40	36.04612	49.11719895	49.0062943	1	0	0	0	0
2024-08-29 23:07:50	36.22978	49.2520142	49.0062943	1	0	0	0	0
2024-08-29 23:08:00	36.24843472361809	49.24820907437186	49.0062943	1	0	0	0	0
2024-08-29 23:08:10	36.2688883165	49.244902689999996	49.0062943	1	0	0	0	0
2024-08-29 23:08:20	36.4674299665	49.29097169	49.0062943	1	0	0	0	0
2024-08-29 23:08:30	36.6667996535	49.337874985999996	49.0062943	1	0	0	0	0
2024-08-29 23:08:40	36.9481450035	49.467373586	49.0062943	1	0	0	0	0
2024-08-29 23:08:50	37.22995438955224	49.59618378109453	49.0062943	1	0	0	0	0
2024-08-29 23:09:00	37.557703344776115	49.65684189054726	49.0062943	1	0	0	0	0
2024-08-29 23:09:10	37.8854523	49.7175	49.0062943	1	0	0	0	0
2024-08-29 23:09:20	37.566986420603016	49.62957155778895	49.0062943	1	0	0	0	0
2024-08-29 23:09:30	37.249962608000004	49.541500888	49.0062943	1	0	0	0	0
2024-08-29 23:09:40	37.075703408	49.439349688	49.0062943	1	0	0	0	0
2024-08-29 23:09:50	36.900766666	49.336627739	49.0062943	1	0	0	0	0
2024-08-29 23:10:00	36.658753266	49.177401638999996	49.0062943	1	0	0	0	0
2024-08-29 23:10:10	36.4135351	49.01760956099999	49.0062943	1	0	0	0	0
2024-08-29 23:10:20	35.8510451	48.801785661	49.0062943	1	0	0	0	0
2024-08-29 23:10:30	35.296047849999994	48.588888869	49.0062943	1	0	0	0	0
2024-08-29 23:10:40	35.482832849999994	48.665775769	49.0062943	1	0	0	0	0
2024-08-29 23:10:50	35.668942977	48.741350381	49.0062943	1	0	0	0	0
2024-08-29 23:11:00	35.788240677	48.687008481	49.0062943	1	0	0	0	0
2024-08-29 23:11:10	35.90510425671642	48.633669373134325	49.0062943	1	0	0	0	0
2024-08-29 23:11:20	35.78098992835821	48.67960668656716	49.0062943	1	0	0	0	0
2024-08-29 23:11:30	35.6568756	48.725544	49.0062943	1	0	0	0	0
2024-08-29 23:11:40	35.8981514	49.0034008	49.0062943	1	0	0	0	0
2024-08-29 23:11:50	36.1394272	49.2812576	49.0062943	1	0	0	0	0
2024-08-29 23:12:00	36.47727518994975	49.277446745728646	49.0062943	1	0	0	0	0
2024-08-29 23:12:10	36.8081085875	49.2725208935	49.0062943	1	0	0	0	0
2024-08-29 23:12:20	36.4444973375	49.157210243499996	49.0062943	1	0	0	0	0
2024-08-29 23:12:30	36.08588962686567	49.04294645771144	49.0062943	1	0	0	0	0
2024-08-29 23:12:40	36.22263231343284	49.03232222885572	49.0062943	1	0	0	0	0
2024-08-29 23:12:50	36.359375	49.021698	49.0062943	1	0	0	0	0
2024-08-29 23:13:00	36.03076947236181	48.84503724623116	49.0062943	1	0	0	0	0
2024-08-29 23:13:10	35.705369577	48.6710321155	49.0062943	1	0	0	0	0
2024-08-29 23:13:20	35.697327277	48.7599336655	49.0062943	1	0	0	0	0
2024-08-29 23:13:30	35.694431423	48.850095219	49.0062943	1	0	0	0	0
2024-08-29 23:13:40	36.201033723	49.064997119	49.0062943	1	0	0	0	0
2024-08-29 23:13:50	36.700391989	49.2766442	49.0062943	1	0	0	0	0
2024-08-29 23:14:00	36.482590889	49.1660642	49.0062943	1	0	0	0	0
2024-08-29 23:14:10	36.266393930348265	49.05730126567164	49.0062943	1	0	0	0	0
2024-08-29 23:14:20	36.20900696517413	49.12842783283582	49.0062943	1	0	0	0	0
2024-08-29 23:14:30	36.15162	49.1995544	49.0062943	1	0	0	0	0
2024-08-29 23:14:40	36.34948432160804	49.168069776884415	49.0062943	1	0	0	0	0
2024-08-29 23:14:50	36.54419545	49.136003879499995	49.0062943	1	0	0	0	0
2024-08-29 23:15:00	36.42674045	49.046391829499996	49.0062943	1	0	0	0	0
2024-08-29 23:15:10	36.308189278	48.9574621055	49.0062943	1	0	0	0	0
2024-08-29 23:15:20	36.081117078	48.9360826555	49.0062943	1	0	0	0	0
2024-08-29 23:15:30	35.856409499	48.914984915000005	49.0062943	1	0	0	0	0
2024-08-29 23:15:40	35.865799399000004	48.921776415000004	49.0062943	1	0	0	0	0
2024-08-29 23:15:50	35.87834988706467	48.929652974129354	49.0062943	1	0	0	0	0
2024-08-29 23:16:00	36.20379859353234	49.044950387064674	49.0062943	1	0	0	0	0
2024-08-29 23:16:10	36.5292473	49.1602478	49.0062943	1	0	0	0	0
2024-08-29 23:16:20	36.158645641708546	48.94096981005025	49.0062943	1	0	0	0	0
2024-08-29 23:16:30	35.789302614	48.723626917	49.0062943	1	0	0	0	0
2024-08-29 23:16:40	35.544564014	48.697858617	49.0062943	1	0	0	0	0
2024-08-29 23:16:50	35.300412636	48.670308625	49.0062943	1	0	0	0	0
2024-08-29 23:17:00	35.114396236	48.466371125	49.0062943	1	0	0	0	0
2024-08-29 23:17:10	34.9326704805	48.266757585	49.0062943	1	0	0	0	0
2024-08-29 23:17:20	35.1757185305	48.495216085	49.0062943	1	0	0	0	0
2024-08-29 23:17:30	35.41910512437811	48.72251751243781	49.0062943	1	0	0	0	0
2024-08-29 23:17:40	35.69600756218905	48.8352687562189	49.0062943	1	0	0	0	0
2024-08-29 23:17:50	35.97291	48.94802	49.0062943	1	0	0	0	0
2024-08-29 23:18:00	36.03710899497487	49.00395969849246	49.0062943	1	0	0	0	0
2024-08-29 23:18:10	36.103065787999995	49.060899	49.0062943	1	0	0	0	0
2024-08-29 23:18:20	36.343044588	49.216798999999995	49.0062943	1	0	0	0	0
2024-08-29 23:18:30	36.582390506965176	49.37124776119403	49.0062943	1	0	0	0	0
2024-08-29 23:18:40	36.75908120348259	49.38202388059701	49.0062943	1	0	0	0	0
2024-08-29 23:18:50	36.9357719	49.3928	49.0062943	1	0	0	0	0
2024-08-29 23:19:00	36.46249260351759	49.08520201005025	49.0062943	1	0	0	0	0
2024-08-29 23:19:10	35.99165786069652	48.78053019900497	49.0062943	1	0	0	0	0
2024-08-29 23:19:20	35.76283393034826	48.76555009950249	49.0062943	1	0	0	0	0
2024-08-29 23:19:30	35.53401	48.75057	49.0062943	1	0	0	0	0
2024-08-29 23:19:40	35.988142010050254	49.0733059798995	49.0062943	1	0	0	0	0
2024-08-29 23:19:50	36.4409388765	49.393204691	49.0062943	1	0	0	0	0
2024-08-29 23:20:00	36.7615565265	49.432213791	49.0062943	1	0	0	0	0
2024-08-29 23:20:10	37.0781138895	49.471127370999994	49.0062943	1	0	0	0	0
2024-08-29 23:20:20	36.992702839500005	49.500584470999996	49.0062943	1	0	0	0	0
2024-08-29 23:20:30	36.9084052705	49.528788176	49.0062943	1	0	0	0	0
2024-08-29 23:20:40	36.9343423205	49.432905776	49.0062943	1	0	0	0	0
2024-08-29 23:20:50	36.9576235215	49.336451638999996	49.0062943	1	0	0	0	0
2024-08-29 23:21:00	36.7179756715	49.183395538999996	49.0062943	1	0	0	0	0
2024-08-29 23:21:10	36.4832511175	49.03376785	49.0062943	1	0	0	0	0
2024-08-29 23:21:20	36.7359328675	49.22355285	49.0062943	1	0	0	0	0
2024-08-29 23:21:30	36.983869401	49.40935405	49.0062943	1	0	0	0	0
2024-08-29 23:21:40	36.762029501	49.20075905	49.0062943	1	0	0	0	0
2024-08-29 23:21:50	36.53435927363184	48.990860277611944	49.0062943	1	0	0	0	0
2024-08-29 23:22:00	35.72948663681592	48.65188803880597	49.0062943	1	0	0	0	0
2024-08-29 23:22:10	34.924614	48.3129158	49.0062943	1	0	0	0	0
2024-08-29 23:22:20	34.938383296482414	48.39689087537688	49.0062943	1	0	0	0	0
2024-08-29 23:22:30	34.953772007000005	48.4809088065	49.0062943	1	0	0	0	0
2024-08-29 23:22:40	35.129482707	48.5691694565	49.0062943	1	0	0	0	0
2024-08-29 23:22:50	35.3028291185	48.656385948	49.0062943	1	0	0	0	0
2024-08-29 23:23:00	35.2421109685	48.640230748	49.0062943	1	0	0	0	0
2024-08-29 23:23:10	35.1843025	48.625542203	49.0062943	1	0	0	0	0
2024-08-29 23:23:20	35.4145525	48.756052503	49.0062943	1	0	0	0	0
2024-08-29 23:23:30	35.6447165	48.886431924875616	49.0062943	1	0	0	0	0
2024-08-29 23:23:40	35.8663665	49.00385441243781	49.0062943	1	0	0	0	0
2024-08-29 23:23:50	36.0880165	49.1212769	49.0062943	1	0	0	0	0
2024-08-29 23:24:00	36.409338250000005	49.2426758	49.0062943	1	0	0	0	0
2024-08-29 23:24:10	36.73066	49.3640747	49.0062943	1	0	0	0	0
2024-08-29 23:24:20	36.47556577889447	49.276780880904525	49.0062943	1	0	0	0	0
2024-08-29 23:24:30	36.2272826775	49.1918478705	49.0062943	1	0	0	0	0
2024-08-29 23:24:40	36.6533004275	49.340634920499994	49.0062943	1	0	0	0	0
2024-08-29 23:24:50	37.07563966	49.487498499999994	49.0062943	1	0	0	0	0
2024-08-29 23:25:00	37.13380566	49.443938499999994	49.0062943	1	0	0	0	0
2024-08-29 23:25:10	37.1870704705	49.3992133195	49.0062943	1	0	0	0	0
2024-08-29 23:25:20	36.7551175205	49.2391352695	49.0062943	1	0	0	0	0
2024-08-29 23:25:30	36.3252570035	49.079108546	49.0062943	1	0	0	0	0
2024-08-29 23:25:40	36.1025473535	48.924163146	49.0062943	1	0	0	0	0
2024-08-29 23:25:50	35.8813490105	48.771201214	49.0062943	1	0	0	0	0
2024-08-29 23:26:00	35.8097700605	48.814602614	49.0062943	1	0	0	0	0
2024-08-29 23:26:10	35.7456128655	48.8610470805	49.0062943	1	0	0	0	0
2024-08-29 23:26:20	36.4162094155	49.2087551305	49.0062943	1	0	0	0	0
2024-08-29 23:26:30	37.0800073	49.5520888835	49.0062943	1	0	0	0	0
2024-08-29 23:26:40	37.0707373	49.462367233500004	49.0062943	1	0	0	0	0
2024-08-29 23:26:50	37.060928218	49.372466986000006	49.0062943	1	0	0	0	0
2024-08-29 23:27:00	36.997750018	49.264885586000005	49.0062943	1	0	0	0	0
2024-08-29 23:27:10	36.931746645000004	49.1577579685	49.0062943	1	0	0	0	0
2024-08-29 23:27:20	36.586051145	49.0955548185	49.0062943	1	0	0	0	0
2024-08-29 23:27:30	36.243980687	49.0332434145	49.0062943	1	0	0	0	0
2024-08-29 23:27:40	36.260789387	48.960214864499996	49.0062943	1	0	0	0	0
2024-08-29 23:27:50	36.275186183500004	48.887109566999996	49.0062943	1	0	0	0	0
2024-08-29 23:28:00	36.0508045335	48.806406267	49.0062943	1	0	0	0	0
2024-08-29 23:28:10	35.826240648	48.7251312685	49.0062943	1	0	0	0	0
2024-08-29 23:28:20	35.583635448	48.5872581185	49.0062943	1	0	0	0	0
2024-08-29 23:28:30	35.3404790185	48.449907453	49.0062943	1	0	0	0	0
2024-08-29 23:28:40	35.0427508685	48.364282753000005	49.0062943	1	0	0	0	0
2024-08-29 23:28:50	34.7467561	48.279108759500005	49.0062943	1	0	0	0	0
2024-08-29 23:29:00	34.6223661	48.2385547095	49.0062943	1	0	0	0	0
2024-08-29 23:29:10	34.50472395	48.201999683000004	49.0062943	1	0	0	0	0
2024-08-29 23:29:20	35.05511895	48.561347983000005	49.0062943	1	0	0	0	0
2024-08-29 23:29:30	35.6045504	48.918089786	49.0062943	1	0	0	0	0
2024-08-29 23:29:40	36.0585904	49.016788386	49.0062943	1	0	0	0	0
2024-08-29 23:29:50	36.503784089	49.1129820655	49.0062943	1	0	0	0	0
2024-08-29 23:30:00	36.073192989	48.9611886155	49.0062943	1	0	0	0	0
2024-08-29 23:30:10	35.646479524	48.8109129845	49.0062943	1	0	0	0	0
2024-08-29 23:30:20	35.603651924000005	48.8109014345	49.0062943	1	0	0	0	0
2024-08-29 23:30:30	35.559539592039805	48.810223358706466	49.0062943	1	0	0	0	0
2024-08-29 23:30:40	35.3882387960199	48.74355922935324	49.0062943	1	0	0	0	0
2024-08-29 23:30:50	35.216938	48.6768951	49.0062943	1	0	0	0	0
2024-08-29 23:31:00	35.71906463316583	48.92127344170854	49.0062943	1	0	0	0	0
2024-08-29 23:31:10	36.2178714375	49.16387786	49.0062943	1	0	0	0	0
2024-08-29 23:31:20	36.3880151875	49.23086386	49.0062943	1	0	0	0	0
2024-08-29 23:31:30	36.555846443	49.297683960499995	49.0062943	1	0	0	0	0
2024-08-29 23:31:40	36.494740743	49.3480800105	49.0062943	1	0	0	0	0
2024-08-29 23:31:50	36.439046305000005	49.399637272499994	49.0062943	1	0	0	0	0
2024-08-29 23:32:00	36.919066805	49.5661545225	49.0062943	1	0	0	0	0
2024-08-29 23:32:10	37.392528464499996	49.729796578	49.0062943	1	0	0	0	0
2024-08-29 23:32:20	37.2166649145	49.608794378	49.0062943	1	0	0	0	0
2024-08-29 23:32:30	37.0430974175	49.488624289	49.0062943	1	0	0	0	0
2024-08-29 23:32:40	37.0968391675	49.450833189	49.0062943	1	0	0	0	0
2024-08-29 23:32:50	37.14715890547264	49.41273492537314	49.0062943	1	0	0	0	0
2024-08-29 23:33:00	36.85869945273632	49.34422746268657	49.0062943	1	0	0	0	0
2024-08-29 23:33:10	36.57024	49.27572	49.0062943	1	0	0	0	0
2024-08-29 23:33:20	36.51800165829145	49.17184457286432	49.0062943	1	0	0	0	0
2024-08-29 23:33:30	36.4657599215	49.069280784	49.0062943	1	0	0	0	0
2024-08-29 23:33:40	36.4131820715	49.096569184	49.0062943	1	0	0	0	0
2024-08-29 23:33:50	36.365270280500006	49.125414826500005	49.0062943	1	0	0	0	0
2024-08-29 23:34:00	36.779298330500005	49.3084274765	49.0062943	1	0	0	0	0
2024-08-29 23:34:10	37.1915509195	49.48939105	49.0062943	1	0	0	0	0
2024-08-29 23:34:20	37.4280328695	49.46749605	49.0062943	1	0	0	0	0
2024-08-29 23:34:30	37.65211875	49.441366099999996	49.0062943	1	0	0	0	0
2024-08-29 23:34:40	36.64899375	48.9959761	49.0062943	1	0	0	0	0
2024-08-29 23:34:50	35.654343675	48.5551951	49.0062943	1	0	0	0	0
2024-08-29 23:35:00	35.498711175	48.5707051	49.0062943	1	0	0	0	0
2024-08-29 23:35:10	35.347084775	48.58704205	49.0062943	1	0	0	0	0
2024-08-29 23:35:20	35.592062274999996	48.68524705	49.0062943	1	0	0	0	0
2024-08-29 23:35:30	35.834040384577115	48.78241825870647	49.0062943	1	0	0	0	0
2024-08-29 23:35:40	35.779078842288556	48.777244129353235	49.0062943	1	0	0	0	0
2024-08-29 23:35:50	35.7241173	48.77207	49.0062943	1	0	0	0	0
2024-08-29 23:36:00	35.728589511055276	48.76616291457286	49.0062943	1	0	0	0	0
2024-08-29 23:36:10	35.733224615	48.760715157499995	49.0062943	1	0	0	0	0
2024-08-29 23:36:20	35.753986115	48.8007409075	49.0062943	1	0	0	0	0
2024-08-29 23:36:30	35.774659050000004	48.840589407	49.0062943	1	0	0	0	0
2024-08-29 23:36:40	35.78656405	48.862890107	49.0062943	1	0	0	0	0
2024-08-29 23:36:50	35.798837639	48.885779911	49.0062943	1	0	0	0	0
2024-08-29 23:37:00	35.847601539	48.966991011	49.0062943	1	0	0	0	0
2024-08-29 23:37:10	35.898702888500004	49.0479676405	49.0062943	1	0	0	0	0
2024-08-29 23:37:20	36.181211738500004	49.1057316905	49.0062943	1	0	0	0	0
2024-08-29 23:37:30	36.460534191	49.163289842	49.0062943	1	0	0	0	0
2024-08-29 23:37:40	36.424403291	49.200464042	49.0062943	1	0	0	0	0
2024-08-29 23:37:50	36.388831881499996	49.236768643999994	49.0062943	1	0	0	0	0
2024-08-29 23:38:00	36.408650031499995	49.186983043999994	49.0062943	1	0	0	0	0
2024-08-29 23:38:10	36.4324649	49.139423453499994	49.0062943	1	0	0	0	0
2024-08-29 23:38:20	36.851954899999996	49.312238803499994	49.0062943	1	0	0	0	0
2024-08-29 23:38:30	37.2623300135	49.48088977	49.0062943	1	0	0	0	0
2024-08-29 23:38:40	36.7703313635	49.23726677	49.0062943	1	0	0	0	0
2024-08-29 23:38:50	36.2825647195	48.9957454	49.0062943	1	0	0	0	0
2024-08-29 23:39:00	36.213766669500004	48.9622854	49.0062943	1	0	0	0	0
2024-08-29 23:39:10	36.1464527845	48.9293173235	49.0062943	1	0	0	0	0
2024-08-29 23:39:20	36.2260712345	48.9450496735	49.0062943	1	0	0	0	0
2024-08-29 23:39:30	36.3051405825	48.961316991	49.0062943	1	0	0	0	0
2024-08-29 23:39:40	36.3298488325	49.030546091	49.0062943	1	0	0	0	0
2024-08-29 23:39:50	36.35503165	49.098973113	49.0062943	1	0	0	0	0
2024-08-29 23:40:00	36.42719665	49.087994413	49.0062943	1	0	0	0	0
2024-08-29 23:40:10	36.4990796155	49.0766495725	49.0062943	1	0	0	0	0
2024-08-29 23:40:20	36.5430411655	49.0290568225	49.0062943	1	0	0	0	0
2024-08-29 23:40:30	36.5828034345	48.981227764	49.0062943	1	0	0	0	0
2024-08-29 23:40:40	36.2068368845	48.910004164	49.0062943	1	0	0	0	0
2024-08-29 23:40:50	35.838200699999994	48.841436121	49.0062943	1	0	0	0	0
2024-08-29 23:41:00	36.195270699999995	49.035768221000005	49.0062943	1	0	0	0	0
2024-08-29 23:41:10	36.55069378109452	49.22903157164179	49.0062943	1	0	0	0	0
2024-08-29 23:41:20	36.74307189054726	49.3164887358209	49.0062943	1	0	0	0	0
2024-08-29 23:41:30	36.93545	49.4039459	49.0062943	1	0	0	0	0
2024-08-29 23:41:40	37.00228653266332	49.38377976934673	49.0062943	1	0	0	0	0
2024-08-29 23:41:50	37.0641827925	49.361194298	49.0062943	1	0	0	0	0
2024-08-29 23:42:00	36.6369920425	49.099094098	49.0062943	1	0	0	0	0
2024-08-29 23:42:10	36.21154265124378	48.839813582089555	49.0062943	1	0	0	0	0
2024-08-29 23:42:20	35.95848777562189	48.85968179104478	49.0062943	1	0	0	0	0
2024-08-29 23:42:30	35.7054329	48.87955	49.0062943	1	0	0	0	0
2024-08-29 23:42:40	36.27923546281407	49.07748723618091	49.0062943	1	0	0	0	0
2024-08-29 23:42:50	36.846168721	49.2716914745	49.0062943	1	0	0	0	0
2024-08-29 23:43:00	36.733040820999996	49.0963289245	49.0062943	1	0	0	0	0
2024-08-29 23:43:10	36.6172167425	48.922602288	49.0062943	1	0	0	0	0
2024-08-29 23:43:20	36.2344709925	48.910831088	49.0062943	1	0	0	0	0
2024-08-29 23:43:30	35.860719955499995	48.9015833005	49.0062943	1	0	0	0	0
2024-08-29 23:43:40	36.3774455055	49.1421533505	49.0062943	1	0	0	0	0
2024-08-29 23:43:50	36.88277517412935	49.3765709840796	49.0062943	1	0	0	0	0
2024-08-29 23:44:00	36.259912587064676	49.0018993920398	49.0062943	1	0	0	0	0
2024-08-29 23:44:10	35.63705	48.6272278	49.0062943	1	0	0	0	0
2024-08-29 23:44:20	35.77078869346734	48.797604835175875	49.0062943	1	0	0	0	0
2024-08-29 23:44:30	35.908488675	48.967763295	49.0062943	1	0	0	0	0
2024-08-29 23:44:40	36.438356175	49.116282795	49.0062943	1	0	0	0	0
2024-08-29 23:44:50	36.9602880905	49.262448302500005	49.0062943	1	0	0	0	0
2024-08-29 23:45:00	36.696597140499996	49.1755685525	49.0062943	1	0	0	0	0
2024-08-29 23:45:10	36.43844119402985	49.09045721393035	49.0062943	1	0	0	0	0
2024-08-29 23:45:20	36.72825059701492	49.180418606965176	49.0062943	1	0	0	0	0
2024-08-29 23:45:30	37.01806	49.27038	49.0062943	1	0	0	0	0
2024-08-29 23:45:40	36.657129999999995	49.047732350000004	49.0062943	1	0	0	0	0
2024-08-29 23:45:50	36.2962	48.8250847	49.0062943	1	0	0	0	0
2024-08-29 23:46:00	36.03895879396985	48.77482103165829	49.0062943	1	0	0	0	0
2024-08-29 23:46:10	35.7827020385	48.723993389	49.0062943	1	0	0	0	0
2024-08-29 23:46:20	35.6239058885	48.617332289	49.0062943	1	0	0	0	0
2024-08-29 23:46:30	35.4690924115	48.513634011	49.0062943	1	0	0	0	0
2024-08-29 23:46:40	35.7085635615	48.703255111	49.0062943	1	0	0	0	0
2024-08-29 23:46:50	35.9445226761194	48.89039376915423	49.0062943	1	0	0	0	0
2024-08-29 23:47:00	35.8327902880597	48.831770684577116	49.0062943	1	0	0	0	0
2024-08-29 23:47:10	35.7210579	48.7731476	49.0062943	1	0	0	0	0
2024-08-29 23:47:20	35.944890513065324	48.899308655276386	49.0062943	1	0	0	0	0
2024-08-29 23:47:30	36.164825655	49.0218782095	49.0062943	1	0	0	0	0
2024-08-29 23:47:40	35.998911155	48.7888891595	49.0062943	1	0	0	0	0
2024-08-29 23:47:50	35.829960571	48.557291725	49.0062943	1	0	0	0	0
2024-08-29 23:48:00	35.360437671	48.463464225	49.0062943	1	0	0	0	0
2024-08-29 23:48:10	34.89766409502487	48.37197109452737	49.0062943	1	0	0	0	0
2024-08-29 23:48:20	35.103073597512434	48.511580547263684	49.0062943	1	0	0	0	0
2024-08-29 23:48:30	35.3084831	48.65119	49.0062943	1	0	0	0	0
2024-08-29 23:48:40	35.11219681859296	48.57056462311558	49.0062943	1	0	0	0	0
2024-08-29 23:48:50	34.917811945	48.492229589000004	49.0062943	1	0	0	0	0
2024-08-29 23:49:00	34.911666445	48.640638489000004	49.0062943	1	0	0	0	0
2024-08-29 23:49:10	34.913813538	48.790080943	49.0062943	1	0	0	0	0
2024-08-29 23:49:20	35.736927338	49.041845243	49.0062943	1	0	0	0	0
2024-08-29 23:49:30	36.552795700000004	49.291387768	49.0062943	1	0	0	0	0
2024-08-29 23:49:40	36.6513657	49.320974568	49.0062943	1	0	0	0	0
2024-08-29 23:49:50	36.746423023880595	49.3488084079602	49.0062943	1	0	0	0	0
2024-08-29 23:50:00	36.4937254119403	49.203099203980095	49.0062943	1	0	0	0	0
2024-08-29 23:50:10	36.2410278	49.05739	49.0062943	1	0	0	0	0
2024-08-29 23:50:20	35.96017965929648	48.979207035175875	49.0062943	1	0	0	0	0
2024-08-29 23:50:30	35.6848428865	48.9030580205	49.0062943	1	0	0	0	0
2024-08-29 23:50:40	35.9551315365	49.0282700705	49.0062943	1	0	0	0	0
2024-08-29 23:50:50	36.2249772135	49.152596875	49.0062943	1	0	0	0	0
2024-08-29 23:51:00	36.4509685635	49.189284375	49.0062943	1	0	0	0	0
2024-08-29 23:51:10	36.6772600135	49.227485398	49.0062943	1	0	0	0	0
2024-08-29 23:51:20	36.9332613635	49.415525198	49.0062943	1	0	0	0	0
2024-08-29 23:51:30	37.1873951865	49.601110755	49.0062943	1	0	0	0	0
2024-08-29 23:51:40	37.2566438365	49.543726255	49.0062943	1	0	0	0	0
2024-08-29 23:51:50	37.32105285024876	49.48509069651742	49.0062943	1	0	0	0	0
2024-08-29 23:52:00	36.90633787512438	49.30260034825871	49.0062943	1	0	0	0	0
2024-08-29 23:52:10	36.4916229	49.12011	49.0062943	1	0	0	0	0
2024-08-29 23:52:20	36.14826757336684	48.94925733668342	49.0062943	1	0	0	0	0
2024-08-29 23:52:30	35.808710237	48.780575160000005	49.0062943	1	0	0	0	0
2024-08-29 23:52:40	35.845153937	48.82677116	49.0062943	1	0	0	0	0
2024-08-29 23:52:50	35.879777073	48.872339874	49.0062943	1	0	0	0	0
2024-08-29 23:53:00	35.734164373	48.855807274	49.0062943	1	0	0	0	0
2024-08-29 23:53:10	35.595604037	48.842129587500004	49.0062943	1	0	0	0	0
2024-08-29 23:53:20	36.155227737000004	49.1110883375	49.0062943	1	0	0	0	0
2024-08-29 23:53:30	36.71283232338308	49.3783257119403	49.0062943	1	0	0	0	0
2024-08-29 23:53:40	37.07054466169154	49.47514690597015	49.0062943	1	0	0	0	0
2024-08-29 23:53:50	37.428257	49.5719681	49.0062943	1	0	0	0	0
2024-08-29 23:54:00	37.2674035	49.44020405	49.0062943	1	0	0	0	0
2024-08-29 23:54:10	37.10655	49.30844	49.0062943	1	0	0	0	0
2024-08-29 23:54:20	36.764640452261304	49.22093246231156	49.0062943	1	0	0	0	0
2024-08-29 23:54:30	36.42867402985075	49.1348172437811	49.0062943	1	0	0	0	0
2024-08-29 23:54:40	36.68107701492537	49.18654162189055	49.0062943	1	0	0	0	0
2024-08-29 23:54:50	36.93348	49.238266	49.0062943	1	0	0	0	0
2024-08-29 23:55:00	36.712384522613064	49.137559467336686	49.0062943	1	0	0	0	0
2024-08-29 23:55:10	36.49490555	49.03869384	49.0062943	1	0	0	0	0
2024-08-29 23:55:20	36.63546055	49.12207784	49.0062943	1	0	0	0	0
2024-08-29 23:55:30	36.77481085	49.203873033	49.0062943	1	0	0	0	0
2024-08-29 23:55:40	36.79489585	49.128376333	49.0062943	1	0	0	0	0
2024-08-29 23:55:50	36.808914975124374	49.052084390547265	49.0062943	1	0	0	0	0
2024-08-29 23:56:00	36.22241248756219	48.89706344527363	49.0062943	1	0	0	0	0
2024-08-29 23:56:10	35.63591	48.7420425	49.0062943	1	0	0	0	0
2024-08-29 23:56:20	35.7638195477387	48.86994415829145	49.0062943	1	0	0	0	0
2024-08-29 23:56:30	35.888745833830846	48.99437233830845	49.0062943	1	0	0	0	0
2024-08-29 23:56:40	35.71832921691542	48.77492616915423	49.0062943	1	0	0	0	0
2024-08-29 23:56:50	35.5479126	48.55548	49.0062943	1	0	0	0	0
2024-08-29 23:57:00	35.67129983618091	48.734480000000005	49.0062943	1	0	0	0	0
2024-08-29 23:57:10	35.794432684	48.9115042	49.0062943	1	0	0	0	0
2024-08-29 23:57:20	35.892381084	48.8929242	49.0062943	1	0	0	0	0
2024-08-29 23:57:30	35.9885869	48.874281114	49.0062943	1	0	0	0	0
2024-08-29 23:57:40	35.9122769	48.849392514	49.0062943	1	0	0	0	0
2024-08-29 23:57:50	35.834410000000005	48.82343837	49.0062943	1	0	0	0	0
2024-08-29 23:58:00	35.60241	48.69199537	49.0062943	1	0	0	0	0
2024-08-29 23:58:10	35.371777165999994	48.561768094499996	49.0062943	1	0	0	0	0
2024-08-29 23:58:20	35.276493765999994	48.5518975445	49.0062943	1	0	0	0	0
2024-08-29 23:58:30	35.183662334	48.5431673985	49.0062943	1	0	0	0	0
2024-08-29 23:58:40	35.333575734	48.6473372485	49.0062943	1	0	0	0	0
2024-08-29 23:58:50	35.48249725	48.750907973000004	49.0062943	1	0	0	0	0
2024-08-29 23:59:00	35.53322225	48.795165273	49.0062943	1	0	0	0	0
2024-08-29 23:59:10	35.58345703731344	48.8381823	49.0062943	1	0	0	0	0
2024-08-29 23:59:20	35.58516076865671	48.758412299999996	49.0062943	1	0	0	0	0
2024-08-29 23:59:30	35.5868645	48.6786423	49.0062943	1	0	0	0	0
2024-08-29 23:59:40	35.77077681155779	48.96548260150754	49.0062943	1	0	0	0	0
2024-08-29 23:59:50	35.95946688	49.2508180775	49.0062943	1	0	0	0	0
2024-08-30 00:00:00	36.62115488	49.3871758275	49.0062943	1	0	0	0	0
