PROCESSDATA	2111LIC44001 Data	yyyy-MM-dd HH:mm:ss
8	10	2024-11-02 21:55:00	751
tagname	2111LIC44001.MV	2111LIC44001.PV	2111LIC44001.SV	2111LIC44001.MODE	bOpOFL	bPvOFL	bSpOFL	bAutOFL
desc	C410_OP	C410_PV	C410_SP	Aut	bOpOFL	bPvOFL	bSpOFL	bAutOFL
fsMax=0.47091412737185756	fsMin=0	fsGridNum=10	fdMax=0.47091412737185756tfdMin=0	fdGridNum=10	v0GridNum=10	L=24
2024-11-02 21:55:00	29.7406365625	49.9255781125	50	1	0	0	0	0
2024-11-02 21:55:10	29.744170375	49.9286460875	50	1	0	0	0	0
2024-11-02 21:55:20	29.750171875	49.9343376375	50	1	0	0	0	0
2024-11-02 21:55:30	29.7652123	49.952798875	50	1	0	0	0	0
2024-11-02 21:55:40	29.8073695	50.009569174999996	50	1	0	0	0	0
2024-11-02 21:55:50	29.857401475	50.0578780125	50	1	0	0	0	0
2024-11-02 21:56:00	29.931057775	50.080802462499996	50	1	0	0	0	0
2024-11-02 21:56:10	29.9588343625	50.0752993	50	1	0	0	0	0
2024-11-02 21:56:20	29.8489718125	49.984513299999996	50	1	0	0	0	0
2024-11-02 21:56:30	29.754279649999997	49.911717412499996	50	1	0	0	0	0
2024-11-02 21:56:40	29.70509865	49.8928918625	50	1	0	0	0	0
2024-11-02 21:56:50	29.66984845	49.8809098625	50	1	0	0	0	0
2024-11-02 21:57:00	29.676390650000002	49.8894585125	50	1	0	0	0	0
2024-11-02 21:57:10	29.6946126375	49.9047229875	50	1	0	0	0	0
2024-11-02 21:57:20	29.7478739875	49.940134937500005	50	1	0	0	0	0
2024-11-02 21:57:30	29.804582125	49.9828634125	50	1	0	0	0	0
2024-11-02 21:57:40	29.871630625	50.0475414625	50	1	0	0	0	0
2024-11-02 21:57:50	29.940206125	50.1037781375	50	1	0	0	0	0
2024-11-02 21:58:00	30.013362625	50.1346906875	50	1	0	0	0	0
2024-11-02 21:58:10	30.0615394625	50.151744875	50	1	0	0	0	0
2024-11-02 21:58:20	30.0347773125	50.127223975	50	1	0	0	0	0
2024-11-02 21:58:30	30.0152843375	50.1099471875	50	1	0	0	0	0
2024-11-02 21:58:40	30.0175988875	50.1144027375	50	1	0	0	0	0
2024-11-02 21:58:50	30.0148606375	50.1123651	50	1	0	0	0	0
2024-11-02 21:59:00	29.9969639875	50.0908479	50	1	0	0	0	0
2024-11-02 21:59:10	29.9676638125	50.0654647125	50	1	0	0	0	0
2024-11-02 21:59:20	29.9041530625	50.0284835625	50	1	0	0	0	0
2024-11-02 21:59:30	29.83155825	49.986616149999996	50	1	0	0	0	0
2024-11-02 21:59:40	29.73171125	49.930089949999996	50	1	0	0	0	0
2024-11-02 21:59:50	29.678807749999997	49.900169362499994	50	1	0	0	0	0
2024-11-02 22:00:00	29.766734749999998	49.9500656125	50	1	0	0	0	0
2024-11-02 22:00:10	29.8417143625	49.994160574999995	50	1	0	0	0	0
2024-11-02 22:00:20	29.8778518125	50.020851674999996	50	1	0	0	0	0
2024-11-02 22:00:30	29.905615325	50.040744675	50	1	0	0	0	0
2024-11-02 22:00:40	29.908257025	50.040243374999996	50	1	0	0	0	0
2024-11-02 22:00:50	29.9111829125	50.0418572375	50	1	0	0	0	0
2024-11-02 22:01:00	29.9149613625	50.0498165875	50	1	0	0	0	0
2024-11-02 22:01:10	29.9347353125	50.0659637125	50	1	0	0	0	0
2024-11-02 22:01:20	30.0024957625	50.1066741625	50	1	0	0	0	0
2024-11-02 22:01:30	30.0562713	50.13481899999999	50	1	0	0	0	0
2024-11-02 22:01:40	30.0680921	50.125266999999994	50	1	0	0	0	0
2024-11-02 22:01:50	30.037404237500002	50.094410124999996	50	1	0	0	0	0
2024-11-02 22:02:00	29.8791903875	49.999638624999996	50	1	0	0	0	0
2024-11-02 22:02:10	29.7450884	49.9163928125	50	1	0	0	0	0
2024-11-02 22:02:20	29.683322	49.8677240625	50	1	0	0	0	0
2024-11-02 22:02:30	29.6373021375	49.833731625	50	1	0	0	0	0
2024-11-02 22:02:40	29.6385218875	49.843768125	50	1	0	0	0	0
2024-11-02 22:02:50	29.6687297625	49.875733875	50	1	0	0	0	0
2024-11-02 22:03:00	29.7859020125	49.973487375	50	1	0	0	0	0
2024-11-02 22:03:10	29.8804128125	50.0474228625	50	1	0	0	0	0
2024-11-02 22:03:20	29.9069392625	50.0499043125	50	1	0	0	0	0
2024-11-02 22:03:30	29.9292707375	50.054620225	50	1	0	0	0	0
2024-11-02 22:03:40	29.9390172875	50.066039525	50	1	0	0	0	0
2024-11-02 22:03:50	29.9340832125	50.0646128375	50	1	0	0	0	0
2024-11-02 22:04:00	29.8851072625	50.0246481875	50	1	0	0	0	0
2024-11-02 22:04:10	29.854211075000002	49.999893199999995	50	1	0	0	0	0
2024-11-02 22:04:20	29.877554175	50.0207672	50	1	0	0	0	0
2024-11-02 22:04:30	29.886534937500002	50.0293164	50	1	0	0	0	0
2024-11-02 22:04:40	29.8524286875	50.0008912	50	1	0	0	0	0
2024-11-02 22:04:50	29.8145888	49.971427925	50	1	0	0	0	0
2024-11-02 22:05:00	29.765548	49.938850425	50	1	0	0	0	0
2024-11-02 22:05:10	29.734258649999997	49.9182826375	50	1	0	0	0	0
2024-11-02 22:05:20	29.75622365	49.9337439875	50	1	0	0	0	0
2024-11-02 22:05:30	29.776979162499998	49.9497930875	50	1	0	0	0	0
2024-11-02 22:05:40	29.7941062125	49.9676054375	50	1	0	0	0	0
2024-11-02 22:05:50	29.8107936125	49.9823131875	50	1	0	0	0	0
2024-11-02 22:06:00	29.8261620625	49.987707137499996	50	1	0	0	0	0
2024-11-02 22:06:10	29.8282179375	49.983919125	50	1	0	0	0	0
2024-11-02 22:06:20	29.790336087500002	49.952585225	50	1	0	0	0	0
2024-11-02 22:06:30	29.7621526375	49.93079295	50	1	0	0	0	0
2024-11-02 22:06:40	29.7630643875	49.93762555	50	1	0	0	0	0
2024-11-02 22:06:50	29.7534633	49.9423493375	50	1	0	0	0	0
2024-11-02 22:07:00	29.7123237	49.940746687499995	50	1	0	0	0	0
2024-11-02 22:07:10	29.71042565	49.953100362499995	50	1	0	0	0	0
2024-11-02 22:07:20	29.82625225	50.007323012499995	50	1	0	0	0	0
2024-11-02 22:07:30	29.9127462125	50.044294375	50	1	0	0	0	0
2024-11-02 22:07:40	29.9112422625	50.029511875	50	1	0	0	0	0
2024-11-02 22:07:50	29.8984592125	50.013646875	50	1	0	0	0	0
2024-11-02 22:08:00	29.8518388625	49.994534375	50	1	0	0	0	0
2024-11-02 22:08:10	29.824526900000002	49.98786125	50	1	0	0	0	0
2024-11-02 22:08:20	29.8551401	50.01850625	50	1	0	0	0	0
2024-11-02 22:08:30	29.8910131625	50.0479490625	50	1	0	0	0	0
2024-11-02 22:08:40	29.9426658125	50.0737853125	50	1	0	0	0	0
2024-11-02 22:08:50	29.959382575	50.0723609375	50	1	0	0	0	0
2024-11-02 22:09:00	29.871291675	49.9891546875	50	1	0	0	0	0
2024-11-02 22:09:10	29.77262715	49.9098518625	50	1	0	0	0	0
2024-11-02 22:09:20	29.64224175	49.8422593125	50	1	0	0	0	0
2024-11-02 22:09:30	29.550300625000002	49.7980130375	50	1	0	0	0	0
2024-11-02 22:09:40	29.573692325	49.8238055875	50	1	0	0	0	0
2024-11-02 22:09:50	29.6103740875	49.8550334	50	1	0	0	0	0
2024-11-02 22:10:00	29.6869260375	49.902567	50	1	0	0	0	0
2024-11-02 22:10:10	29.754786662500003	49.9427690875	50	1	0	0	0	0
2024-11-02 22:10:20	29.7965733125	49.9609766375	50	1	0	0	0	0
2024-11-02 22:10:30	29.818295725	49.970899137500005	50	1	0	0	0	0
2024-11-02 22:10:40	29.779825425	49.9559664875	50	1	0	0	0	0
2024-11-02 22:10:50	29.7509727	49.944767	50	1	0	0	0	0
2024-11-02 22:11:00	29.7509727	49.944767	50	1	0	0	0	0
2024-11-02 22:11:10	29.8407426125	50.0189690125	50	1	0	0	0	0
2024-11-02 22:11:20	29.9187474625	50.0665554625	50	1	0	0	0	0
2024-11-02 22:11:30	29.99035005	50.11150405	50	1	0	0	0	0
2024-11-02 22:11:40	30.04274585	50.14853905	50	1	0	0	0	0
2024-11-02 22:11:50	30.0827818	50.175718775	50	1	0	0	0	0
2024-11-02 22:12:00	30.085738199999998	50.173332675	50	1	0	0	0	0
2024-11-02 22:12:10	30.097105525	50.1709764625	50	1	0	0	0	0
2024-11-02 22:12:20	30.133705624999997	50.1687099125	50	1	0	0	0	0
2024-11-02 22:12:30	30.1215598625	50.145440425	50	1	0	0	0	0
2024-11-02 22:12:40	29.9631765125	50.059162125	50	1	0	0	0	0
2024-11-02 22:12:50	29.839322125	49.989306725	50	1	0	0	0	0
2024-11-02 22:13:00	29.819054625	49.968720024999996	50	1	0	0	0	0
2024-11-02 22:13:10	29.792701	49.947389325	50	1	0	0	0	0
2024-11-02 22:13:20	29.748089	49.923826625000004	50	1	0	0	0	0
2024-11-02 22:13:30	29.703742875	49.8986735	50	1	0	0	0	0
2024-11-02 22:13:40	29.660194375	49.8687491	50	1	0	0	0	0
2024-11-02 22:13:50	29.6258173375	49.8458871375	50	1	0	0	0	0
2024-11-02 22:14:00	29.6189546875	49.8442124875	50	1	0	0	0	0
2024-11-02 22:14:10	29.624619737499998	49.8513106875	50	1	0	0	0	0
2024-11-02 22:14:20	29.667867887499998	49.884727437500004	50	1	0	0	0	0
2024-11-02 22:14:30	29.70637725	49.9137696875	50	1	0	0	0	0
2024-11-02 22:14:40	29.73067025	49.929688437500005	50	1	0	0	0	0
2024-11-02 22:14:50	29.75590125	49.9468240625	50	1	0	0	0	0
2024-11-02 22:15:00	29.78394625	49.9676103125	50	1	0	0	0	0
2024-11-02 22:15:10	29.8229218625	49.995414675	50	1	0	0	0	0
2024-11-02 22:15:20	29.8946893125	50.044273374999996	50	1	0	0	0	0
2024-11-02 22:15:30	29.951197825	50.0841737125	50	1	0	0	0	0
2024-11-02 22:15:40	29.961929525	50.0971989625	50	1	0	0	0	0
2024-11-02 22:15:50	29.9482207	50.0900339875	50	1	0	0	0	0
2024-11-02 22:16:00	29.8611903	50.022298337500004	50	1	0	0	0	0
2024-11-02 22:16:10	29.777736175	49.960277575	50	1	0	0	0	0
2024-11-02 22:16:20	29.705010875000003	49.915401475	50	1	0	0	0	0
2024-11-02 22:16:30	29.6977863125	49.9136201	50	1	0	0	0	0
2024-11-02 22:16:40	29.8870639625	50.0411229	50	1	0	0	0	0
2024-11-02 22:16:50	30.052433475	50.1516558375	50	1	0	0	0	0
2024-11-02 22:17:00	30.146078575	50.2112791875	50	1	0	0	0	0
2024-11-02 22:17:10	30.199433074999998	50.2444383625	50	1	0	0	0	0
2024-11-02 22:17:20	30.131915775	50.1982050125	50	1	0	0	0	0
2024-11-02 22:17:30	30.0509297375	50.13893125	50	1	0	0	0	0
2024-11-02 22:17:40	29.9295374875	50.04053625	50	1	0	0	0	0
2024-11-02 22:17:50	29.84112735	49.9720009	50	1	0	0	0	0
2024-11-02 22:18:00	29.85166355	49.9930445	50	1	0	0	0	0
2024-11-02 22:18:10	29.871952553233832	50.02094882935323	50	1	0	0	0	0
2024-11-02 22:18:20	29.921499966169154	50.06943534676617	50	1	0	0	0	0
2024-11-02 22:18:30	29.962013680000002	50.104346488000004	50	1	0	0	0	0
2024-11-02 22:18:40	29.973920680000003	50.096268938	50	1	0	0	0	0
2024-11-02 22:18:50	29.97205350954774	50.079825003015074	50	1	0	0	0	0
2024-11-02 22:19:00	29.926568132663316	50.03688751557789	50	1	0	0	0	0
2024-11-02 22:19:10	29.8820943375	50.0001976	50	1	0	0	0	0
2024-11-02 22:19:20	29.8406552875	49.9822504	50	1	0	0	0	0
2024-11-02 22:19:30	29.80217525	49.96192875	50	1	0	0	0	0
2024-11-02 22:19:40	29.77257225	49.93448375	50	1	0	0	0	0
2024-11-02 22:19:50	29.7524304125	49.9174594	50	1	0	0	0	0
2024-11-02 22:20:00	29.7606720625	49.931697	50	1	0	0	0	0
2024-11-02 22:20:10	29.7744109375	49.947555075	50	1	0	0	0	0
2024-11-02 22:20:20	29.8046414875	49.968274574999995	50	1	0	0	0	0
2024-11-02 22:20:30	29.81493165	49.9755053125	50	1	0	0	0	0
2024-11-02 22:20:40	29.76540065	49.9422697625	50	1	0	0	0	0
2024-11-02 22:20:50	29.7097763875	49.908941462499996	50	1	0	0	0	0
2024-11-02 22:21:00	29.6358723375	49.8753349125	50	1	0	0	0	0
2024-11-02 22:21:10	29.6257937625	49.8779	50	1	0	0	0	0
2024-11-02 22:21:20	29.8071916125	49.98898	50	1	0	0	0	0
2024-11-02 22:21:30	29.932122687499998	50.065955987500004	50	1	0	0	0	0
2024-11-02 22:21:40	29.8876534375	50.040619937500004	50	1	0	0	0	0
2024-11-02 22:21:50	29.844133713930347	50.013094143781096	50	1	0	0	0	0
2024-11-02 22:22:00	29.80346256965174	49.97899911890548	50	1	0	0	0	0
2024-11-02 22:22:10	29.780476865829147	49.96168456834171	50	1	0	0	0	0
2024-11-02 22:22:20	29.81349505678392	49.997508186432164	50	1	0	0	0	0
2024-11-02 22:22:30	29.8438038625	50.024943337500005	50	1	0	0	0	0
2024-11-02 22:22:40	29.8659845125	50.0272130875	50	1	0	0	0	0
2024-11-02 22:22:50	29.90201516169154	50.038615835323384	50	1	0	0	0	0
2024-11-02 22:23:00	29.97959580845771	50.07741757661692	50	1	0	0	0	0
2024-11-02 22:23:10	30.038146193467334	50.10967004773869	50	1	0	0	0	0
2024-11-02 22:23:20	30.036434082914575	50.12118316331658	50	1	0	0	0	0
2024-11-02 22:23:30	30.046424637500003	50.1392012	50	1	0	0	0	0
2024-11-02 22:23:40	30.091523187499998	50.176734	50	1	0	0	0	0
2024-11-02 22:23:50	30.1033870875	50.187164800000005	50	1	0	0	0	0
2024-11-02 22:24:00	30.0155470375	50.1162896	50	1	0	0	0	0
2024-11-02 22:24:10	29.9341004125	50.05023905	50	1	0	0	0	0
2024-11-02 22:24:20	29.8718340625	49.998662450000005	50	1	0	0	0	0
2024-11-02 22:24:30	29.8235872	49.961105	50	1	0	0	0	0
2024-11-02 22:24:40	29.8173988	49.965605000000004	50	1	0	0	0	0
2024-11-02 22:24:50	29.8128955375	49.971145650000004	50	1	0	0	0	0
2024-11-02 22:25:00	29.813447687500002	49.97980825	50	1	0	0	0	0
2024-11-02 22:25:10	29.850816575000003	50.00975579999999	50	1	0	0	0	0
2024-11-02 22:25:20	29.998635675000003	50.103558199999995	50	1	0	0	0	0
2024-11-02 22:25:30	30.081709325000002	50.15730965	50	1	0	0	0	0
2024-11-02 22:25:40	29.970546625	50.09090825	50	1	0	0	0	0
2024-11-02 22:25:50	29.9029655079602	50.04883053333333	50	1	0	0	0	0
2024-11-02 22:26:00	29.966129139800994	50.07972386666667	50	1	0	0	0	0
2024-11-02 22:26:10	30.0079598919598	50.09916527638191	50	1	0	0	0	0
2024-11-02 22:26:20	29.98223652512563	50.08234226130653	50	1	0	0	0	0
2024-11-02 22:26:30	29.9515635	50.0611114125	50	1	0	0	0	0
2024-11-02 22:26:40	29.9060415	50.0266570625	50	1	0	0	0	0
2024-11-02 22:26:50	29.8606383625	49.9928927	50	1	0	0	0	0
2024-11-02 22:27:00	29.8155918125	49.9611983	50	1	0	0	0	0
2024-11-02 22:27:10	29.790877775	49.944027812499996	50	1	0	0	0	0
2024-11-02 22:27:20	29.827161274999998	49.970429062499996	50	1	0	0	0	0
2024-11-02 22:27:30	29.872156349999997	50.007926925	50	1	0	0	0	0
2024-11-02 22:27:40	29.94328615	50.078714624999996	50	1	0	0	0	0
2024-11-02 22:27:50	30.0037998875	50.130867224999996	50	1	0	0	0	0
2024-11-02 22:28:00	30.0324654375	50.127114524999996	50	1	0	0	0	0
2024-11-02 22:28:10	30.0263397625	50.10246875	50	1	0	0	0	0
2024-11-02 22:28:20	29.9158404125	50.01514375	50	1	0	0	0	0
2024-11-02 22:28:30	29.8213064125	49.9442425	50	1	0	0	0	0
2024-11-02 22:28:40	29.7746684625	49.9226125	50	1	0	0	0	0
2024-11-02 22:28:50	29.741340425	49.9106278	50	1	0	0	0	0
2024-11-02 22:29:00	29.747942125	49.927579	50	1	0	0	0	0
2024-11-02 22:29:10	29.769336187500002	49.94903085	50	1	0	0	0	0
2024-11-02 22:29:20	29.835107337500002	49.98398465	50	1	0	0	0	0
2024-11-02 22:29:30	29.8946199875	50.0173559625	50	1	0	0	0	0
2024-11-02 22:29:40	29.935357137500002	50.0459798125	50	1	0	0	0	0
2024-11-02 22:29:50	29.9647541375	50.0662198375	50	1	0	0	0	0
2024-11-02 22:30:00	29.9601306875	50.0613083875	50	1	0	0	0	0
2024-11-02 22:30:10	29.9599602125	50.06173545	50	1	0	0	0	0
2024-11-02 22:30:20	29.973148662499998	50.07817805	50	1	0	0	0	0
2024-11-02 22:30:30	29.984587075	50.0892925	50	1	0	0	0	0
2024-11-02 22:30:40	29.990775375	50.0844225	50	1	0	0	0	0
2024-11-02 22:30:50	30.0249011125	50.10599125	50	1	0	0	0	0
2024-11-02 22:31:00	30.1428391625	50.20687625	50	1	0	0	0	0
2024-11-02 22:31:10	30.217446550000002	50.266899662499995	50	1	0	0	0	0
2024-11-02 22:31:20	30.162061950000002	50.2043383125	50	1	0	0	0	0
2024-11-02 22:31:30	30.10568075	50.1468896875	50	1	0	0	0	0
2024-11-02 22:31:40	30.04630975	50.1047792375	50	1	0	0	0	0
2024-11-02 22:31:50	30.0112388125	50.0793499875	50	1	0	0	0	0
2024-11-02 22:32:00	30.049068062499998	50.1039643375	50	1	0	0	0	0
2024-11-02 22:32:10	30.083	50.12932875	50	1	0	0	0	0
2024-11-02 22:32:20	30.10524	50.15694335	50	1	0	0	0	0
2024-11-02 22:32:30	30.115859587499997	50.1694946625	50	1	0	0	0	0
2024-11-02 22:32:40	30.091617937499997	50.1368561125	50	1	0	0	0	0
2024-11-02 22:32:50	30.057416887499997	50.09816505	50	1	0	0	0	0
2024-11-02 22:33:00	29.993337637499998	50.04131645	50	1	0	0	0	0
2024-11-02 22:33:10	29.9434128125	50.00026	50	1	0	0	0	0
2024-11-02 22:33:20	29.9359512625	50.00658	50	1	0	0	0	0
2024-11-02 22:33:30	29.9323269625	50.0122225	50	1	0	0	0	0
2024-11-02 22:33:40	29.9402144125	50.0158325	50	1	0	0	0	0
2024-11-02 22:33:50	29.964535	50.031521250000004	50	1	0	0	0	0
2024-11-02 22:34:00	30.038155	50.08344625	50	1	0	0	0	0
2024-11-02 22:34:10	30.08807645	50.1115668375	50	1	0	0	0	0
2024-11-02 22:34:20	30.06690225	50.0682741875	50	1	0	0	0	0
2024-11-02 22:34:30	30.03858425	50.033889725	50	1	0	0	0	0
2024-11-02 22:34:40	29.98883485	50.026229825	50	1	0	0	0	0
2024-11-02 22:34:50	29.938536199999998	50.0136108125	50	1	0	0	0	0
2024-11-02 22:35:00	29.8865898	49.9861144625	50	1	0	0	0	0
2024-11-02 22:35:10	29.8495925	49.9648184375	50	1	0	0	0	0
2024-11-02 22:35:20	29.8574425	49.9621233875	50	1	0	0	0	0
2024-11-02 22:35:30	29.867568237500002	49.959291	50	1	0	0	0	0
2024-11-02 22:35:40	29.8845211875	49.9560466	50	1	0	0	0	0
2024-11-02 22:35:50	29.886191637499998	49.9499712125	50	1	0	0	0	0
2024-11-02 22:36:00	29.8420145875	49.9354028625	50	1	0	0	0	0
2024-11-02 22:36:10	29.795829984079603	49.9162697840796	50	1	0	0	0	0
2024-11-02 22:36:20	29.74362272039801	49.883442520398006	50	1	0	0	0	0
2024-11-02 22:36:30	29.74362272039801	49.883442520398006	50	1	0	0	0	0
2024-11-02 22:36:40	29.716949823115577	49.867361992964824	50	1	0	0	0	0
2024-11-02 22:36:50	29.77113575276382	49.904312796984925	50	1	0	0	0	0
2024-11-02 22:37:00	29.8076598625	49.93109845	50	1	0	0	0	0
2024-11-02 22:37:10	29.7911985125	49.92738865	50	1	0	0	0	0
2024-11-02 22:37:20	29.8001921875	49.9377155125	50	1	0	0	0	0
2024-11-02 22:37:30	29.8855509375	49.9901523625	50	1	0	0	0	0
2024-11-02 22:37:40	29.9405243625	50.0227232125	50	1	0	0	0	0
2024-11-02 22:37:50	29.9043418125	49.9956960625	50	1	0	0	0	0
2024-11-02 22:38:00	29.891082762499998	49.9855303625	50	1	0	0	0	0
2024-11-02 22:38:10	29.9465942125	50.0259490125	50	1	0	0	0	0
2024-11-02 22:38:20	29.9860095625	50.0525694125	50	1	0	0	0	0
2024-11-02 22:38:30	29.9771366125	50.0377950625	50	1	0	0	0	0
2024-11-02 22:38:40	29.971859475	50.0295550125	50	1	0	0	0	0
2024-11-02 22:38:50	29.977369775	50.040917862499995	50	1	0	0	0	0
2024-11-02 22:39:00	29.9850733	50.050610925	50	1	0	0	0	0
2024-11-02 22:39:10	29.9993565	50.055294625	50	1	0	0	0	0
2024-11-02 22:39:20	30.0122565375	50.061243075	50	1	0	0	0	0
2024-11-02 22:39:30	30.0210070875	50.070985775	50	1	0	0	0	0
2024-11-02 22:39:40	30.0468414625	50.0964502875	50	1	0	0	0	0
2024-11-02 22:39:50	30.1239273125	50.1690802375	50	1	0	0	0	0
2024-11-02 22:40:00	30.1752312	50.213138612499996	50	1	0	0	0	0
2024-11-02 22:40:10	30.1491892	50.1714822625	50	1	0	0	0	0
2024-11-02 22:40:20	30.108883575	50.1252275	50	1	0	0	0	0
2024-11-02 22:40:30	30.025787075	50.0651775	50	1	0	0	0	0
2024-11-02 22:40:40	29.9554898375	50.0149255125	50	1	0	0	0	0
2024-11-02 22:40:50	29.9235903875	49.9940675625	50	1	0	0	0	0
2024-11-02 22:41:00	29.8996658	49.9784241	50	1	0	0	0	0
2024-11-02 22:41:10	29.8996658	49.9784241	50	1	0	0	0	0
2024-11-02 22:41:20	29.7775943125	49.870618375	50	1	0	0	0	0
2024-11-02 22:41:30	29.7393891625	49.859988675	50	1	0	0	0	0
2024-11-02 22:41:40	29.7324521375	49.87012685	50	1	0	0	0	0
2024-11-02 22:41:50	29.8193194875	49.94256865	50	1	0	0	0	0
2024-11-02 22:42:00	29.8981256625	50.003592499999996	50	1	0	0	0	0
2024-11-02 22:42:10	29.952748312500002	50.0303625	50	1	0	0	0	0
2024-11-02 22:42:20	29.9888885125	50.047365575	50	1	0	0	0	0
2024-11-02 22:42:30	29.9695813625	50.035067875	50	1	0	0	0	0
2024-11-02 22:42:40	29.952090875	50.023283025	50	1	0	0	0	0
2024-11-02 22:42:50	29.940050375	50.013036725	50	1	0	0	0	0
2024-11-02 22:43:00	29.96426065	50.033053375	50	1	0	0	0	0
2024-11-02 22:43:10	30.09722325	50.143858875	50	1	0	0	0	0
2024-11-02 22:43:20	30.177231324999997	50.207786999999996	50	1	0	0	0	0
2024-11-02 22:43:30	30.098375824999998	50.131083	50	1	0	0	0	0
2024-11-02 22:43:40	30.0182578875	50.057108125	50	1	0	0	0	0
2024-11-02 22:43:50	29.9343526375	49.991320625	50	1	0	0	0	0
2024-11-02 22:44:00	29.8673329125	49.941211625	50	1	0	0	0	0
2024-11-02 22:44:10	29.8509697625	49.938138125	50	1	0	0	0	0
2024-11-02 22:44:20	29.837063525	49.935425125	50	1	0	0	0	0
2024-11-02 22:44:30	29.830528025	49.933793625	50	1	0	0	0	0
2024-11-02 22:44:40	29.8245127375	49.931493474999996	50	1	0	0	0	0
2024-11-02 22:44:50	29.8200580875	49.927187374999995	50	1	0	0	0	0
2024-11-02 22:45:00	29.809644962500002	49.9209427625	50	1	0	0	0	0
2024-11-02 22:45:10	29.7813564125	49.908882612499994	50	1	0	0	0	0
2024-11-02 22:45:20	29.76095675	49.899155625	50	1	0	0	0	0
2024-11-02 22:45:30	29.76422375	49.896428125	50	1	0	0	0	0
2024-11-02 22:45:40	29.773626810945274	49.89923200248756	50	1	0	0	0	0
2024-11-02 22:45:50	29.80143805472637	49.91863001243781	50	1	0	0	0	0
2024-11-02 22:46:00	29.814409932	49.928169	50	1	0	0	0	0
2024-11-02 22:46:10	29.780390482	49.90648775	50	1	0	0	0	0
2024-11-02 22:46:20	29.75548825879397	49.894730812060295	50	1	0	0	0	0
2024-11-02 22:46:30	29.759457253768844	49.91440086231155	50	1	0	0	0	0
2024-11-02 22:46:40	29.787592399999998	49.9428138375	50	1	0	0	0	0
2024-11-02 22:46:50	29.888226	49.9974555875	50	1	0	0	0	0
2024-11-02 22:47:00	29.952656225	50.0282516625	50	1	0	0	0	0
2024-11-02 22:47:10	29.908476325	49.9875107125	50	1	0	0	0	0
2024-11-02 22:47:20	29.8820872125	49.964191475	50	1	0	0	0	0
2024-11-02 22:47:30	29.9090704625	49.993137375	50	1	0	0	0	0
2024-11-02 22:47:40	29.94359395	50.0255451125	50	1	0	0	0	0
2024-11-02 22:47:50	30.00073815	50.0683383625	50	1	0	0	0	0
2024-11-02 22:48:00	30.072670725000002	50.1190853875	50	1	0	0	0	0
2024-11-02 22:48:10	30.188968425	50.1936937375	50	1	0	0	0	0
2024-11-02 22:48:20	30.2777539875	50.24168875	50	1	0	0	0	0
2024-11-02 22:48:30	30.284003137499997	50.209843750000005	50	1	0	0	0	0
2024-11-02 22:48:40	30.23601125	50.1573081375	50	1	0	0	0	0
2024-11-02 22:48:50	30.02529625	50.0427006875	50	1	0	0	0	0
2024-11-02 22:49:00	29.85902025	49.9478754625	50	1	0	0	0	0
2024-11-02 22:49:10	29.826061250000002	49.9123969125	50	1	0	0	0	0
2024-11-02 22:49:20	29.791445725000003	49.882647	50	1	0	0	0	0
2024-11-02 22:49:30	29.751860625000003	49.870083	50	1	0	0	0	0
2024-11-02 22:49:40	29.7208771875	49.862650387500004	50	1	0	0	0	0
2024-11-02 22:49:50	29.715698737500002	49.8706119375	50	1	0	0	0	0
2024-11-02 22:50:00	29.717396275	49.878322125	50	1	0	0	0	0
2024-11-02 22:50:10	29.739721775	49.885278225	50	1	0	0	0	0
2024-11-02 22:50:20	29.739960425	49.879031174999994	50	1	0	0	0	0
2024-11-02 22:50:30	29.673938525	49.833174674999995	50	1	0	0	0	0
2024-11-02 22:50:40	29.616287737500002	49.794252012499996	50	1	0	0	0	0
2024-11-02 22:50:50	29.583750287500003	49.7761308625	50	1	0	0	0	0
2024-11-02 22:51:00	29.568654575	49.7700625	50	1	0	0	0	0
2024-11-02 22:51:10	29.605884075	49.800152499999996	50	1	0	0	0	0
2024-11-02 22:51:20	29.636702274999998	49.824867149999996	50	1	0	0	0	0
2024-11-02 22:51:30	29.648286575	49.83345575	50	1	0	0	0	0
2024-11-02 22:51:40	29.6644745	49.84761255	50	1	0	0	0	0
2024-11-02 22:51:50	29.6944733	49.87847395	50	1	0	0	0	0
2024-11-02 22:52:00	29.7128229625	49.897000275	50	1	0	0	0	0
2024-11-02 22:52:10	29.6962252125	49.878521375	50	1	0	0	0	0
2024-11-02 22:52:20	29.71030754676617	49.88868058308457	50	1	0	0	0	0
2024-11-02 22:52:30	29.816430133830846	49.98475411542288	50	1	0	0	0	0
2024-11-02 22:52:40	29.908099529145726	50.05998185929648	50	1	0	0	0	0
2024-11-02 22:52:50	29.954000483919597	50.06919793969849	50	1	0	0	0	0
2024-11-02 22:53:00	29.9784932	50.0673706375	50	1	0	0	0	0
2024-11-02 22:53:10	29.938761200000002	50.0324131875	50	1	0	0	0	0
2024-11-02 22:53:20	29.90058895	50.0021069625	50	1	0	0	0	0
2024-11-02 22:53:30	29.86709595	49.9857544125	50	1	0	0	0	0
2024-11-02 22:53:40	29.8481183375	49.9740495375	50	1	0	0	0	0
2024-11-02 22:53:50	29.872686887500002	49.9762876875	50	1	0	0	0	0
2024-11-02 22:54:00	29.8745953875	49.9703242625	50	1	0	0	0	0
2024-11-02 22:54:10	29.8085237375	49.9397561125	50	1	0	0	0	0
2024-11-02 22:54:20	29.7530894375	49.913748749999996	50	1	0	0	0	0
2024-11-02 22:54:30	29.7295671875	49.90142375	50	1	0	0	0	0
2024-11-02 22:54:40	29.7128898125	49.8924934625	50	1	0	0	0	0
2024-11-02 22:54:50	29.716747062499998	49.893747312500004	50	1	0	0	0	0
2024-11-02 22:55:00	29.73408375	49.9110542375	50	1	0	0	0	0
2024-11-02 22:55:10	29.79185875	49.9765203875	50	1	0	0	0	0
2024-11-02 22:55:20	29.8493355875	50.0291325	50	1	0	0	0	0
2024-11-02 22:55:30	29.9059179375	50.0431825	50	1	0	0	0	0
2024-11-02 22:55:40	29.9462553625	50.0509017125	50	1	0	0	0	0
2024-11-02 22:55:50	29.9378580125	50.0396285625	50	1	0	0	0	0
2024-11-02 22:56:00	29.9200039125	50.0243191625	50	1	0	0	0	0
2024-11-02 22:56:10	29.8737795625	49.9969010125	50	1	0	0	0	0
2024-11-02 22:56:20	29.855846375	49.990182374999996	50	1	0	0	0	0
2024-11-02 22:56:30	29.922786675	50.045562275	50	1	0	0	0	0
2024-11-02 22:56:40	29.95758294477612	50.07397441393035	50	1	0	0	0	0
2024-11-02 22:56:50	29.895947123880596	50.02148326965174	50	1	0	0	0	0
2024-11-02 22:57:00	29.838764422613064	49.974211989949744	50	1	0	0	0	0
2024-11-02 22:57:10	29.79568326683417	49.94347028140704	50	1	0	0	0	0
2024-11-02 22:57:20	29.768715125	49.9247289	50	1	0	0	0	0
2024-11-02 22:57:30	29.790086025	49.9419885	50	1	0	0	0	0
2024-11-02 22:57:40	29.8081472	49.95811405	50	1	0	0	0	0
2024-11-02 22:57:50	29.8162792	49.97083745	50	1	0	0	0	0
2024-11-02 22:58:00	29.828034674999998	49.982657024999995	50	1	0	0	0	0
2024-11-02 22:58:10	29.850660575	49.991765125	50	1	0	0	0	0
2024-11-02 22:58:20	29.866500612499998	49.998474175	50	1	0	0	0	0
2024-11-02 22:58:30	29.8619830625	49.997986075	50	1	0	0	0	0
2024-11-02 22:58:40	29.8585724875	49.997015325	50	1	0	0	0	0
2024-11-02 22:58:50	29.858482837500002	49.994596625	50	1	0	0	0	0
2024-11-02 22:59:00	29.89530205	50.026693525	50	1	0	0	0	0
2024-11-02 22:59:10	30.04284785	50.162337224999995	50	1	0	0	0	0
2024-11-02 22:59:20	30.1739394375	50.268793374999994	50	1	0	0	0	0
2024-11-02 22:59:30	30.255668387500002	50.287686875	50	1	0	0	0	0
2024-11-02 22:59:40	30.2982382125	50.284796725	50	1	0	0	0	0
2024-11-02 22:59:50	30.2233306625	50.216555625	50	1	0	0	0	0
2024-11-02 23:00:00	30.134536075	50.14572795	50	1	0	0	0	0
2024-11-02 23:00:10	30.004080374999997	50.067140550000005	50	1	0	0	0	0
2024-11-02 23:00:20	29.876929246766167	49.98686019900498	50	1	0	0	0	0
2024-11-02 23:00:30	29.759691833830846	49.901500995024875	50	1	0	0	0	0
2024-11-02 23:00:40	29.666000646231154	49.835135175879394	50	1	0	0	0	0
2024-11-02 23:00:50	29.64687250552764	49.828915075376884	50	1	0	0	0	0
2024-11-02 23:01:00	29.6235814125	49.81940625	50	1	0	0	0	0
2024-11-02 23:01:10	29.5878014625	49.800031249999996	50	1	0	0	0	0
2024-11-02 23:01:20	29.5700244375	49.793604275	50	1	0	0	0	0
2024-11-02 23:01:30	29.6062561875	49.826021374999996	50	1	0	0	0	0
2024-11-02 23:01:40	29.6300445125	49.8475551875	50	1	0	0	0	0
2024-11-02 23:01:50	29.6165025625	49.8364391375	50	1	0	0	0	0
2024-11-02 23:02:00	29.605587212499998	49.8271250625	50	1	0	0	0	0
2024-11-02 23:02:10	29.6025516625	49.8232169125	50	1	0	0	0	0
2024-11-02 23:02:20	29.598978725	49.820576325	50	1	0	0	0	0
2024-11-02 23:02:30	29.593793625	49.821738425	50	1	0	0	0	0
2024-11-02 23:02:40	29.6083049875	49.8351955125	50	1	0	0	0	0
2024-11-02 23:02:50	29.6819057375	49.8855375625	50	1	0	0	0	0
2024-11-02 23:03:00	29.7495510375	49.93321135	50	1	0	0	0	0
2024-11-02 23:03:10	29.799329987500002	49.97288035	50	1	0	0	0	0
2024-11-02 23:03:20	29.8284165875	49.9957943375	50	1	0	0	0	0
2024-11-02 23:03:30	29.7954261375	49.9684432875	50	1	0	0	0	0
2024-11-02 23:03:40	29.7660028875	49.947735375	50	1	0	0	0	0
2024-11-02 23:03:50	29.7472812375	49.946956875	50	1	0	0	0	0
2024-11-02 23:04:00	29.7511068625	49.9560060625	50	1	0	0	0	0
2024-11-02 23:04:10	29.8225743125	49.9945383125	50	1	0	0	0	0
2024-11-02 23:04:20	29.8994846125	50.040145875	50	1	0	0	0	0
2024-11-02 23:04:30	29.9927234625	50.106979375	50	1	0	0	0	0
2024-11-02 23:04:40	30.0564704	50.1515159625	50	1	0	0	0	0
2024-11-02 23:04:50	30.0317416	50.1291618125	50	1	0	0	0	0
2024-11-02 23:05:00	29.9960722625	50.096322025	50	1	0	0	0	0
2024-11-02 23:05:10	29.9275813125	50.032025325	50	1	0	0	0	0
2024-11-02 23:05:20	29.84707479154229	49.96773777512438	50	1	0	0	0	0
2024-11-02 23:05:30	29.730521557711445	49.90347767562189	50	1	0	0	0	0
2024-11-02 23:05:40	29.641961469849246	49.855317788944724	50	1	0	0	0	0
2024-11-02 23:05:50	29.642046344221104	49.85814190954774	50	1	0	0	0	0
2024-11-02 23:06:00	29.64376875	49.8615303	50	1	0	0	0	0
2024-11-02 23:06:10	29.65040375	49.8666115	50	1	0	0	0	0
2024-11-02 23:06:20	29.6545834079602	49.87128404179105	50	1	0	0	0	0
2024-11-02 23:06:30	29.651397039800997	49.874730608955225	50	1	0	0	0	0
2024-11-02 23:06:40	29.650565502512563	49.87787462311558	50	1	0	0	0	0
2024-11-02 23:06:50	29.65719092964824	49.88006055276382	50	1	0	0	0	0
2024-11-02 23:07:00	29.669025	49.888725550000004	50	1	0	0	0	0
2024-11-02 23:07:10	29.696485	49.91682775	50	1	0	0	0	0
2024-11-02 23:07:20	29.7291095375	49.9444356375	50	1	0	0	0	0
2024-11-02 23:07:30	29.7772276875	49.9705605875	50	1	0	0	0	0
2024-11-02 23:07:40	29.8440422625	50.0130915875	50	1	0	0	0	0
2024-11-02 23:07:50	29.9669461125	50.1048407375	50	1	0	0	0	0
2024-11-02 23:08:00	30.064751	50.175148525	50	1	0	0	0	0
2024-11-02 23:08:10	30.087259	50.181132225	50	1	0	0	0	0
2024-11-02 23:08:20	30.0863403	50.1684595	50	1	0	0	0	0
2024-11-02 23:08:30	30.0151415	50.0998175	50	1	0	0	0	0
2024-11-02 23:08:40	29.9578261375	50.049789	50	1	0	0	0	0
2024-11-02 23:08:50	29.9421610875	50.055600999999996	50	1	0	0	0	0
2024-11-02 23:09:00	29.9113741	50.04561905	50	1	0	0	0	0
2024-11-02 23:09:10	29.8352213	49.98825525	50	1	0	0	0	0
2024-11-02 23:09:20	29.7663340625	49.938406475	50	1	0	0	0	0
2024-11-02 23:09:30	29.7192435125	49.911102775	50	1	0	0	0	0
2024-11-02 23:09:40	29.678301787499997	49.885335624999996	50	1	0	0	0	0
2024-11-02 23:09:50	29.6558065375	49.864178124999995	50	1	0	0	0	0
2024-11-02 23:10:00	29.637678483084578	49.849695572139304	50	1	0	0	0	0
2024-11-02 23:10:10	29.632652015422888	49.85523786069652	50	1	0	0	0	0
2024-11-02 23:10:20	29.636509439698493	49.867274	50	1	0	0	0	0
2024-11-02 23:10:30	29.668499188442212	49.899874	50	1	0	0	0	0
2024-11-02 23:10:40	29.7154357125	49.938100999999996	50	1	0	0	0	0
2024-11-02 23:10:50	29.8072125625	49.993209	50	1	0	0	0	0
2024-11-02 23:11:00	29.8760452	50.03454	50	1	0	0	0	0
2024-11-02 23:11:10	29.8760452	50.03454	50	1	0	0	0	0
2024-11-02 23:11:20	30.1875169375	50.26649475	50	1	0	0	0	0
2024-11-02 23:11:30	30.0805518875	50.177780150000004	50	1	0	0	0	0
2024-11-02 23:11:40	29.982146775	50.094593675	50	1	0	0	0	0
2024-11-02 23:11:50	29.909421475000002	50.027991575	50	1	0	0	0	0
2024-11-02 23:12:00	29.820523525	49.9583475	50	1	0	0	0	0
2024-11-02 23:12:10	29.683107624999998	49.8795775	50	1	0	0	0	0
2024-11-02 23:12:20	29.626538512499998	49.8557225	50	1	0	0	0	0
2024-11-02 23:12:30	29.8125097625	49.9966125	50	1	0	0	0	0
2024-11-02 23:12:40	29.9402878125	50.091085725	50	1	0	0	0	0
2024-11-02 23:12:50	29.893486262499998	50.046308625	50	1	0	0	0	0
2024-11-02 23:13:00	29.85110337114428	50.0076044318408	50	1	0	0	0	0
2024-11-02 23:13:10	29.821976455721394	49.98711895920398	50	1	0	0	0	0
2024-11-02 23:13:20	29.794913511557787	49.968327487437186	50	1	0	0	0	0
2024-11-02 23:13:30	29.77438647638191	49.954900351758795	50	1	0	0	0	0
2024-11-02 23:13:40	29.769037925	49.95283375	50	1	0	0	0	0
2024-11-02 23:13:50	29.809224825	49.98484875	50	1	0	0	0	0
2024-11-02 23:14:00	29.8777351375	50.034285624999995	50	1	0	0	0	0
2024-11-02 23:14:10	30.0312156875	50.135988125	50	1	0	0	0	0
2024-11-02 23:14:20	30.155476125	50.2188873125	50	1	0	0	0	0
2024-11-02 23:14:30	30.192076224999997	50.2453765625	50	1	0	0	0	0
2024-11-02 23:14:40	30.2134359	50.259125562499996	50	1	0	0	0	0
2024-11-02 23:14:50	30.1890743	50.2346538125	50	1	0	0	0	0
2024-11-02 23:15:00	30.13171985	50.186900249999994	50	1	0	0	0	0
2024-11-02 23:15:10	29.97538685	50.069301249999995	50	1	0	0	0	0
2024-11-02 23:15:20	29.8369283375	49.9684386375	50	1	0	0	0	0
2024-11-02 23:15:30	29.7520932875	49.9177851875	50	1	0	0	0	0
2024-11-02 23:15:40	29.6556868375	49.855056312500004	50	1	0	0	0	0
2024-11-02 23:15:50	29.5245661875	49.7561011625	50	1	0	0	0	0
2024-11-02 23:16:00	29.4410049875	49.695677312499996	50	1	0	0	0	0
2024-11-02 23:16:10	29.5001221375	49.7508473625	50	1	0	0	0	0
2024-11-02 23:16:20	29.5892567375	49.8249230375	50	1	0	0	0	0
2024-11-02 23:16:30	29.7684436875	49.9557155875	50	1	0	0	0	0
2024-11-02 23:16:40	29.8728153375	50.0315855875	50	1	0	0	0	0
2024-11-02 23:16:50	29.752741087500002	49.9426879375	50	1	0	0	0	0
2024-11-02 23:17:00	29.649407862500002	49.86591195	50	1	0	0	0	0
2024-11-02 23:17:10	29.5962977125	49.82550095	50	1	0	0	0	0
2024-11-02 23:17:20	29.552205597512437	49.79425801094528	50	1	0	0	0	0
2024-11-02 23:17:30	29.53516758756219	49.79051925472637	50	1	0	0	0	0
2024-11-02 23:17:40	29.52607518643216	49.793985603015074	50	1	0	0	0	0
2024-11-02 23:17:50	29.5421438798995	49.82026811557789	50	1	0	0	0	0
2024-11-02 23:18:00	29.556403875	49.838867199999996	50	1	0	0	0	0
2024-11-02 23:18:10	29.565237775	49.834416	50	1	0	0	0	0
2024-11-02 23:18:20	29.577637799999998	49.83903665	50	1	0	0	0	0
2024-11-02 23:18:30	29.6007362	49.87087285	50	1	0	0	0	0
2024-11-02 23:18:40	29.639689699999998	49.9064175	50	1	0	0	0	0
2024-11-02 23:18:50	29.7262085	49.9530875	50	1	0	0	0	0
2024-11-02 23:19:00	29.7897243125	49.98671	50	1	0	0	0	0
2024-11-02 23:19:10	29.784231162500003	49.98119	50	1	0	0	0	0
2024-11-02 23:19:20	29.758199887500002	49.9624607875	50	1	0	0	0	0
2024-11-02 23:19:30	29.6705542375	49.9041039375	50	1	0	0	0	0
2024-11-02 23:19:40	29.600499175	49.8599467625	50	1	0	0	0	0
2024-11-02 23:19:50	29.583215875	49.8583886125	50	1	0	0	0	0
2024-11-02 23:20:00	29.5939040375	49.8718645875	50	1	0	0	0	0
2024-11-02 23:20:10	29.6885065875	49.9304429375	50	1	0	0	0	0
2024-11-02 23:20:20	29.7768439875	49.9864764375	50	1	0	0	0	0
2024-11-02 23:20:30	29.8463859375	50.0348753875	50	1	0	0	0	0
2024-11-02 23:20:40	29.9104497375	50.079076525	50	1	0	0	0	0
2024-11-02 23:20:50	29.9580790875	50.110684225	50	1	0	0	0	0
2024-11-02 23:21:00	29.98560785	50.1256579	50	1	0	0	0	0
2024-11-02 23:21:10	29.952834850000002	50.0907295	50	1	0	0	0	0
2024-11-02 23:21:20	29.919680137500002	50.061119525	50	1	0	0	0	0
2024-11-02 23:21:30	29.885380287500002	50.047464825	50	1	0	0	0	0
2024-11-02 23:21:40	29.864780437500002	50.048002075	50	1	0	0	0	0
2024-11-02 23:21:50	29.885280587500002	50.091115175	50	1	0	0	0	0
2024-11-02 23:22:00	29.9294569125	50.13553625	50	1	0	0	0	0
2024-11-02 23:22:10	30.044661762500002	50.18388125	50	1	0	0	0	0
2024-11-02 23:22:20	30.124730375	50.213727500000005	50	1	0	0	0	0
2024-11-02 23:22:30	30.099390274999998	50.188077500000006	50	1	0	0	0	0
2024-11-02 23:22:40	30.0563225625	50.1531825	50	1	0	0	0	0
2024-11-02 23:22:50	29.9600720125	50.0905525	50	1	0	0	0	0
2024-11-02 23:23:00	29.8943028125	50.04551	50	1	0	0	0	0
2024-11-02 23:23:10	29.9199776625	50.05323	50	1	0	0	0	0
2024-11-02 23:23:20	29.92506666069652	50.05135751243781	50	1	0	0	0	0
2024-11-02 23:23:30	29.868398103482587	50.02070756218905	50	1	0	0	0	0
2024-11-02 23:23:40	29.82677055477387	49.99924271356784	50	1	0	0	0	0
2024-11-02 23:23:50	29.83277286633166	50.0068640201005	50	1	0	0	0	0
2024-11-02 23:24:00	29.858613537500002	50.02638375	50	1	0	0	0	0
2024-11-02 23:24:10	29.9439692875	50.08159875	50	1	0	0	0	0
2024-11-02 23:24:20	30.0059662125	50.12121875	50	1	0	0	0	0
2024-11-02 23:24:30	29.9978866625	50.11405375	50	1	0	0	0	0
2024-11-02 23:24:40	29.9882082875	50.10590585	50	1	0	0	0	0
2024-11-02 23:24:50	29.973733437499998	50.094809250000004	50	1	0	0	0	0
2024-11-02 23:25:00	29.9534907625	50.078124700000004	50	1	0	0	0	0
2024-11-02 23:25:10	29.9159446125	50.0446763	50	1	0	0	0	0
2024-11-02 23:25:20	29.8912399125	50.023504637500004	50	1	0	0	0	0
2024-11-02 23:25:30	29.9050595625	50.0391631875	50	1	0	0	0	0
2024-11-02 23:25:40	29.9212371875	50.058822125000006	50	1	0	0	0	0
2024-11-02 23:25:50	29.944488737500002	50.090482225	50	1	0	0	0	0
2024-11-02 23:26:00	30.007855225	50.141318887500006	50	1	0	0	0	0
2024-11-02 23:26:10	30.191566525000002	50.2496852375	50	1	0	0	0	0
2024-11-02 23:26:20	30.323821962500002	50.319541574999995	50	1	0	0	0	0
2024-11-02 23:26:30	30.3017098125	50.273867875	50	1	0	0	0	0
2024-11-02 23:26:40	30.2351877375	50.21108295	50	1	0	0	0	0
2024-11-02 23:26:50	30.0354358875	50.09696435	50	1	0	0	0	0
2024-11-02 23:27:00	29.870887025000002	50.0004906375	50	1	0	0	0	0
2024-11-02 23:27:10	29.811947125	49.9569515875	50	1	0	0	0	0
2024-11-02 23:27:20	29.768254425000002	49.9257097	50	1	0	0	0	0
2024-11-02 23:27:30	29.770303325	49.931359300000004	50	1	0	0	0	0
2024-11-02 23:27:40	29.785001075	49.944337875	50	1	0	0	0	0
2024-11-02 23:27:50	29.837645375	49.979303375	50	1	0	0	0	0
2024-11-02 23:28:00	29.8812620625	50.0087833375	50	1	0	0	0	0
2024-11-02 23:28:10	29.897795912499998	50.0218066875	50	1	0	0	0	0
2024-11-02 23:28:20	29.897041075	50.028640225000004	50	1	0	0	0	0
2024-11-02 23:28:30	29.844420175	50.016904325	50	1	0	0	0	0
2024-11-02 23:28:40	29.8144066125	50.00849865	50	1	0	0	0	0
2024-11-02 23:28:50	29.8522150625	50.01008365	50	1	0	0	0	0
2024-11-02 23:29:00	29.8768072375	50.0092146	50	1	0	0	0	0
2024-11-02 23:29:10	29.8617505875	50.0009834	50	1	0	0	0	0
2024-11-02 23:29:20	29.862324468159205	50.00235424129353	50	1	0	0	0	0
2024-11-02 23:29:30	29.90978994079602	50.03253120646766	50	1	0	0	0	0
2024-11-02 23:29:40	29.963091329850748	50.06789045223881	50	1	0	0	0	0
2024-11-02 23:29:50	30.034873120895522	50.11966025323383	50	1	0	0	0	0
2024-11-02 23:30:00	30.08641776119403	50.15572626069652	50	1	0	0	0	0
2024-11-02 23:30:10	30.07021194029851	50.13921869850746	50	1	0	0	0	0
2024-11-02 23:30:20	30.054715624875623	50.12622428457712	50	1	0	0	0	0
2024-11-02 23:30:30	30.04173482885572	50.125685578109454	50	1	0	0	0	0
2024-11-02 23:30:40	30.01928164328358	50.114424940298505	50	1	0	0	0	0
2024-11-02 23:30:50	29.96119423034826	50.06282941791044	50	1	0	0	0	0
2024-11-02 23:31:00	29.9005857	50.011445699999996	50	1	0	0	0	0
2024-11-02 23:31:10	29.8298927	49.960909199999996	50	1	0	0	0	0
2024-11-02 23:31:20	29.77014426	49.91890556	50	1	0	0	0	0
2024-11-02 23:31:30	29.75417406	49.91103336	50	1	0	0	0	0
2024-11-02 23:31:40	29.74618687	49.9078564	50	1	0	0	0	0
2024-11-02 23:31:50	29.770131720000002	49.9234604	50	1	0	0	0	0
2024-11-02 23:32:00	29.798056250000002	49.94257424	50	1	0	0	0	0
2024-11-02 23:32:10	29.8418995	49.97572744	50	1	0	0	0	0
2024-11-02 23:32:20	29.862086480000002	49.99281499999999	50	1	0	0	0	0
2024-11-02 23:32:30	29.78764838	49.94564	50	1	0	0	0	0
2024-11-02 23:32:40	29.735399110000003	49.912376339999994	50	1	0	0	0	0
2024-11-02 23:32:50	29.771905160000003	49.93475804	50	1	0	0	0	0
2024-11-02 23:33:00	29.801971100000003	49.95474127	50	1	0	0	0	0
2024-11-02 23:33:10	29.8062766	49.96513062	50	1	0	0	0	0
2024-11-02 23:33:20	29.81347962	49.97473719	50	1	0	0	0	0
2024-11-02 23:33:30	29.83227272	49.98121264	50	1	0	0	0	0
2024-11-02 23:33:40	29.84827348	49.987407329999996	50	1	0	0	0	0
2024-11-02 23:33:50	29.85310488	49.99247898	50	1	0	0	0	0
2024-11-02 23:34:00	29.86341644	50.00067295	50	1	0	0	0	0
2024-11-02 23:34:10	29.89564864	50.0213562	50	1	0	0	0	0
2024-11-02 23:34:20	29.92177296	50.03721883	50	1	0	0	0	0
2024-11-02 23:34:30	29.92346576	50.03379898	50	1	0	0	0	0
2024-11-02 23:34:40	29.92291226	50.03051111	50	1	0	0	0	0
2024-11-02 23:34:50	29.91337356	50.02775116	50	1	0	0	0	0
2024-11-02 23:35:00	29.91931816	50.03704288	50	1	0	0	0	0
2024-11-02 23:35:10	29.98719596	50.09454128	50	1	0	0	0	0
2024-11-02 23:35:20	30.04130613	50.13777865	50	1	0	0	0	0
2024-11-02 23:35:30	30.04034578	50.1239719	50	1	0	0	0	0
2024-11-02 23:35:40	30.03049242	50.10471885	50	1	0	0	0	0
2024-11-02 23:35:50	29.985067020000002	50.0636806	50	1	0	0	0	0
2024-11-02 23:36:00	29.94941983	50.032947	50	1	0	0	0	0
2024-11-02 23:36:10	29.95288548	50.043432	50	1	0	0	0	0
2024-11-02 23:36:20	29.96045154	50.05406522	50	1	0	0	0	0
2024-11-02 23:36:30	29.98441924	50.06529132	50	1	0	0	0	0
2024-11-02 23:36:40	29.99828068	50.07133098	50	1	0	0	0	0
2024-11-02 23:36:50	29.97171708	50.05662488	50	1	0	0	0	0
2024-11-02 23:37:00	29.94860043	50.043582	50	1	0	0	0	0
2024-11-02 23:37:10	29.93927158	50.037192	50	1	0	0	0	0
2024-11-02 23:37:20	29.9427481	50.039427	50	1	0	0	0	0
2024-11-02 23:37:30	29.997446099999998	50.076162000000004	50	1	0	0	0	0
2024-11-02 23:37:40	30.04773144	50.11057155	50	1	0	0	0	0
2024-11-02 23:37:50	30.08036614	50.1356793	50	1	0	0	0	0
2024-11-02 23:38:00	30.13013361	50.17073323	50	1	0	0	0	0
2024-11-02 23:38:10	30.24843216	50.24557188	50	1	0	0	0	0
2024-11-02 23:38:20	30.333049789999997	50.294343940000005	50	1	0	0	0	0
2024-11-02 23:38:30	30.28294374	50.238849640000005	50	1	0	0	0	0
2024-11-02 23:38:40	30.21783277	50.180227290000005	50	1	0	0	0	0
2024-11-02 23:38:50	30.092702120000002	50.10909274	50	1	0	0	0	0
2024-11-02 23:39:00	29.98435957	50.045786320000005	50	1	0	0	0	0
2024-11-02 23:39:10	29.94316942	50.01379242	50	1	0	0	0	0
2024-11-02 23:39:20	29.90166284	49.982937570000004	50	1	0	0	0	0
2024-11-02 23:39:30	29.85889054	49.95663892	50	1	0	0	0	0
2024-11-02 23:39:40	29.81751213	49.930121740000004	50	1	0	0	0	0
2024-11-02 23:39:50	29.78170928	49.90273044	50	1	0	0	0	0
2024-11-02 23:40:00	29.75302065	49.88180266	50	1	0	0	0	0
2024-11-02 23:40:10	29.7527889	49.88672896	50	1	0	0	0	0
2024-11-02 23:40:20	29.76339738	49.89785	50	1	0	0	0	0
2024-11-02 23:40:30	29.81736678	49.93375	50	1	0	0	0	0
2024-11-02 23:40:40	29.84706078	49.95382638	50	1	0	0	0	0
2024-11-02 23:40:50	29.77965318	49.910608280000005	50	1	0	0	0	0
2024-11-02 23:41:00	29.7257271	49.8760338	50	1	0	0	0	0
2024-11-02 23:41:10	29.7257271	49.8760338	50	1	0	0	0	0
2024-11-02 23:41:20	29.733537589999997	49.889769720000004	50	1	0	0	0	0
2024-11-02 23:41:30	29.80080004	49.934779320000004	50	1	0	0	0	0
2024-11-02 23:41:40	29.860073	49.97544284	50	1	0	0	0	0
2024-11-02 23:41:50	29.887388	49.998722040000004	50	1	0	0	0	0
2024-11-02 23:42:00	29.933736	50.03333886	50	1	0	0	0	0
2024-11-02 23:42:10	30.056216	50.11330616	50	1	0	0	0	0
2024-11-02 23:42:20	30.15435732	50.17697029	50	1	0	0	0	0
2024-11-02 23:42:30	30.15514392	50.17542174	50	1	0	0	0	0
2024-11-02 23:42:40	30.14237064	50.164467609999996	50	1	0	0	0	0
2024-11-02 23:42:50	30.07535784	50.11589116	50	1	0	0	0	0
2024-11-02 23:43:00	30.02518617	50.079978	50	1	0	0	0	0
2024-11-02 23:43:10	30.04237902	50.094718	50	1	0	0	0	0
2024-11-02 23:43:20	30.0554354	50.105015800000004	50	1	0	0	0	0
2024-11-02 23:43:30	30.0519459	50.0975448	50	1	0	0	0	0
2024-11-02 23:43:40	30.03492834	50.0801468	50	1	0	0	0	0
2024-11-02 23:43:50	29.96379854	50.023040800000004	50	1	0	0	0	0
2024-11-02 23:44:00	29.898069399999997	49.9727594	50	1	0	0	0	0
2024-11-02 23:44:10	29.8539429	49.9497764	50	1	0	0	0	0
2024-11-02 23:44:20	29.813816680000002	49.92827862	50	1	0	0	0	0
2024-11-02 23:44:30	29.78969158	49.91272172	50	1	0	0	0	0
2024-11-02 23:44:40	29.79014877	49.915262580000004	50	1	0	0	0	0
2024-11-02 23:44:50	29.88893512	49.99019448	50	1	0	0	0	0
2024-11-02 23:45:00	29.96444266	50.04059567	50	1	0	0	0	0
2024-11-02 23:45:10	29.94683496	49.99287402	50	1	0	0	0	0
2024-11-02 23:45:20	29.91991692	49.95186103	50	1	0	0	0	0
2024-11-02 23:45:30	29.85575752	49.93768268	50	1	0	0	0	0
2024-11-02 23:45:40	29.80490226	49.927248000000006	50	1	0	0	0	0
2024-11-02 23:45:50	29.80726356	49.931788000000005	50	1	0	0	0	0
2024-11-02 23:46:00	29.816236110000002	49.940071	50	1	0	0	0	0
2024-11-02 23:46:10	29.85165366	49.963326	50	1	0	0	0	0
2024-11-02 23:46:20	29.88331145	49.985334	50	1	0	0	0	0
2024-11-02 23:46:30	29.8999302	50.002354000000004	50	1	0	0	0	0
2024-11-02 23:46:40	29.92363989	50.022035200000005	50	1	0	0	0	0
2024-11-02 23:46:50	29.97571334	50.0523612	50	1	0	0	0	0
2024-11-02 23:47:00	30.02860066	50.08437041	50	1	0	0	0	0
2024-11-02 23:47:10	30.08474346	50.12311246	50	1	0	0	0	0
2024-11-02 23:47:20	30.123368929999998	50.149156149999996	50	1	0	0	0	0
2024-11-02 23:47:30	30.09192508	50.1244064	50	1	0	0	0	0
2024-11-02 23:47:40	30.055203000000002	50.093791939999996	50	1	0	0	0	0
2024-11-02 23:47:50	29.997368	50.03971864	50	1	0	0	0	0
2024-11-02 23:48:00	29.93854348	49.99043735	50	1	0	0	0	0
2024-11-02 23:48:10	29.87576088	49.9603241	50	1	0	0	0	0
2024-11-02 23:48:20	29.83657759	49.94551815	50	1	0	0	0	0
2024-11-02 23:48:30	29.89179154	49.9919414	50	1	0	0	0	0
2024-11-02 23:48:40	29.95545218	50.04089749	50	1	0	0	0	0
2024-11-02 23:48:50	30.052899580000002	50.09998494	50	1	0	0	0	0
2024-11-02 23:49:00	30.13748675	50.14893871	50	1	0	0	0	0
2024-11-02 23:49:10	30.170633000000002	50.157357760000004	50	1	0	0	0	0
2024-11-02 23:49:20	30.16651467	50.1450887	50	1	0	0	0	0
2024-11-02 23:49:30	30.01333802	50.0500672	50	1	0	0	0	0
2024-11-02 23:49:40	29.88124641	49.964058	50	1	0	0	0	0
2024-11-02 23:49:50	29.83349496	49.914098	50	1	0	0	0	0
2024-11-02 23:50:00	29.78596229	49.871529	50	1	0	0	0	0
2024-11-02 23:50:10	29.73930474	49.858524	50	1	0	0	0	0
2024-11-02 23:50:20	29.70295621	49.848877380000005	50	1	0	0	0	0
2024-11-02 23:50:30	29.70784376	49.85266428	50	1	0	0	0	0
2024-11-02 23:50:40	29.70973583	49.85495242	50	1	0	0	0	0
2024-11-02 23:50:50	29.69964598	49.85124552	50	1	0	0	0	0
2024-11-02 23:51:00	29.69668503	49.85145173	50	1	0	0	0	0
2024-11-02 23:51:10	29.72223968	49.86731038	50	1	0	0	0	0
2024-11-02 23:51:20	29.753763380000002	49.88860783	50	1	0	0	0	0
2024-11-02 23:51:30	29.80916328	49.93166048	50	1	0	0	0	0
2024-11-02 23:51:40	29.84879017	49.96511574	50	1	0	0	0	0
2024-11-02 23:51:50	29.82532502	49.96018144	50	1	0	0	0	0
2024-11-02 23:52:00	29.8162634	49.96085207	50	1	0	0	0	0
2024-11-02 23:52:10	29.8648159	49.983942420000005	50	1	0	0	0	0
2024-11-02 23:52:20	29.89746611	49.99799156	50	1	0	0	0	0
2024-11-02 23:52:30	29.86650716	49.97587586	50	1	0	0	0	0
2024-11-02 23:52:40	29.8422643	49.9587845	50	1	0	0	0	0
2024-11-02 23:52:50	29.8448858	49.9617905	50	1	0	0	0	0
2024-11-02 23:53:00	29.8530637	49.96839223	50	1	0	0	0	0
2024-11-02 23:53:10	29.8834672	49.98937688	50	1	0	0	0	0
2024-11-02 23:53:20	29.898221139999997	49.99966893	50	1	0	0	0	0
2024-11-02 23:53:30	29.85037684	49.96719058	50	1	0	0	0	0
2024-11-02 23:53:40	29.80768073	49.93867875	50	1	0	0	0	0
2024-11-02 23:53:50	29.78557738	49.926033000000004	50	1	0	0	0	0
2024-11-02 23:54:00	29.77088791	49.917820320000004	50	1	0	0	0	0
2024-11-02 23:54:10	29.78585396	49.92733992	50	1	0	0	0	0
2024-11-02 23:54:20	29.793872479999997	49.93165932	50	1	0	0	0	0
2024-11-02 23:54:30	29.77410088	49.915177920000005	50	1	0	0	0	0
2024-11-02 23:54:40	29.758416349999997	49.90306015	50	1	0	0	0	0
2024-11-02 23:54:50	29.7590801	49.9083969	50	1	0	0	0	0
2024-11-02 23:55:00	29.76225049	49.916324669999995	50	1	0	0	0	0
2024-11-02 23:55:10	29.77544744	49.93461652	50	1	0	0	0	0
2024-11-02 23:55:20	29.81310003	49.966384	50	1	0	0	0	0
2024-11-02 23:55:30	29.94857518	50.052054	50	1	0	0	0	0
2024-11-02 23:55:40	30.055466239999998	50.119124	50	1	0	0	0	0
2024-11-02 23:55:50	30.04802094	50.111794	50	1	0	0	0	0
2024-11-02 23:56:00	30.04944537	50.11098756	50	1	0	0	0	0
2024-11-02 23:56:10	30.08634872	50.13627536	50	1	0	0	0	0
2024-11-02 23:56:20	30.11206739	50.15400926	50	1	0	0	0	0
2024-11-02 23:56:30	30.09304734	50.14152756	50	1	0	0	0	0
2024-11-02 23:56:40	30.0985575	50.14493751	50	1	0	0	0	0
2024-11-02 23:56:50	30.2021885	50.21191406	50	1	0	0	0	0
2024-11-02 23:57:00	30.25360197	50.23742142	50	1	0	0	0	0
2024-11-02 23:57:10	30.096145319999998	50.09705202	50	1	0	0	0	0
2024-11-02 23:57:20	29.94914448	49.976081490000006	50	1	0	0	0	0
2024-11-02 23:57:30	29.84396688	49.932706440000004	50	1	0	0	0	0
2024-11-02 23:57:40	29.75364251	49.89312397	50	1	0	0	0	0
2024-11-02 23:57:50	29.72273106	49.86871182	50	1	0	0	0	0
2024-11-02 23:58:00	29.703533020000002	49.854336520000004	50	1	0	0	0	0
2024-11-02 23:58:10	29.73118862	49.88010862	50	1	0	0	0	0
2024-11-02 23:58:20	29.77006114	49.90859067	50	1	0	0	0	0
2024-11-02 23:58:30	29.85380134	49.94791252	50	1	0	0	0	0
2024-11-02 23:58:40	29.903336489999997	49.971289340000006	50	1	0	0	0	0
2024-11-02 23:58:50	29.81605144	49.930886040000004	50	1	0	0	0	0
2024-11-02 23:59:00	29.748892060000003	49.90209706	50	1	0	0	0	0
2024-11-02 23:59:10	29.762235360000002	49.91976536	50	1	0	0	0	0
2024-11-02 23:59:20	29.76035212	49.923878	50	1	0	0	0	0
2024-11-02 23:59:30	29.69756272	49.873768	50	1	0	0	0	0
2024-11-02 23:59:40	29.65996608	49.84579464	50	1	0	0	0	0
2024-11-02 23:59:50	29.723140479999998	49.90636784	50	1	0	0	0	0
2024-11-03 00:00:00	29.771060419999998	49.950166360000004	50	1	0	0	0	0
