PROCESSDATA	2111PIC10201 Data	yyyy-MM-dd HH:mm:ss
8	10	2024-09-02 21:55:00	751
tagname	2111PIC10201.MV	2111PIC10201.PV	2111PIC10201.SV	2111PIC10201.MODE	bOpOFL	bPvOFL	bSpOFL	bAutOFL
desc	D102_OP	D102_PV	D102_SP	Aut	bOpOFL	bPvOFL	bSpOFL	bAutOFL
fsMax=6.827735499999989	fsMin=0	fsGridNum=10	fdMax=6.827735499999989tfdMin=0	fdGridNum=10	v0GridNum=10	L=24
2024-09-02 21:55:00	391.1989063529412	1.2217496494117648	1.22507036	1	0	0	0	0
2024-09-02 21:55:10	392.198822	1.22658284	1.22507036	1	0	0	0	0
2024-09-02 21:55:20	391.3846804897959	1.2201103663265307	1.22507036	1	0	0	0	0
2024-09-02 21:55:30	390.74739872	1.2178890826	1.22507036	1	0	0	0	0
2024-09-02 21:55:40	391.2011228	1.223920296	1.22507036	1	0	0	0	0
2024-09-02 21:55:50	392.667816	1.2263599644	1.22507036	1	0	0	0	0
2024-09-02 21:56:00	391.11286486	1.218569833	1.22507036	1	0	0	0	0
2024-09-02 21:56:10	391.09349399999996	1.2217076327999998	1.22507036	1	0	0	0	0
2024-09-02 21:56:20	391.85959836	1.2251903788	1.22507036	1	0	0	0	0
2024-09-02 21:56:30	392.22995	1.2249480752941178	1.22507036	1	0	0	0	0
2024-09-02 21:56:40	392.13474846	1.2248859456	1.22507036	1	0	0	0	0
2024-09-02 21:56:50	392.47364	1.2259887664	1.22507036	1	0	0	0	0
2024-09-02 21:57:00	392.02723	1.2224149720000002	1.22507036	1	0	0	0	0
2024-09-02 21:57:10	392.1926	1.2269966886	1.22507036	1	0	0	0	0
2024-09-02 21:57:20	392.24876028	1.2249064024	1.22507036	1	0	0	0	0
2024-09-02 21:57:30	391.26309375510203	1.2196206040816326	1.22507036	1	0	0	0	0
2024-09-02 21:57:40	391.1620484	1.2223795899999998	1.22507036	1	0	0	0	0
2024-09-02 21:57:50	391.7973	1.222096151764706	1.22507036	1	0	0	0	0
2024-09-02 21:58:00	391.49141354	1.2217470128	1.22507036	1	0	0	0	0
2024-09-02 21:58:10	391.96922354	1.2259254088	1.22507036	1	0	0	0	0
2024-09-02 21:58:20	391.7854796	1.2213051320000001	1.22507036	1	0	0	0	0
2024-09-02 21:58:30	390.7641	1.2183673346938775	1.22507036	1	0	0	0	0
2024-09-02 21:58:40	392.07362356	1.2260986094	1.22507036	1	0	0	0	0
2024-09-02 21:58:50	392.593089	1.2266670398	1.22507036	1	0	0	0	0
2024-09-02 21:59:00	392.13766670588234	1.2227841605882355	1.22507036	1	0	0	0	0
2024-09-02 21:59:10	391.205627	1.2230031558	1.22507036	1	0	0	0	0
2024-09-02 21:59:20	392.65734994	1.2285947106000001	1.22507036	1	0	0	0	0
2024-09-02 21:59:30	392.41161625999996	1.2243459774	1.22507036	1	0	0	0	0
2024-09-02 21:59:40	391.4708180588235	1.2228621417647059	1.22507036	1	0	0	0	0
2024-09-02 21:59:50	392.517242	1.227608605882353	1.22507036	1	0	0	0	0
2024-09-02 22:00:00	391.98886944	1.2231972992	1.22507036	1	0	0	0	0
2024-09-02 22:00:10	391.32914614	1.2212910000000001	1.22507036	1	0	0	0	0
2024-09-02 22:00:20	391.5182454	1.2254704906	1.22507036	1	0	0	0	0
2024-09-02 22:00:30	392.640228	1.2249126046	1.22507036	1	0	0	0	0
2024-09-02 22:00:40	391.62502470588237	1.2226441894117648	1.22507036	1	0	0	0	0
2024-09-02 22:00:50	392.11642304000003	1.226338687	1.22507036	1	0	0	0	0
2024-09-02 22:01:00	392.2905668	1.2236731148	1.22507036	1	0	0	0	0
2024-09-02 22:01:10	390.968384	1.2216887528	1.22507036	1	0	0	0	0
2024-09-02 22:01:20	392.2492051176471	1.2266236329411766	1.22507036	1	0	0	0	0
2024-09-02 22:01:30	392.94209092	1.2296098354	1.22507036	1	0	0	0	0
2024-09-02 22:01:40	393.07478291836736	1.2286816459183674	1.22507036	1	0	0	0	0
2024-09-02 22:01:50	392.6475	1.2272841248000002	1.22507036	1	0	0	0	0
2024-09-02 22:02:00	392.41617873999996	1.2265716638	1.22507036	1	0	0	0	0
2024-09-02 22:02:10	392.39564826000003	1.2258061242	1.22507036	1	0	0	0	0
2024-09-02 22:02:20	392.293465	1.22507976	1.22507036	1	0	0	0	0
2024-09-02 22:02:30	392.036133	1.224960423877551	1.22507036	1	0	0	0	0
2024-09-02 22:02:40	392.0940614	1.2249335799999999	1.22507036	1	0	0	0	0
2024-09-02 22:02:50	391.96461	1.2236223574	1.22507036	1	0	0	0	0
2024-09-02 22:03:00	391.5869280204082	1.2235419751020409	1.22507036	1	0	0	0	0
2024-09-02 22:03:10	391.5869280204082	1.2265582332	1.22507036	1	0	0	0	0
2024-09-02 22:03:20	391.9895182352941	1.224032294117647	1.22507036	1	0	0	0	0
2024-09-02 22:03:30	391.9895182352941	1.224032294117647	1.22507036	1	0	0	0	0
2024-09-02 22:03:40	391.33951387755104	1.2214559704081633	1.22507036	1	0	0	0	0
2024-09-02 22:03:50	391.94568158	1.2285036299999998	1.22507036	1	0	0	0	0
2024-09-02 22:04:00	393.101257	1.2284172394117647	1.22507036	1	0	0	0	0
2024-09-02 22:04:10	392.42452530612246	1.2263243175510203	1.22507036	1	0	0	0	0
2024-09-02 22:04:20	392.61458836	1.2280072986	1.22507036	1	0	0	0	0
2024-09-02 22:04:30	392.77426164	1.228448419	1.22507036	1	0	0	0	0
2024-09-02 22:04:40	392.558746	1.225112512	1.22507036	1	0	0	0	0
2024-09-02 22:04:50	392.2084921	1.2256855454	1.22507036	1	0	0	0	0
2024-09-02 22:05:00	392.22131	1.2247769918367346	1.22507036	1	0	0	0	0
2024-09-02 22:05:10	391.80013673469387	1.223291689387755	1.22507036	1	0	0	0	0
2024-09-02 22:05:20	391.948944	1.224654255	1.22507036	1	0	0	0	0
2024-09-02 22:05:30	392.24153182352944	1.2262122058823528	1.22507036	1	0	0	0	0
2024-09-02 22:05:40	391.9091888235294	1.222073414117647	1.22507036	1	0	0	0	0
2024-09-02 22:05:50	391.37648751999996	1.2223393364000001	1.22507036	1	0	0	0	0
2024-09-02 22:06:00	392.159943	1.2265825002	1.22507036	1	0	0	0	0
2024-09-02 22:06:10	391.7248269	1.2225188716	1.22507036	1	0	0	0	0
2024-09-02 22:06:20	391.8107445	1.2261947136	1.22507036	1	0	0	0	0
2024-09-02 22:06:30	392.68547058823526	1.229182884117647	1.22507036	1	0	0	0	0
2024-09-02 22:06:40	392.574921	1.2253465241176469	1.22507036	1	0	0	0	0
2024-09-02 22:06:50	391.95582034	1.2239049720000001	1.22507036	1	0	0	0	0
2024-09-02 22:07:00	392.70875551020407	1.2296620453061224	1.22507036	1	0	0	0	0
2024-09-02 22:07:10	393.04944367346934	1.227043106122449	1.22507036	1	0	0	0	0
2024-09-02 22:07:20	391.7962	1.2221672847058824	1.22507036	1	0	0	0	0
2024-09-02 22:07:30	392.25628997999996	1.2261686868000001	1.22507036	1	0	0	0	0
2024-09-02 22:07:40	392.84819648	1.2283747806	1.22507036	1	0	0	0	0
2024-09-02 22:07:50	392.2053507058824	1.2227330164705883	1.22507036	1	0	0	0	0
2024-09-02 22:08:00	391.355469	1.2206286304	1.22507036	1	0	0	0	0
2024-09-02 22:08:10	391.58890852	1.2228110612	1.22507036	1	0	0	0	0
2024-09-02 22:08:20	392.1873678163265	1.2262631967346938	1.22507036	1	0	0	0	0
2024-09-02 22:08:30	391.8918669	1.222889058	1.22507036	1	0	0	0	0
2024-09-02 22:08:40	391.885284	1.224668901	1.22507036	1	0	0	0	0
2024-09-02 22:08:50	392.8528217647059	1.2292476170588236	1.22507036	1	0	0	0	0
2024-09-02 22:09:00	393.0549828	1.228363274	1.22507036	1	0	0	0	0
2024-09-02 22:09:10	392.63169999999997	1.2253872860000001	1.22507036	1	0	0	0	0
2024-09-02 22:09:20	392.243958	1.2292407306	1.22507036	1	0	0	0	0
2024-09-02 22:09:30	393.30267054	1.2307041892	1.22507036	1	0	0	0	0
2024-09-02 22:09:40	392.36582446	1.2243626688	1.22507036	1	0	0	0	0
2024-09-02 22:09:50	392.08695098	1.2254224614	1.22507036	1	0	0	0	0
2024-09-02 22:10:00	392.51712	1.2252462666	1.22507036	1	0	0	0	0
2024-09-02 22:10:10	391.74816479591834	1.2228722089795918	1.22507036	1	0	0	0	0
2024-09-02 22:10:20	392.0039787	1.2252694556000001	1.22507036	1	0	0	0	0
2024-09-02 22:10:30	392.4429203	1.2275095778	1.22507036	1	0	0	0	0
2024-09-02 22:10:40	392.746	1.2263754858	1.22507036	1	0	0	0	0
2024-09-02 22:10:50	391.69698950000003	1.2221210978000001	1.22507036	1	0	0	0	0
2024-09-02 22:11:00	392.01140728	1.2261524752	1.22507036	1	0	0	0	0
2024-09-02 22:11:10	392.9948044897959	1.2309341234693878	1.22507036	1	0	0	0	0
2024-09-02 22:11:20	392.8816	1.2273544141176471	1.22507036	1	0	0	0	0
2024-09-02 22:11:30	392.90779772	1.22891114	1.22507036	1	0	0	0	0
2024-09-02 22:11:40	393.20299388	1.2296990632	1.22507036	1	0	0	0	0
2024-09-02 22:11:50	392.69212875510203	1.224996509387755	1.22507036	1	0	0	0	0
2024-09-02 22:12:00	392.399231	1.2276396946938775	1.22507036	1	0	0	0	0
2024-09-02 22:12:10	393.07453428	1.2298443000000001	1.22507036	1	0	0	0	0
2024-09-02 22:12:20	392.33269246	1.2233921808	1.22507036	1	0	0	0	0
2024-09-02 22:12:30	391.76991626	1.2228851254	1.22507036	1	0	0	0	0
2024-09-02 22:12:40	392.281677	1.2269383824	1.22507036	1	0	0	0	0
2024-09-02 22:12:50	392.017514	1.2233936212	1.22507036	1	0	0	0	0
2024-09-02 22:13:00	391.6071294117647	1.2228308164705881	1.22507036	1	0	0	0	0
2024-09-02 22:13:10	392.00566200000003	1.2257350602	1.22507036	1	0	0	0	0
2024-09-02 22:13:20	392.847229	1.227787728	1.22507036	1	0	0	0	0
2024-09-02 22:13:30	392.33047666	1.2261544738	1.22507036	1	0	0	0	0
2024-09-02 22:13:40	392.4131284	1.226486304	1.22507036	1	0	0	0	0
2024-09-02 22:13:50	392.9099020612245	1.2308758530612245	1.22507036	1	0	0	0	0
2024-09-02 22:14:00	393.700348	1.2303011879999999	1.22507036	1	0	0	0	0
2024-09-02 22:14:10	392.05169804081635	1.2234354471428572	1.22507036	1	0	0	0	0
2024-09-02 22:14:20	391.65032272	1.2232553743999999	1.22507036	1	0	0	0	0
2024-09-02 22:14:30	392.5145564705883	1.229345952352941	1.22507036	1	0	0	0	0
2024-09-02 22:14:40	393.252747	1.2267748402	1.22507036	1	0	0	0	0
2024-09-02 22:14:50	391.61111174	1.2208016108	1.22507036	1	0	0	0	0
2024-09-02 22:15:00	391.9895270588235	1.2264570052941177	1.22507036	1	0	0	0	0
2024-09-02 22:15:10	392.79949872000003	1.228067649	1.22507036	1	0	0	0	0
2024-09-02 22:15:20	392.133667	1.2241682304000001	1.22507036	1	0	0	0	0
2024-09-02 22:15:30	392.6840584	1.22778902	1.22507036	1	0	0	0	0
2024-09-02 22:15:40	393.15573616	1.228654768	1.22507036	1	0	0	0	0
2024-09-02 22:15:50	392.77894428	1.2256622384	1.22507036	1	0	0	0	0
2024-09-02 22:16:00	392.236572	1.226806599	1.22507036	1	0	0	0	0
2024-09-02 22:16:10	393.41244866	1.2311017268	1.22507036	1	0	0	0	0
2024-09-02 22:16:20	393.7065067755102	1.2321175795918367	1.22507036	1	0	0	0	0
2024-09-02 22:16:30	393.61304976	1.2286952549999999	1.22507036	1	0	0	0	0
2024-09-02 22:16:40	392.745	1.2268754134	1.22507036	1	0	0	0	0
2024-09-02 22:16:50	392.34126752	1.2249330316	1.22507036	1	0	0	0	0
2024-09-02 22:17:00	392.6218028235294	1.2274321647058823	1.22507036	1	0	0	0	0
2024-09-02 22:17:10	392.85247742	1.2281598924000001	1.22507036	1	0	0	0	0
2024-09-02 22:17:20	393.049622	1.2289712544	1.22507036	1	0	0	0	0
2024-09-02 22:17:30	392.8172	1.2271221008000002	1.22507036	1	0	0	0	0
2024-09-02 22:17:40	391.94848279999997	1.22189555	1.22507036	1	0	0	0	0
2024-09-02 22:17:50	392.03923396	1.2253926634	1.22507036	1	0	0	0	0
2024-09-02 22:18:00	392.813446	1.2267868038	1.22507036	1	0	0	0	0
2024-09-02 22:18:10	392.3076807	1.224862876	1.22507036	1	0	0	0	0
2024-09-02 22:18:20	392.76800306	1.2286512324	1.22507036	1	0	0	0	0
2024-09-02 22:18:30	393.2764910588235	1.2301179170588235	1.22507036	1	0	0	0	0
2024-09-02 22:18:40	392.924042	1.2255493705882352	1.22507036	1	0	0	0	0
2024-09-02 22:18:50	392.75280468	1.2266703774	1.22507036	1	0	0	0	0
2024-09-02 22:19:00	393.718146	1.2324205111764706	1.22507036	1	0	0	0	0
2024-09-02 22:19:10	393.62104800000003	1.2276438256	1.22507036	1	0	0	0	0
2024-09-02 22:19:20	392.2963	1.2253779172	1.22507036	1	0	0	0	0
2024-09-02 22:19:30	392.9809955102041	1.2281531902040816	1.22507036	1	0	0	0	0
2024-09-02 22:19:40	393.1482836734694	1.2279860506122449	1.22507036	1	0	0	0	0
2024-09-02 22:19:50	392.34189176	1.2218682697999999	1.22507036	1	0	0	0	0
2024-09-02 22:20:00	392.12558	1.2248968912244897	1.22507036	1	0	0	0	0
2024-09-02 22:20:10	392.86975244	1.2277954606	1.22507036	1	0	0	0	0
2024-09-02 22:20:20	393.04331904000003	1.2274945356	1.22507036	1	0	0	0	0
2024-09-02 22:20:30	392.457647755102	1.2233123397959182	1.22507036	1	0	0	0	0
2024-09-02 22:20:40	391.541534	1.2198473776	1.22507036	1	0	0	0	0
2024-09-02 22:20:50	392.1068632653061	1.2246976520408164	1.22507036	1	0	0	0	0
2024-09-02 22:21:00	392.8134802	1.22738385	1.22507036	1	0	0	0	0
2024-09-02 22:21:10	392.35774523529415	1.2225202794117647	1.22507036	1	0	0	0	0
2024-09-02 22:21:20	392.242279	1.2265923170588235	1.22507036	1	0	0	0	0
2024-09-02 22:21:30	393.1880964705883	1.229286154117647	1.22507036	1	0	0	0	0
2024-09-02 22:21:40	392.78636028	1.2258652744	1.22507036	1	0	0	0	0
2024-09-02 22:21:50	392.2284048	1.2230095094	1.22507036	1	0	0	0	0
2024-09-02 22:22:00	391.9259	1.22558685	1.22507036	1	0	0	0	0
2024-09-02 22:22:10	392.71868152941175	1.2268685576470588	1.22507036	1	0	0	0	0
2024-09-02 22:22:20	392.18017568	1.2229406973999999	1.22507036	1	0	0	0	0
2024-09-02 22:22:30	391.72121408	1.2211995812	1.22507036	1	0	0	0	0
2024-09-02 22:22:40	391.712	1.224417943877551	1.22507036	1	0	0	0	0
2024-09-02 22:22:50	392.60690002	1.2267154106	1.22507036	1	0	0	0	0
2024-09-02 22:23:00	392.1446486530612	1.2224258587755101	1.22507036	1	0	0	0	0
2024-09-02 22:23:10	391.6374184	1.2211360382	1.22507036	1	0	0	0	0
2024-09-02 22:23:20	391.815979	1.224494648	1.22507036	1	0	0	0	0
2024-09-02 22:23:30	391.9296144	1.222384334	1.22507036	1	0	0	0	0
2024-09-02 22:23:40	391.85753714285715	1.223709107755102	1.22507036	1	0	0	0	0
2024-09-02 22:23:50	392.49450244	1.227682936	1.22507036	1	0	0	0	0
2024-09-02 22:24:00	392.44455	1.223711638979592	1.22507036	1	0	0	0	0
2024-09-02 22:24:10	391.78738529411766	1.2214795688235294	1.22507036	1	0	0	0	0
2024-09-02 22:24:20	392.517849117647	1.2279686017647058	1.22507036	1	0	0	0	0
2024-09-02 22:24:30	393.1154276	1.228547144	1.22507036	1	0	0	0	0
2024-09-02 22:24:40	392.4935	1.2240809724489796	1.22507036	1	0	0	0	0
2024-09-02 22:24:50	392.2871265306122	1.225107624489796	1.22507036	1	0	0	0	0
2024-09-02 22:25:00	392.47752859183674	1.2255682522448978	1.22507036	1	0	0	0	0
2024-09-02 22:25:10	391.90981832	1.2219182742	1.22507036	1	0	0	0	0
2024-09-02 22:25:20	392.302551	1.2245244006	1.22507036	1	0	0	0	0
2024-09-02 22:25:30	392.2439132	1.2246350946	1.22507036	1	0	0	0	0
2024-09-02 22:25:40	392.0793100588235	1.2230288670588234	1.22507036	1	0	0	0	0
2024-09-02 22:25:50	391.54318879591835	1.2203848740816328	1.22507036	1	0	0	0	0
2024-09-02 22:26:00	392.0137	1.2246546471428572	1.22507036	1	0	0	0	0
2024-09-02 22:26:10	392.01430040816325	1.2232170389795918	1.22507036	1	0	0	0	0
2024-09-02 22:26:20	391.6669852	1.22107487	1.22507036	1	0	0	0	0
2024-09-02 22:26:30	391.57608	1.22102113	1.22507036	1	0	0	0	0
2024-09-02 22:26:40	391.385468	1.2229770104000002	1.22507036	1	0	0	0	0
2024-09-02 22:26:50	392.0615656530612	1.2237001363265307	1.22507036	1	0	0	0	0
2024-09-02 22:27:00	391.60255836734694	1.2213038710204083	1.22507036	1	0	0	0	0
2024-09-02 22:27:10	391.84414902	1.2249624066	1.22507036	1	0	0	0	0
2024-09-02 22:27:20	392.749054	1.2257449416326531	1.22507036	1	0	0	0	0
2024-09-02 22:27:30	392.12946979591834	1.2243106679591835	1.22507036	1	0	0	0	0
2024-09-02 22:27:40	392.5723588235294	1.2271987847058823	1.22507036	1	0	0	0	0
2024-09-02 22:27:50	392.65132636	1.2248655184	1.22507036	1	0	0	0	0
2024-09-02 22:28:00	391.621735	1.2204488002	1.22507036	1	0	0	0	0
2024-09-02 22:28:10	391.46658568	1.2213936534	1.22507036	1	0	0	0	0
2024-09-02 22:28:20	392.22615020408165	1.2261322302040816	1.22507036	1	0	0	0	0
2024-09-02 22:28:30	392.44574	1.2235755088235294	1.22507036	1	0	0	0	0
2024-09-02 22:28:40	391.552277	1.2205476723529411	1.22507036	1	0	0	0	0
2024-09-02 22:28:50	391.02397912	1.2186166904	1.22507036	1	0	0	0	0
2024-09-02 22:29:00	391.45346172	1.2224646118	1.22507036	1	0	0	0	0
2024-09-02 22:29:10	391.8341086	1.2239287874	1.22507036	1	0	0	0	0
2024-09-02 22:29:20	392.0063	1.2223413972	1.22507036	1	0	0	0	0
2024-09-02 22:29:30	390.98658117647057	1.2183610264705882	1.22507036	1	0	0	0	0
2024-09-02 22:29:40	390.66105132	1.2177978891999999	1.22507036	1	0	0	0	0
2024-09-02 22:29:50	391.1416306122449	1.2217634922448979	1.22507036	1	0	0	0	0
2024-09-02 22:30:00	391.835052	1.2247228395999998	1.22507036	1	0	0	0	0
2024-09-02 22:30:10	392.21578823529416	1.2253715152941176	1.22507036	1	0	0	0	0
2024-09-02 22:30:20	391.98880272	1.223322681	1.22507036	1	0	0	0	0
2024-09-02 22:30:30	392.03030128	1.225638746	1.22507036	1	0	0	0	0
2024-09-02 22:30:40	392.500336	1.226296405	1.22507036	1	0	0	0	0
2024-09-02 22:30:50	391.705358	1.2218544632	1.22507036	1	0	0	0	0
2024-09-02 22:31:00	391.25260066	1.2204069826	1.22507036	1	0	0	0	0
2024-09-02 22:31:10	391.4665022	1.2231975294	1.22507036	1	0	0	0	0
2024-09-02 22:31:20	391.9573	1.2237865276	1.22507036	1	0	0	0	0
2024-09-02 22:31:30	391.80254285714284	1.2234531918367346	1.22507036	1	0	0	0	0
2024-09-02 22:31:40	391.7822005882353	1.2224589164705881	1.22507036	1	0	0	0	0
2024-09-02 22:31:50	391.16894923529406	1.2175741647058822	1.22507036	1	0	0	0	0
2024-09-02 22:32:00	390.8139	1.221719272352941	1.22507036	1	0	0	0	0
2024-09-02 22:32:10	392.0016638235294	1.2243969588235295	1.22507036	1	0	0	0	0
2024-09-02 22:32:20	391.7937464	1.22307232	1.22507036	1	0	0	0	0
2024-09-02 22:32:30	391.7438469387755	1.2236186871428572	1.22507036	1	0	0	0	0
2024-09-02 22:32:40	392.251038	1.2257240446	1.22507036	1	0	0	0	0
2024-09-02 22:32:50	391.60540518	1.2221598792	1.22507036	1	0	0	0	0
2024-09-02 22:33:00	391.82383226	1.224505998	1.22507036	1	0	0	0	0
2024-09-02 22:33:10	392.354828	1.2269211411764704	1.22507036	1	0	0	0	0
2024-09-02 22:33:20	392.4622	1.2272277497959183	1.22507036	1	0	0	0	0
2024-09-02 22:33:30	392.21590997959186	1.2251914406122448	1.22507036	1	0	0	0	0
2024-09-02 22:33:40	391.66807259999996	1.222281456	1.22507036	1	0	0	0	0
2024-09-02 22:33:50	391.44768541999997	1.2213507406	1.22507036	1	0	0	0	0
2024-09-02 22:34:00	391.62207	1.2249442781632653	1.22507036	1	0	0	0	0
2024-09-02 22:34:10	392.3523627	1.2261556644	1.22507036	1	0	0	0	0
2024-09-02 22:34:20	391.9930764705882	1.2235377829411764	1.22507036	1	0	0	0	0
2024-09-02 22:34:30	391.6823086	1.2230924481999998	1.22507036	1	0	0	0	0
2024-09-02 22:34:40	391.702545	1.2225469629411765	1.22507036	1	0	0	0	0
2024-09-02 22:34:50	391.4015699	1.2217067284	1.22507036	1	0	0	0	0
2024-09-02 22:35:00	391.4895093877551	1.2220834159183673	1.22507036	1	0	0	0	0
2024-09-02 22:35:10	391.34773882352937	1.220225601764706	1.22507036	1	0	0	0	0
2024-09-02 22:35:20	391.402252	1.2237045896	1.22507036	1	0	0	0	0
2024-09-02 22:35:30	391.673834	1.2229254232	1.22507036	1	0	0	0	0
2024-09-02 22:35:40	391.32955546938774	1.2208567359183673	1.22507036	1	0	0	0	0
2024-09-02 22:35:50	391.19664611764705	1.2211804535294117	1.22507036	1	0	0	0	0
2024-09-02 22:36:00	391.95816	1.226559935882353	1.22507036	1	0	0	0	0
2024-09-02 22:36:10	391.97338695999997	1.2238047023999998	1.22507036	1	0	0	0	0
2024-09-02 22:36:20	391.60194134	1.222953563	1.22507036	1	0	0	0	0
2024-09-02 22:36:30	391.81243366	1.224205581	1.22507036	1	0	0	0	0
2024-09-02 22:36:40	391.9695	1.2245755688	1.22507036	1	0	0	0	0
2024-09-02 22:36:50	392.2610815	1.2264625582	1.22507036	1	0	0	0	0
2024-09-02 22:37:00	392.230908	1.2252758644	1.22507036	1	0	0	0	0
2024-09-02 22:37:10	391.95751256	1.2235411595999999	1.22507036	1	0	0	0	0
2024-09-02 22:37:20	391.744171	1.2247622606	1.22507036	1	0	0	0	0
2024-09-02 22:37:30	391.77968734	1.2233876592	1.22507036	1	0	0	0	0
2024-09-02 22:37:40	391.84075492	1.2245204182	1.22507036	1	0	0	0	0
2024-09-02 22:37:50	392.073868	1.225272805	1.22507036	1	0	0	0	0
2024-09-02 22:38:00	391.9231	1.223364109	1.22507036	1	0	0	0	0
2024-09-02 22:38:10	391.6316672941176	1.2230282505882353	1.22507036	1	0	0	0	0
2024-09-02 22:38:20	391.62944571428574	1.2227917489795916	1.22507036	1	0	0	0	0
2024-09-02 22:38:30	391.710954	1.2243517175999998	1.22507036	1	0	0	0	0
2024-09-02 22:38:40	391.851654	1.2234043974	1.22507036	1	0	0	0	0
2024-09-02 22:38:50	391.33153566	1.2213395456	1.22507036	1	0	0	0	0
2024-09-02 22:39:00	391.0763	1.2194028288235295	1.22507036	1	0	0	0	0
2024-09-02 22:39:10	391.2791306122449	1.2242438812244898	1.22507036	1	0	0	0	0
2024-09-02 22:39:20	392.527679	1.2276278299999999	1.22507036	1	0	0	0	0
2024-09-02 22:39:30	391.82668897959184	1.2240584028571428	1.22507036	1	0	0	0	0
2024-09-02 22:39:40	391.6022688	1.2228459228	1.22507036	1	0	0	0	0
2024-09-02 22:39:50	391.94397647058827	1.225311473529412	1.22507036	1	0	0	0	0
2024-09-02 22:40:00	392.1974	1.2248277548	1.22507036	1	0	0	0	0
2024-09-02 22:40:10	392.1967294117647	1.226300155882353	1.22507036	1	0	0	0	0
2024-09-02 22:40:20	392.26066068	1.2257217578	1.22507036	1	0	0	0	0
2024-09-02 22:40:30	392.0104271764706	1.2249098952941175	1.22507036	1	0	0	0	0
2024-09-02 22:40:40	392.071045	1.2246014912	1.22507036	1	0	0	0	0
2024-09-02 22:40:50	392.02568418	1.225315988	1.22507036	1	0	0	0	0
2024-09-02 22:41:00	391.6901777755102	1.2221062610204083	1.22507036	1	0	0	0	0
2024-09-02 22:41:10	391.43438760000004	1.222535946	1.22507036	1	0	0	0	0
2024-09-02 22:41:20	391.6028	1.2225041761224489	1.22507036	1	0	0	0	0
2024-09-02 22:41:30	390.9177230588235	1.2196094894117648	1.22507036	1	0	0	0	0
2024-09-02 22:41:40	391.43450693877554	1.2243995063265305	1.22507036	1	0	0	0	0
2024-09-02 22:41:50	391.86754081632654	1.223532196530612	1.22507036	1	0	0	0	0
2024-09-02 22:42:00	391.472717	1.2225189204	1.22507036	1	0	0	0	0
2024-09-02 22:42:10	391.806154	1.2250418786000001	1.22507036	1	0	0	0	0
2024-09-02 22:42:20	392.005048	1.2260400762	1.22507036	1	0	0	0	0
2024-09-02 22:42:30	392.31928800000003	1.2270786954	1.22507036	1	0	0	0	0
2024-09-02 22:42:40	392.326141	1.227159894489796	1.22507036	1	0	0	0	0
2024-09-02 22:42:50	392.22337958	1.2257622049999999	1.22507036	1	0	0	0	0
2024-09-02 22:43:00	392.0092892	1.225343598	1.22507036	1	0	0	0	0
2024-09-02 22:43:10	391.94477816	1.2264047494	1.22507036	1	0	0	0	0
2024-09-02 22:43:20	392.4819	1.2264300363265306	1.22507036	1	0	0	0	0
2024-09-02 22:43:30	392.129486	1.2254275319999999	1.22507036	1	0	0	0	0
2024-09-02 22:43:40	391.9420555	1.2236455712	1.22507036	1	0	0	0	0
2024-09-02 22:43:50	391.21037390000004	1.2192612753999998	1.22507036	1	0	0	0	0
2024-09-02 22:44:00	391.1151	1.2237772676470589	1.22507036	1	0	0	0	0
2024-09-02 22:44:10	392.4023175510204	1.2277895146938775	1.22507036	1	0	0	0	0
2024-09-02 22:44:20	392.64239324489796	1.227815396122449	1.22507036	1	0	0	0	0
2024-09-02 22:44:30	392.3368192352941	1.2252198947058823	1.22507036	1	0	0	0	0
2024-09-02 22:44:40	391.459259	1.2225167532	1.22507036	1	0	0	0	0
2024-09-02 22:44:50	391.8168123061224	1.224808547755102	1.22507036	1	0	0	0	0
2024-09-02 22:45:00	392.35267132	1.2276339703999999	1.22507036	1	0	0	0	0
2024-09-02 22:45:10	392.4889513877551	1.2272652948979592	1.22507036	1	0	0	0	0
2024-09-02 22:45:20	392.350616	1.2263711091836735	1.22507036	1	0	0	0	0
2024-09-02 22:45:30	392.1330541176471	1.22566909	1.22507036	1	0	0	0	0
2024-09-02 22:45:40	392.05879804	1.225245428	1.22507036	1	0	0	0	0
2024-09-02 22:45:50	392.143852	1.2260991099999998	1.22507036	1	0	0	0	0
2024-09-02 22:46:00	392.602051	1.2286632732	1.22507036	1	0	0	0	0
2024-09-02 22:46:10	392.4633333	1.2269237838	1.22507036	1	0	0	0	0
2024-09-02 22:46:20	391.64654559999997	1.2220495816	1.22507036	1	0	0	0	0
2024-09-02 22:46:30	391.56935391999997	1.2248646876	1.22507036	1	0	0	0	0
2024-09-02 22:46:40	392.173584	1.2254176069387757	1.22507036	1	0	0	0	0
2024-09-02 22:46:50	392.082398	1.2256526408	1.22507036	1	0	0	0	0
2024-09-02 22:47:00	391.38957551020405	1.220682810612245	1.22507036	1	0	0	0	0
2024-09-02 22:47:10	391.082364	1.2222584456	1.22507036	1	0	0	0	0
2024-09-02 22:47:20	391.7569	1.226139574117647	1.22507036	1	0	0	0	0
2024-09-02 22:47:30	392.691662	1.228897561	1.22507036	1	0	0	0	0
2024-09-02 22:47:40	392.3499964705882	1.2245777529411765	1.22507036	1	0	0	0	0
2024-09-02 22:47:50	391.82349972	1.2240216252	1.22507036	1	0	0	0	0
2024-09-02 22:48:00	392.187073	1.2278170892	1.22507036	1	0	0	0	0
2024-09-02 22:48:10	392.7855224	1.228638874	1.22507036	1	0	0	0	0
2024-09-02 22:48:20	392.3844248979592	1.225702212244898	1.22507036	1	0	0	0	0
2024-09-02 22:48:30	392.0388543265306	1.2264154065306123	1.22507036	1	0	0	0	0
2024-09-02 22:48:40	392.692657	1.227250694117647	1.22507036	1	0	0	0	0
2024-09-02 22:48:50	392.00741942	1.2244842738000001	1.22507036	1	0	0	0	0
2024-09-02 22:49:00	392.19369847058823	1.2270279658823529	1.22507036	1	0	0	0	0
2024-09-02 22:49:10	392.1337097058823	1.2249829764705882	1.22507036	1	0	0	0	0
2024-09-02 22:49:20	392.069366	1.227336197	1.22507036	1	0	0	0	0
2024-09-02 22:49:30	392.130458	1.224990272	1.22507036	1	0	0	0	0
2024-09-02 22:49:40	391.903576	1.2244287096	1.22507036	1	0	0	0	0
2024-09-02 22:49:50	392.0059738	1.2256961100000001	1.22507036	1	0	0	0	0
2024-09-02 22:50:00	392.3315	1.2278189054	1.22507036	1	0	0	0	0
2024-09-02 22:50:10	392.5296234081632	1.2272209973469388	1.22507036	1	0	0	0	0
2024-09-02 22:50:20	392.33315711764703	1.2265201317647059	1.22507036	1	0	0	0	0
2024-09-02 22:50:30	392.49095239999997	1.228041266	1.22507036	1	0	0	0	0
2024-09-02 22:50:40	392.7113	1.2285396364	1.22507036	1	0	0	0	0
2024-09-02 22:50:50	392.88989791836735	1.2292369681632653	1.22507036	1	0	0	0	0
2024-09-02 22:51:00	392.43960685714285	1.2251251448979592	1.22507036	1	0	0	0	0
2024-09-02 22:51:10	392.0240964	1.22539682	1.22507036	1	0	0	0	0
2024-09-02 22:51:20	392.654663	1.2279106278	1.22507036	1	0	0	0	0
2024-09-02 22:51:30	392.12587416	1.2250056034	1.22507036	1	0	0	0	0
2024-09-02 22:51:40	391.7801136938776	1.2232057640816327	1.22507036	1	0	0	0	0
2024-09-02 22:51:50	391.91213076470586	1.2258398835294118	1.22507036	1	0	0	0	0
2024-09-02 22:52:00	392.737732	1.2266764648000001	1.22507036	1	0	0	0	0
2024-09-02 22:52:10	391.99950195918365	1.2244999579591838	1.22507036	1	0	0	0	0
2024-09-02 22:52:20	391.9805604705883	1.2249792435294118	1.22507036	1	0	0	0	0
2024-09-02 22:52:30	391.90382092	1.2253334614	1.22507036	1	0	0	0	0
2024-09-02 22:52:40	392.720337	1.2297050770588236	1.22507036	1	0	0	0	0
2024-09-02 22:52:50	393.0534337	1.2298310992	1.22507036	1	0	0	0	0
2024-09-02 22:53:00	392.3721449183674	1.2250669632653062	1.22507036	1	0	0	0	0
2024-09-02 22:53:10	392.11053488235297	1.227288845882353	1.22507036	1	0	0	0	0
2024-09-02 22:53:20	393.5567	1.2315835952941177	1.22507036	1	0	0	0	0
2024-09-02 22:53:30	393.142545	1.22967656	1.22507036	1	0	0	0	0
2024-09-02 22:53:40	392.99749558823527	1.2289528094117648	1.22507036	1	0	0	0	0
2024-09-02 22:53:50	392.7505768	1.2261667084	1.22507036	1	0	0	0	0
2024-09-02 22:54:00	391.8487	1.224040056	1.22507036	1	0	0	0	0
2024-09-02 22:54:10	392.84290653061225	1.2292441061224488	1.22507036	1	0	0	0	0
2024-09-02 22:54:20	393.006808	1.2286809187999999	1.22507036	1	0	0	0	0
2024-09-02 22:54:30	392.69297647058823	1.2266241458823528	1.22507036	1	0	0	0	0
2024-09-02 22:54:40	392.2389	1.2260708388235293	1.22507036	1	0	0	0	0
2024-09-02 22:54:50	392.168088	1.2249025196	1.22507036	1	0	0	0	0
2024-09-02 22:55:00	392.3931381	1.2266200828	1.22507036	1	0	0	0	0
2024-09-02 22:55:10	392.64586894	1.227961521	1.22507036	1	0	0	0	0
2024-09-02 22:55:20	392.6705	1.2266557359183674	1.22507036	1	0	0	0	0
2024-09-02 22:55:30	392.521406122449	1.2268791055102042	1.22507036	1	0	0	0	0
2024-09-02 22:55:40	392.63307012244894	1.2268714265306122	1.22507036	1	0	0	0	0
2024-09-02 22:55:50	392.6955310588235	1.228552858235294	1.22507036	1	0	0	0	0
2024-09-02 22:56:00	393.1335	1.2309494194117647	1.22507036	1	0	0	0	0
2024-09-02 22:56:10	393.4194314897959	1.2308121504081633	1.22507036	1	0	0	0	0
2024-09-02 22:56:20	392.64170495999997	1.2258105256	1.22507036	1	0	0	0	0
2024-09-02 22:56:30	392.26364408163266	1.2261847806122448	1.22507036	1	0	0	0	0
2024-09-02 22:56:40	392.873871	1.2296357346	1.22507036	1	0	0	0	0
2024-09-02 22:56:50	392.92445534	1.2279527288	1.22507036	1	0	0	0	0
2024-09-02 22:57:00	392.4924411	1.2253677212	1.22507036	1	0	0	0	0
2024-09-02 22:57:10	392.29296626	1.2252413052	1.22507036	1	0	0	0	0
2024-09-02 22:57:20	392.454163	1.227683544	1.22507036	1	0	0	0	0
2024-09-02 22:57:30	392.89955542	1.2281123412	1.22507036	1	0	0	0	0
2024-09-02 22:57:40	392.38546678	1.2244704714	1.22507036	1	0	0	0	0
2024-09-02 22:57:50	391.86468157999997	1.2233754228	1.22507036	1	0	0	0	0
2024-09-02 22:58:00	392.610443	1.2294791323999998	1.22507036	1	0	0	0	0
2024-09-02 22:58:10	393.2013411764706	1.2290564258823529	1.22507036	1	0	0	0	0
2024-09-02 22:58:20	392.70734488	1.2267807998	1.22507036	1	0	0	0	0
2024-09-02 22:58:30	392.57350352	1.227141973	1.22507036	1	0	0	0	0
2024-09-02 22:58:40	393.032471	1.229620074	1.22507036	1	0	0	0	0
2024-09-02 22:58:50	392.9567192244898	1.227882902653061	1.22507036	1	0	0	0	0
2024-09-02 22:59:00	392.6916662352941	1.2269248005882352	1.22507036	1	0	0	0	0
2024-09-02 22:59:10	392.72326016	1.22635103	1.22507036	1	0	0	0	0
2024-09-02 22:59:20	392.07016	1.2243196	1.22507036	1	0	0	0	0
2024-09-02 22:59:30	392.29633692000004	1.2251518006	1.22507036	1	0	0	0	0
2024-09-02 22:59:40	392.1398547647059	1.2238838170588235	1.22507036	1	0	0	0	0
2024-09-02 22:59:50	392.24855126	1.2249967583999999	1.22507036	1	0	0	0	0
2024-09-02 23:00:00	392.0585	1.2245375188	1.22507036	1	0	0	0	0
2024-09-02 23:00:10	391.99534892	1.2234329732	1.22507036	1	0	0	0	0
2024-09-02 23:00:20	391.90530888	1.224298705	1.22507036	1	0	0	0	0
2024-09-02 23:00:30	392.70972692	1.2294749222	1.22507036	1	0	0	0	0
2024-09-02 23:00:40	392.7565	1.226399142857143	1.22507036	1	0	0	0	0
2024-09-02 23:00:50	392.63492788	1.226805485	1.22507036	1	0	0	0	0
2024-09-02 23:01:00	392.7905310204082	1.2275044257142858	1.22507036	1	0	0	0	0
2024-09-02 23:01:10	393.01892491836736	1.2288965065306123	1.22507036	1	0	0	0	0
2024-09-02 23:01:20	392.600372	1.2259582603921568	1.22507036	1	0	0	0	0
2024-09-02 23:01:30	392.66524410204084	1.2271531302040817	1.22507036	1	0	0	0	0
2024-09-02 23:01:40	392.3069725294118	1.2241857311764706	1.22507036	1	0	0	0	0
2024-09-02 23:01:50	392.18789274	1.2255806305999999	1.22507036	1	0	0	0	0
2024-09-02 23:02:00	392.743652	1.2262768792	1.22507036	1	0	0	0	0
2024-09-02 23:02:10	392.2491886734694	1.2244598640816327	1.22507036	1	0	0	0	0
2024-09-02 23:02:20	392.08049147058824	1.2238174388235294	1.22507036	1	0	0	0	0
2024-09-02 23:02:30	392.35891114	1.2267972104	1.22507036	1	0	0	0	0
2024-09-02 23:02:40	392.580444	1.2245317368	1.22507036	1	0	0	0	0
2024-09-02 23:02:50	392.08954962	1.2238303002	1.22507036	1	0	0	0	0
2024-09-02 23:03:00	392.35899586	1.2263570684	1.22507036	1	0	0	0	0
2024-09-02 23:03:10	392.6948286530612	1.2256639008163264	1.22507036	1	0	0	0	0
2024-09-02 23:03:20	392.047119	1.2227237732	1.22507036	1	0	0	0	0
2024-09-02 23:03:30	392.40104184	1.2263335966	1.22507036	1	0	0	0	0
2024-09-02 23:03:40	392.63510816326533	1.2272984416326531	1.22507036	1	0	0	0	0
2024-09-02 23:03:50	392.56242086	1.2257860512	1.22507036	1	0	0	0	0
2024-09-02 23:04:00	392.4199	1.2266178346938776	1.22507036	1	0	0	0	0
2024-09-02 23:04:10	392.88267036	1.2277739826	1.22507036	1	0	0	0	0
2024-09-02 23:04:20	392.71454483673466	1.2266762971428573	1.22507036	1	0	0	0	0
2024-09-02 23:04:30	392.76720586	1.2268547048	1.22507036	1	0	0	0	0
2024-09-02 23:04:40	392.515778	1.2256493235294117	1.22507036	1	0	0	0	0
2024-09-02 23:04:50	392.2164093877551	1.2238584251020408	1.22507036	1	0	0	0	0
2024-09-02 23:05:00	392.45403474	1.2266151217999999	1.22507036	1	0	0	0	0
2024-09-02 23:05:10	392.50435114285716	1.2247162369387756	1.22507036	1	0	0	0	0
2024-09-02 23:05:20	392.2271	1.223906673	1.22507036	1	0	0	0	0
2024-09-02 23:05:30	392.2774098235294	1.2246473511764706	1.22507036	1	0	0	0	0
2024-09-02 23:05:40	392.51082242	1.2252475876	1.22507036	1	0	0	0	0
2024-09-02 23:05:50	392.2975865	1.2244621922	1.22507036	1	0	0	0	0
2024-09-02 23:06:00	392.445068	1.2262083228	1.22507036	1	0	0	0	0
2024-09-02 23:06:10	392.25946570588235	1.2241547882352941	1.22507036	1	0	0	0	0
2024-09-02 23:06:20	392.07191626	1.2242829932	1.22507036	1	0	0	0	0
2024-09-02 23:06:30	392.5624155510204	1.2291127469387755	1.22507036	1	0	0	0	0
2024-09-02 23:06:40	393.487274	1.2295291108163264	1.22507036	1	0	0	0	0
2024-09-02 23:06:50	392.76707332653064	1.2265663230612245	1.22507036	1	0	0	0	0
2024-09-02 23:07:00	392.56509648	1.2263424274	1.22507036	1	0	0	0	0
2024-09-02 23:07:10	392.8137294705882	1.2284922882352942	1.22507036	1	0	0	0	0
2024-09-02 23:07:20	392.9442	1.2264194424	1.22507036	1	0	0	0	0
2024-09-02 23:07:30	392.30966447058825	1.2244140035294118	1.22507036	1	0	0	0	0
2024-09-02 23:07:40	391.8398036	1.221788982	1.22507036	1	0	0	0	0
2024-09-02 23:07:50	391.96181738	1.22601948	1.22507036	1	0	0	0	0
2024-09-02 23:08:00	393.1525	1.2284227142857143	1.22507036	1	0	0	0	0
2024-09-02 23:08:10	392.1958099411765	1.223674595882353	1.22507036	1	0	0	0	0
2024-09-02 23:08:20	391.325531	1.220476768	1.22507036	1	0	0	0	0
2024-09-02 23:08:30	392.144684	1.2246289429268293	1.22507036	1	0	0	0	0
2024-09-02 23:08:40	392.355377	1.2233636482	1.22507036	1	0	0	0	0
2024-09-02 23:08:50	391.41025021999997	1.2199296283999999	1.22507036	1	0	0	0	0
2024-09-02 23:09:00	391.47174486	1.2220727036	1.22507036	1	0	0	0	0
2024-09-02 23:09:10	392.075768	1.2256929414	1.22507036	1	0	0	0	0
2024-09-02 23:09:20	392.336761	1.2248891464	1.22507036	1	0	0	0	0
2024-09-02 23:09:30	392.0902795918367	1.2236263218367347	1.22507036	1	0	0	0	0
2024-09-02 23:09:40	392.53864242	1.2272267823999998	1.22507036	1	0	0	0	0
2024-09-02 23:09:50	392.80268736734695	1.2272512408163265	1.22507036	1	0	0	0	0
2024-09-02 23:10:00	392.674347	1.2262529966	1.22507036	1	0	0	0	0
2024-09-02 23:10:10	392.10102897959183	1.223796131632653	1.22507036	1	0	0	0	0
2024-09-02 23:10:20	392.18735999999996	1.2247725112	1.22507036	1	0	0	0	0
2024-09-02 23:10:30	392.19668430612245	1.2237806308163264	1.22507036	1	0	0	0	0
2024-09-02 23:10:40	391.9785	1.2235205200000001	1.22507036	1	0	0	0	0
2024-09-02 23:10:50	392.2605138571428	1.2246370308163264	1.22507036	1	0	0	0	0
2024-09-02 23:11:00	392.20696687755105	1.223249822244898	1.22507036	1	0	0	0	0
2024-09-02 23:11:10	391.77059386	1.2211948364	1.22507036	1	0	0	0	0
2024-09-02 23:11:20	391.909241	1.2227481446000001	1.22507036	1	0	0	0	0
2024-09-02 23:11:30	391.86348350000003	1.2226860938	1.22507036	1	0	0	0	0
2024-09-02 23:11:40	391.59033585714286	1.2206885930612246	1.22507036	1	0	0	0	0
2024-09-02 23:11:50	391.5026912	1.2212694694	1.22507036	1	0	0	0	0
2024-09-02 23:12:00	391.346375	1.2196568317647059	1.22507036	1	0	0	0	0
2024-09-02 23:12:10	391.18702048	1.2202692936	1.22507036	1	0	0	0	0
2024-09-02 23:12:20	391.69832442	1.2232193762	1.22507036	1	0	0	0	0
2024-09-02 23:12:30	392.04237068000003	1.223887572	1.22507036	1	0	0	0	0
2024-09-02 23:12:40	391.229126	1.2214628464705881	1.22507036	1	0	0	0	0
2024-09-02 23:12:50	392.35848799999997	1.2259401099999998	1.22507036	1	0	0	0	0
2024-09-02 23:13:00	392.63927356	1.2261693947999999	1.22507036	1	0	0	0	0
2024-09-02 23:13:10	391.685222	1.2185055111764707	1.22507036	1	0	0	0	0
2024-09-02 23:13:20	390.274628	1.2198545222000001	1.22507036	1	0	0	0	0
2024-09-02 23:13:30	392.29089	1.2257506752	1.22507036	1	0	0	0	0
2024-09-02 23:13:40	391.7066112	1.220332524	1.22507036	1	0	0	0	0
2024-09-02 23:13:50	390.65371584	1.216698409	1.22507036	1	0	0	0	0
2024-09-02 23:14:00	390.995	1.2209112888	1.22507036	1	0	0	0	0
2024-09-02 23:14:10	391.16735836734694	1.2197109426530612	1.22507036	1	0	0	0	0
2024-09-02 23:14:20	390.8885496	1.2191165502	1.22507036	1	0	0	0	0
2024-09-02 23:14:30	391.09011916000003	1.2207770574	1.22507036	1	0	0	0	0
2024-09-02 23:14:40	391.0397	1.2184110408	1.22507036	1	0	0	0	0
2024-09-02 23:14:50	390.56152906	1.2171896682	1.22507036	1	0	0	0	0
2024-09-02 23:15:00	391.19431066000004	1.2216228342	1.22507036	1	0	0	0	0
2024-09-02 23:15:10	391.074994	1.217250822	1.22507036	1	0	0	0	0
2024-09-02 23:15:20	390.096649	1.2161170956	1.22507036	1	0	0	0	0
2024-09-02 23:15:30	391.08684705882354	1.2215577835294118	1.22507036	1	0	0	0	0
2024-09-02 23:15:40	391.53061112	1.2217147406000002	1.22507036	1	0	0	0	0
2024-09-02 23:15:50	391.4385689795918	1.2211518859183672	1.22507036	1	0	0	0	0
2024-09-02 23:16:00	390.86972	1.2215230308163265	1.22507036	1	0	0	0	0
2024-09-02 23:16:10	391.73944724	1.223608523	1.22507036	1	0	0	0	0
2024-09-02 23:16:20	391.28428176	1.2208203576	1.22507036	1	0	0	0	0
2024-09-02 23:16:30	390.96134386	1.219947306	1.22507036	1	0	0	0	0
2024-09-02 23:16:40	391.645538	1.223603204489796	1.22507036	1	0	0	0	0
2024-09-02 23:16:50	390.9173464	1.21911554	1.22507036	1	0	0	0	0
2024-09-02 23:17:00	390.66535552	1.2189397358	1.22507036	1	0	0	0	0
2024-09-02 23:17:10	391.35313772	1.2243780302	1.22507036	1	0	0	0	0
2024-09-02 23:17:20	391.272552	1.2194896942	1.22507036	1	0	0	0	0
2024-09-02 23:17:30	390.52322146	1.217797019	1.22507036	1	0	0	0	0
2024-09-02 23:17:40	390.7154505294118	1.2201157364705881	1.22507036	1	0	0	0	0
2024-09-02 23:17:50	390.99740594	1.2209076801999998	1.22507036	1	0	0	0	0
2024-09-02 23:18:00	390.7788	1.220031669	1.22507036	1	0	0	0	0
2024-09-02 23:18:10	390.94388881632653	1.220937767755102	1.22507036	1	0	0	0	0
2024-09-02 23:18:20	391.26841176	1.2222333016	1.22507036	1	0	0	0	0
2024-09-02 23:18:30	391.3256795918368	1.222204370612245	1.22507036	1	0	0	0	0
2024-09-02 23:18:40	391.294434	1.221732682	1.22507036	1	0	0	0	0
2024-09-02 23:18:50	391.11977647058825	1.2210921558823529	1.22507036	1	0	0	0	0
2024-09-02 23:19:00	391.27639999999997	1.222239566	1.22507036	1	0	0	0	0
2024-09-02 23:19:10	390.9469494117647	1.2197523	1.22507036	1	0	0	0	0
2024-09-02 23:19:20	390.580536	1.219422767	1.22507036	1	0	0	0	0
2024-09-02 23:19:30	391.22468702000003	1.2226453046	1.22507036	1	0	0	0	0
2024-09-02 23:19:40	390.7226665102041	1.2174149818367346	1.22507036	1	0	0	0	0
2024-09-02 23:19:50	390.19535408	1.2185111994	1.22507036	1	0	0	0	0
2024-09-02 23:20:00	391.1378	1.2224099266	1.22507036	1	0	0	0	0
2024-09-02 23:20:10	390.61637882	1.219229774	1.22507036	1	0	0	0	0
2024-09-02 23:20:20	389.70735782352943	1.2136462158823529	1.22507036	1	0	0	0	0
2024-09-02 23:20:30	390.1160850588235	1.2204235294117647	1.22507036	1	0	0	0	0
2024-09-02 23:20:40	391.236877	1.221282484	1.22507036	1	0	0	0	0
2024-09-02 23:20:50	389.70039099999997	1.2140310779999999	1.22507036	1	0	0	0	0
2024-09-02 23:21:00	389.5002733529412	1.2156110311764705	1.22507036	1	0	0	0	0
2024-09-02 23:21:10	390.412093877551	1.2228293124489795	1.22507036	1	0	0	0	0
2024-09-02 23:21:20	391.092468	1.2201761634693877	1.22507036	1	0	0	0	0
2024-09-02 23:21:30	390.36852832	1.2185175765999998	1.22507036	1	0	0	0	0
2024-09-02 23:21:40	390.53586718	1.2207622592	1.22507036	1	0	0	0	0
2024-09-02 23:21:50	390.7640626	1.2209331079999999	1.22507036	1	0	0	0	0
2024-09-02 23:22:00	390.9797	1.2217983938	1.22507036	1	0	0	0	0
2024-09-02 23:22:10	391.0449342	1.222354696	1.22507036	1	0	0	0	0
2024-09-02 23:22:20	390.73432312	1.219170137	1.22507036	1	0	0	0	0
2024-09-02 23:22:30	390.57480448	1.220573696	1.22507036	1	0	0	0	0
2024-09-02 23:22:40	390.9933	1.2235310706122449	1.22507036	1	0	0	0	0
2024-09-02 23:22:50	391.0625183	1.2223627948	1.22507036	1	0	0	0	0
2024-09-02 23:23:00	390.29371662	1.2174789583999999	1.22507036	1	0	0	0	0
2024-09-02 23:23:10	390.66250712	1.223781917	1.22507036	1	0	0	0	0
2024-09-02 23:23:20	391.604034	1.2243591322	1.22507036	1	0	0	0	0
2024-09-02 23:23:30	390.9813534693877	1.2215194634693878	1.22507036	1	0	0	0	0
2024-09-02 23:23:40	390.45601240816325	1.218992097755102	1.22507036	1	0	0	0	0
2024-09-02 23:23:50	390.7499593265306	1.2238785775510204	1.22507036	1	0	0	0	0
2024-09-02 23:24:00	391.93338	1.2262945411764705	1.22507036	1	0	0	0	0
2024-09-02 23:24:10	391.18082047058823	1.222616227647059	1.22507036	1	0	0	0	0
2024-09-02 23:24:20	391.04201273469386	1.2239345612244898	1.22507036	1	0	0	0	0
2024-09-02 23:24:30	391.49163197999997	1.2264757234	1.22507036	1	0	0	0	0
2024-09-02 23:24:40	392.065216	1.2254048579999999	1.22507036	1	0	0	0	0
2024-09-02 23:24:50	391.15811468000004	1.2225203158	1.22507036	1	0	0	0	0
2024-09-02 23:25:00	391.4877000816327	1.2265507765306123	1.22507036	1	0	0	0	0
2024-09-02 23:25:10	391.7656015714286	1.2250964163265305	1.22507036	1	0	0	0	0
2024-09-02 23:25:20	391.14798	1.2228115705882352	1.22507036	1	0	0	0	0
2024-09-02 23:25:30	391.7838118367347	1.2265856197959182	1.22507036	1	0	0	0	0
2024-09-02 23:25:40	391.99672228	1.226577926	1.22507036	1	0	0	0	0
2024-09-02 23:25:50	391.6623032653061	1.2242814624489797	1.22507036	1	0	0	0	0
2024-09-02 23:26:00	391.430176	1.22496955	1.22507036	1	0	0	0	0
2024-09-02 23:26:10	392.04762081999996	1.2274860424	1.22507036	1	0	0	0	0
2024-09-02 23:26:20	391.85369168	1.2253567464	1.22507036	1	0	0	0	0
2024-09-02 23:26:30	391.64828492	1.2257066162	1.22507036	1	0	0	0	0
2024-09-02 23:26:40	392.078949	1.227257017	1.22507036	1	0	0	0	0
2024-09-02 23:26:50	392.08003868000003	1.2274685046	1.22507036	1	0	0	0	0
2024-09-02 23:27:00	392.05005918367345	1.2264784334693877	1.22507036	1	0	0	0	0
2024-09-02 23:27:10	391.66914897959185	1.2245285059183675	1.22507036	1	0	0	0	0
2024-09-02 23:27:20	391.640442	1.2271346094117648	1.22507036	1	0	0	0	0
2024-09-02 23:27:30	392.42824834	1.2296857272	1.22507036	1	0	0	0	0
2024-09-02 23:27:40	392.0282141632653	1.2257123746938776	1.22507036	1	0	0	0	0
2024-09-02 23:27:50	391.78559776470587	1.2260085523529411	1.22507036	1	0	0	0	0
2024-09-02 23:28:00	391.889374	1.2274663086000002	1.22507036	1	0	0	0	0
2024-09-02 23:28:10	391.9050717346939	1.2261246759183673	1.22507036	1	0	0	0	0
2024-09-02 23:28:20	391.76984563999997	1.2262446411999999	1.22507036	1	0	0	0	0
2024-09-02 23:28:30	392.3178344	1.229817628	1.22507036	1	0	0	0	0
2024-09-02 23:28:40	392.388184	1.2262263798	1.22507036	1	0	0	0	0
2024-09-02 23:28:50	392.22704005882355	1.2285666435294118	1.22507036	1	0	0	0	0
2024-09-02 23:29:00	393.11012764	1.2333479708	1.22507036	1	0	0	0	0
2024-09-02 23:29:10	393.32667763999996	1.2316684642	1.22507036	1	0	0	0	0
2024-09-02 23:29:20	392.1273	1.2271957716	1.22507036	1	0	0	0	0
2024-09-02 23:29:30	393.0159294117647	1.2323591505882352	1.22507036	1	0	0	0	0
2024-09-02 23:29:40	393.39669176470585	1.2328655088235294	1.22507036	1	0	0	0	0
2024-09-02 23:29:50	392.97682364	1.2297841928	1.22507036	1	0	0	0	0
2024-09-02 23:30:00	392.2253	1.2266189382	1.22507036	1	0	0	0	0
2024-09-02 23:30:10	392.61236814	1.2307370604	1.22507036	1	0	0	0	0
2024-09-02 23:30:20	393.08779411764704	1.2317160352941177	1.22507036	1	0	0	0	0
2024-09-02 23:30:30	392.95082044	1.2289532826	1.22507036	1	0	0	0	0
2024-09-02 23:30:40	392.1864	1.2265535440000002	1.22507036	1	0	0	0	0
2024-09-02 23:30:50	392.60956505882353	1.2299141617647058	1.22507036	1	0	0	0	0
2024-09-02 23:31:00	393.00953604081633	1.2309833142857143	1.22507036	1	0	0	0	0
2024-09-02 23:31:10	392.65355268	1.2277055762	1.22507036	1	0	0	0	0
2024-09-02 23:31:20	392.68	1.2300623068	1.22507036	1	0	0	0	0
2024-09-02 23:31:30	393.41095979591836	1.2333178851020408	1.22507036	1	0	0	0	0
2024-09-02 23:31:40	393.32584986	1.2319865554	1.22507036	1	0	0	0	0
2024-09-02 23:31:50	393.22902682	1.2328621602	1.22507036	1	0	0	0	0
2024-09-02 23:32:00	393.803284	1.23391412	1.22507036	1	0	0	0	0
2024-09-02 23:32:10	393.03000911764707	1.2300747270588235	1.22507036	1	0	0	0	0
2024-09-02 23:32:20	393.43283108	1.2343684896	1.22507036	1	0	0	0	0
2024-09-02 23:32:30	393.94806712	1.2341104438000001	1.22507036	1	0	0	0	0
2024-09-02 23:32:40	393.344147	1.2302048328	1.22507036	1	0	0	0	0
2024-09-02 23:32:50	392.99368104	1.2297149618	1.22507036	1	0	0	0	0
2024-09-02 23:33:00	393.2134481764706	1.2304880694117648	1.22507036	1	0	0	0	0
2024-09-02 23:33:10	392.75410412244895	1.2275133110204082	1.22507036	1	0	0	0	0
2024-09-02 23:33:20	392.6047	1.2310578704000001	1.22507036	1	0	0	0	0
2024-09-02 23:33:30	393.53636684	1.2323757004	1.22507036	1	0	0	0	0
2024-09-02 23:33:40	393.0604647	1.2289543726	1.22507036	1	0	0	0	0
2024-09-02 23:33:50	392.98860252941176	1.23123319	1.22507036	1	0	0	0	0
2024-09-02 23:34:00	394.314148	1.2349480676470588	1.22507036	1	0	0	0	0
2024-09-02 23:34:10	393.49431522000003	1.2312944254	1.22507036	1	0	0	0	0
2024-09-02 23:34:20	393.27675632	1.230719875	1.22507036	1	0	0	0	0
2024-09-02 23:34:30	394.052836244898	1.2360950530612245	1.22507036	1	0	0	0	0
2024-09-02 23:34:40	394.200623	1.2321620151020407	1.22507036	1	0	0	0	0
2024-09-02 23:34:50	393.09342242	1.2295814532	1.22507036	1	0	0	0	0
2024-09-02 23:35:00	392.95998429411765	1.2297028623529411	1.22507036	1	0	0	0	0
2024-09-02 23:35:10	393.4536868	1.233433404	1.22507036	1	0	0	0	0
2024-09-02 23:35:20	393.4531	1.2283734158000001	1.22507036	1	0	0	0	0
2024-09-02 23:35:30	392.6737555918367	1.226963893877551	1.22507036	1	0	0	0	0
2024-09-02 23:35:40	393.1134842352941	1.2314819670588235	1.22507036	1	0	0	0	0
2024-09-02 23:35:50	393.53210776	1.2314823942000002	1.22507036	1	0	0	0	0
2024-09-02 23:36:00	393.177734	1.2282933178000002	1.22507036	1	0	0	0	0
2024-09-02 23:36:10	393.543757	1.2320109399999999	1.22507036	1	0	0	0	0
2024-09-02 23:36:20	393.74717197999996	1.2312498606	1.22507036	1	0	0	0	0
2024-09-02 23:36:30	393.445343	1.231638288	1.22507036	1	0	0	0	0
2024-09-02 23:36:40	394.149628	1.234216496	1.22507036	1	0	0	0	0
2024-09-02 23:36:50	393.36109511764704	1.228936953529412	1.22507036	1	0	0	0	0
2024-09-02 23:37:00	393.0483288235294	1.229237477647059	1.22507036	1	0	0	0	0
2024-09-02 23:37:10	393.8184278235294	1.2356268770588235	1.22507036	1	0	0	0	0
2024-09-02 23:37:20	394.9607	1.2361934418	1.22507036	1	0	0	0	0
2024-09-02 23:37:30	393.7615646122449	1.2312133369387757	1.22507036	1	0	0	0	0
2024-09-02 23:37:40	393.444342	1.2304420200000001	1.22507036	1	0	0	0	0
2024-09-02 23:37:50	393.97109978000003	1.2337672072	1.22507036	1	0	0	0	0
2024-09-02 23:38:00	393.924438	1.231853499	1.22507036	1	0	0	0	0
2024-09-02 23:38:10	393.8826904	1.231799436	1.22507036	1	0	0	0	0
2024-09-02 23:38:20	393.6338	1.230022336	1.22507036	1	0	0	0	0
2024-09-02 23:38:30	392.7409	1.22714675	1.22507036	1	0	0	0	0
2024-09-02 23:38:40	393.645966	1.234059434489796	1.22507036	1	0	0	0	0
2024-09-02 23:38:50	394.53514362000004	1.2346417754	1.22507036	1	0	0	0	0
2024-09-02 23:39:00	393.8733718235294	1.2304337011764706	1.22507036	1	0	0	0	0
2024-09-02 23:39:10	393.8780412244898	1.2339212824489796	1.22507036	1	0	0	0	0
2024-09-02 23:39:20	395.2747	1.2382879356	1.22507036	1	0	0	0	0
2024-09-02 23:39:30	394.4727988235294	1.2332210294117647	1.22507036	1	0	0	0	0
2024-09-02 23:39:40	394.10110436	1.2327050978	1.22507036	1	0	0	0	0
2024-09-02 23:39:50	394.60254	1.2373389002	1.22507036	1	0	0	0	0
2024-09-02 23:40:00	395.362335	1.2359694096	1.22507036	1	0	0	0	0
2024-09-02 23:40:10	393.990345882353	1.2309702694117646	1.22507036	1	0	0	0	0
2024-09-02 23:40:20	394.2787146122449	1.2347302742857142	1.22507036	1	0	0	0	0
2024-09-02 23:40:30	394.7696592	1.233842418	1.22507036	1	0	0	0	0
2024-09-02 23:40:40	393.939728	1.230769158	1.22507036	1	0	0	0	0
2024-09-02 23:40:50	393.979036	1.2315750144	1.22507036	1	0	0	0	0
2024-09-02 23:41:00	394.09225757999997	1.2315853394	1.22507036	1	0	0	0	0
2024-09-02 23:41:10	393.52941854	1.2270967164	1.22507036	1	0	0	0	0
2024-09-02 23:41:20	393.8349	1.2337207551020408	1.22507036	1	0	0	0	0
2024-09-02 23:41:30	394.721266	1.2350733376	1.22507036	1	0	0	0	0
2024-09-02 23:41:40	394.33623800000004	1.231175098	1.22507036	1	0	0	0	0
2024-09-02 23:41:50	394.375696	1.2331438448	1.22507036	1	0	0	0	0
2024-09-02 23:42:00	394.5808	1.2340111294117648	1.22507036	1	0	0	0	0
2024-09-02 23:42:10	394.780358	1.234545299	1.22507036	1	0	0	0	0
2024-09-02 23:42:20	394.96902857142857	1.2353418057142858	1.22507036	1	0	0	0	0
2024-09-02 23:42:30	394.84424698000004	1.2324945428	1.22507036	1	0	0	0	0
2024-09-02 23:42:40	394.22525	1.2334839166	1.22507036	1	0	0	0	0
2024-09-02 23:42:50	394.94785272	1.2346237778	1.22507036	1	0	0	0	0
2024-09-02 23:43:00	394.43073591836736	1.2312597681632653	1.22507036	1	0	0	0	0
2024-09-02 23:43:10	394.2672741	1.2308366592	1.22507036	1	0	0	0	0
2024-09-02 23:43:20	393.998047	1.2322562972	1.22507036	1	0	0	0	0
2024-09-02 23:43:30	394.29000334	1.2314822382	1.22507036	1	0	0	0	0
2024-09-02 23:43:40	394.01599400000003	1.230039839	1.22507036	1	0	0	0	0
2024-09-02 23:43:50	394.36548980000003	1.232911822	1.22507036	1	0	0	0	0
2024-09-02 23:44:00	394.9581	1.2325630823529412	1.22507036	1	0	0	0	0
2024-09-02 23:44:10	394.11853194117646	1.2299053829411766	1.22507036	1	0	0	0	0
2024-09-02 23:44:20	394.58227933999996	1.2344131662	1.22507036	1	0	0	0	0
2024-09-02 23:44:30	395.13154306	1.2343554212	1.22507036	1	0	0	0	0
2024-09-02 23:44:40	394.676849	1.23151879	1.22507036	1	0	0	0	0
2024-09-02 23:44:50	394.620536	1.2326308700000002	1.22507036	1	0	0	0	0
2024-09-02 23:45:00	395.0902506	1.2345051458	1.22507036	1	0	0	0	0
2024-09-02 23:45:10	395.06537892	1.2320157915999999	1.22507036	1	0	0	0	0
2024-09-02 23:45:20	394.26532	1.2309979085714287	1.22507036	1	0	0	0	0
2024-09-02 23:45:30	394.3985611764706	1.2310931964705882	1.22507036	1	0	0	0	0
2024-09-02 23:45:40	394.4218734	1.2305303742	1.22507036	1	0	0	0	0
2024-09-02 23:45:50	394.36160028	1.2301406086	1.22507036	1	0	0	0	0
2024-09-02 23:46:00	394.401917	1.2306322470588236	1.22507036	1	0	0	0	0
2024-09-02 23:46:10	394.1036626	1.2286133338	1.22507036	1	0	0	0	0
2024-09-02 23:46:20	393.7859526530612	1.2276288683673469	1.22507036	1	0	0	0	0
2024-09-02 23:46:30	394.52411020408164	1.2347479306122449	1.22507036	1	0	0	0	0
2024-09-02 23:46:40	395.3626	1.2310621764705882	1.22507036	1	0	0	0	0
2024-09-02 23:46:50	393.66167505882356	1.2268505264705882	1.22507036	1	0	0	0	0
2024-09-02 23:47:00	394.36877288	1.232371459	1.22507036	1	0	0	0	0
2024-09-02 23:47:10	395.50858736	1.2363250904	1.22507036	1	0	0	0	0
2024-09-02 23:47:20	394.789825	1.2271570693877552	1.22507036	1	0	0	0	0
2024-09-02 23:47:30	394.30073228000003	1.2299090378	1.22507036	1	0	0	0	0
2024-09-02 23:47:40	395.44434693877554	1.236071540612245	1.22507036	1	0	0	0	0
2024-09-02 23:47:50	395.331812	1.2323416584	1.22507036	1	0	0	0	0
2024-09-02 23:48:00	394.68512	1.230304654	1.22507036	1	0	0	0	0
2024-09-02 23:48:10	393.88929988	1.226598304	1.22507036	1	0	0	0	0
2024-09-02 23:48:20	393.93428293877554	1.228095243877551	1.22507036	1	0	0	0	0
2024-09-02 23:48:30	394.30452081632654	1.2310274871428573	1.22507036	1	0	0	0	0
2024-09-02 23:48:40	394.7798	1.2283148104	1.22507036	1	0	0	0	0
2024-09-02 23:48:50	393.46058882	1.224232425	1.22507036	1	0	0	0	0
2024-09-02 23:49:00	394.347509	1.231760801764706	1.22507036	1	0	0	0	0
2024-09-02 23:49:10	395.4261083877551	1.2353287004081632	1.22507036	1	0	0	0	0
2024-09-02 23:49:20	394.471069	1.2257006442	1.22507036	1	0	0	0	0
2024-09-02 23:49:30	393.67050618	1.2259743544	1.22507036	1	0	0	0	0
2024-09-02 23:49:40	394.4165354489796	1.231283435510204	1.22507036	1	0	0	0	0
2024-09-02 23:49:50	394.88822079591836	1.2325147332653061	1.22507036	1	0	0	0	0
2024-09-02 23:50:00	394.2364	1.2270261020408162	1.22507036	1	0	0	0	0
2024-09-02 23:50:10	394.3139236	1.229116248	1.22507036	1	0	0	0	0
2024-09-02 23:50:20	395.22622214	1.2348457218	1.22507036	1	0	0	0	0
2024-09-02 23:50:30	395.00755005882354	1.228480008235294	1.22507036	1	0	0	0	0
2024-09-02 23:50:40	393.692719	1.2250996435294117	1.22507036	1	0	0	0	0
2024-09-02 23:50:50	394.5404511764706	1.2305833411764706	1.22507036	1	0	0	0	0
2024-09-02 23:51:00	394.5348308	1.2279227019999999	1.22507036	1	0	0	0	0
2024-09-02 23:51:10	393.73741222	1.2240714926	1.22507036	1	0	0	0	0
2024-09-02 23:51:20	393.659454	1.2278649352	1.22507036	1	0	0	0	0
2024-09-02 23:51:30	394.38570492	1.22830355	1.22507036	1	0	0	0	0
2024-09-02 23:51:40	393.8353295306122	1.2250442522448979	1.22507036	1	0	0	0	0
2024-09-02 23:51:50	393.62137926530613	1.227575248979592	1.22507036	1	0	0	0	0
2024-09-02 23:52:00	395.271454	1.2320422415999999	1.22507036	1	0	0	0	0
2024-09-02 23:52:10	394.24124672	1.2270690592	1.22507036	1	0	0	0	0
2024-09-02 23:52:20	394.27540163265303	1.2293701463265305	1.22507036	1	0	0	0	0
2024-09-02 23:52:30	394.48105953061224	1.2288364981632653	1.22507036	1	0	0	0	0
2024-09-02 23:52:40	394.348236	1.2271346512	1.22507036	1	0	0	0	0
2024-09-02 23:52:50	394.04852152	1.227099592	1.22507036	1	0	0	0	0
2024-09-02 23:53:00	394.38737521999997	1.2275040718	1.22507036	1	0	0	0	0
2024-09-02 23:53:10	393.7951136	1.2237140439999998	1.22507036	1	0	0	0	0
2024-09-02 23:53:20	393.5958	1.2248080244897959	1.22507036	1	0	0	0	0
2024-09-02 23:53:30	393.71088494	1.2245358664	1.22507036	1	0	0	0	0
2024-09-02 23:53:40	393.999122	1.2270717476470587	1.22507036	1	0	0	0	0
2024-09-02 23:53:50	393.9577742	1.225138683	1.22507036	1	0	0	0	0
2024-09-02 23:54:00	393.103516	1.22194712	1.22507036	1	0	0	0	0
2024-09-02 23:54:10	393.7832172244898	1.226387681632653	1.22507036	1	0	0	0	0
2024-09-02 23:54:20	393.84732152	1.224792548	1.22507036	1	0	0	0	0
2024-09-02 23:54:30	393.42545411764706	1.2232992070588236	1.22507036	1	0	0	0	0
2024-09-02 23:54:40	393.857056	1.2266882404081634	1.22507036	1	0	0	0	0
2024-09-02 23:54:50	393.76171754	1.2254175502	1.22507036	1	0	0	0	0
2024-09-02 23:55:00	393.7605792	1.2256286204	1.22507036	1	0	0	0	0
2024-09-02 23:55:10	394.3062310204082	1.2284558285714287	1.22507036	1	0	0	0	0
2024-09-02 23:55:20	393.405334	1.2221876696	1.22507036	1	0	0	0	0
2024-09-02 23:55:30	393.6658289	1.2256496098	1.22507036	1	0	0	0	0
2024-09-02 23:55:40	394.00998229411766	1.227176387647059	1.22507036	1	0	0	0	0
2024-09-02 23:55:50	393.5393602	1.221815128	1.22507036	1	0	0	0	0
2024-09-02 23:56:00	392.706177	1.2227232624	1.22507036	1	0	0	0	0
2024-09-02 23:56:10	393.77624834	1.2265865366	1.22507036	1	0	0	0	0
2024-09-02 23:56:20	393.24109291999997	1.2215517352	1.22507036	1	0	0	0	0
2024-09-02 23:56:30	392.7503554705882	1.2219586470588235	1.22507036	1	0	0	0	0
2024-09-02 23:56:40	393.41507	1.2245196387755102	1.22507036	1	0	0	0	0
2024-09-02 23:56:50	393.11804705882355	1.2224264488235292	1.22507036	1	0	0	0	0
2024-09-02 23:57:00	393.09099604	1.2235153132	1.22507036	1	0	0	0	0
2024-09-02 23:57:10	393.51195876	1.2236034958	1.22507036	1	0	0	0	0
2024-09-02 23:57:20	392.54538	1.2206230136734695	1.22507036	1	0	0	0	0
2024-09-02 23:57:30	393.74712275999997	1.2264713772	1.22507036	1	0	0	0	0
2024-09-02 23:57:40	393.8867348	1.2252687467999999	1.22507036	1	0	0	0	0
2024-09-02 23:57:50	393.03790408163263	1.221238116734694	1.22507036	1	0	0	0	0
2024-09-02 23:58:00	393.3338	1.2278439452941174	1.22507036	1	0	0	0	0
2024-09-02 23:58:10	394.0756442653061	1.2272371014285715	1.22507036	1	0	0	0	0
2024-09-02 23:58:20	393.124919	1.2209425404	1.22507036	1	0	0	0	0
2024-09-02 23:58:30	393.01219962000005	1.2243152194	1.22507036	1	0	0	0	0
2024-09-02 23:58:40	394.129272	1.2262227752941177	1.22507036	1	0	0	0	0
2024-09-02 23:58:50	393.32594862	1.2235935692000002	1.22507036	1	0	0	0	0
2024-09-02 23:59:00	393.24376900000004	1.2241507741176472	1.22507036	1	0	0	0	0
2024-09-02 23:59:10	393.2472694117647	1.223816655882353	1.22507036	1	0	0	0	0
2024-09-02 23:59:20	393.1124	1.223518531	1.22507036	1	0	0	0	0
2024-09-02 23:59:30	393.66354411764706	1.226207274117647	1.22507036	1	0	0	0	0
2024-09-02 23:59:40	393.2633436734694	1.2208473004081632	1.22507036	1	0	0	0	0
2024-09-02 23:59:50	392.8220194489796	1.2219096075510205	1.22507036	1	0	0	0	0
2024-09-03 00:00:00	393.2861	1.2246838788235295	1.22507036	1	0	0	0	0
