PROCESSDATA	2111FIC40102C Data	yyyy-MM-dd HH:mm:ss
8	10	2024-09-04 21:55:00	751
tagname	2111FIC40102C.MV	2111FIC40102C.PV	2111FIC40102C.SV	2111FIC40102C.MODE	bOpOFL	bPvOFL	bSpOFL	bAutOFL
desc	常底油进F401三路支管_OP	常底油进F401三路支管_PV	常底油进F401三路支管_SP	Aut	bOpOFL	bPvOFL	bSpOFL	bAutOFL
fsMax=1.6146241691836742	fsMin=0	fsGridNum=10	fdMax=1.6146241691836742tfdMin=0	fdGridNum=10	v0GridNum=10	L=24
2024-09-04 21:55:00	43.019172	102.3147757	101.72175440000001	1	0	0	0	0
2024-09-04 21:55:10	43.100922749999995	102.1002039	101.93119	1	0	0	0	0
2024-09-04 21:55:20	43.108846	102.137953	102.107216	1	0	0	0	0
2024-09-04 21:55:30	43.115955389999996	102.1567044	102.1883727	1	0	0	0	0
2024-09-04 21:55:40	42.98055275	102.28826249999999	101.9017813	1	0	0	0	0
2024-09-04 21:55:50	42.95972041	102.1142566	101.81852	1	0	0	0	0
2024-09-04 21:56:00	42.771864709999996	102.0064672	101.294594	1	0	0	0	0
2024-09-04 21:56:10	42.67125634	101.8037693	100.9800954	1	0	0	0	0
2024-09-04 21:56:20	42.593461500000004	101.12031289999999	100.4476467	1	0	0	0	0
2024-09-04 21:56:30	42.77911644	101.1747348	101.469482	1	0	0	0	0
2024-09-04 21:56:40	42.7988248	101.1308056	101.307915	1	0	0	0	0
2024-09-04 21:56:50	42.7908403	101.3534949	101.3675248	1	0	0	0	0
2024-09-04 21:57:00	42.82905896	101.2955829	101.3551304	1	0	0	0	0
2024-09-04 21:57:10	42.961266359999996	101.3027766	101.869209	1	0	0	0	0
2024-09-04 21:57:20	43.029247	101.0897472	101.685616	1	0	0	0	0
2024-09-04 21:57:30	42.61974713	101.851244	100.8158866	1	0	0	0	0
2024-09-04 21:57:40	42.3775462	101.6379232	100.2426958	1	0	0	0	0
2024-09-04 21:57:50	42.478881030000004	100.8564709	100.385117	1	0	0	0	0
2024-09-04 21:58:00	42.59140606	100.9544886	101.142639	1	0	0	0	0
2024-09-04 21:58:10	42.68991429	100.7772617	101.140764	1	0	0	0	0
2024-09-04 21:58:20	42.701100499999995	100.6826636	101.0142905	1	0	0	0	0
2024-09-04 21:58:30	42.35752185	101.08699299999999	100.029137	1	0	0	0	0
2024-09-04 21:58:40	42.049694820000006	101.267183	99.60264	1	0	0	0	0
2024-09-04 21:58:50	41.9936667	100.3256565	99.124698	1	0	0	0	0
2024-09-04 21:59:00	41.91654448	99.66071557	98.86471	1	0	0	0	0
2024-09-04 21:59:10	41.79106596	99.57888299999999	98.71001	1	0	0	0	0
2024-09-04 21:59:20	41.89189338	99.522527	99.4557953	1	0	0	0	0
2024-09-04 21:59:30	42.38934997	99.0506614	100.5593385	1	0	0	0	0
2024-09-04 21:59:40	42.682598119999994	99.67589799999999	101.3921207	1	0	0	0	0
2024-09-04 21:59:50	42.64593026	102.2003846	102.44339	1	0	0	0	0
2024-09-04 22:00:00	42.66378518	101.2487677	101.798523	1	0	0	0	0
2024-09-04 22:00:10	42.41716534	101.08934819999999	100.5744957	1	0	0	0	0
2024-09-04 22:00:20	42.20849849	101.0686647	100.060495	1	0	0	0	0
2024-09-04 22:00:30	42.27870136	100.2859017	100.249634	1	0	0	0	0
2024-09-04 22:00:40	42.55686324	99.9001721	100.797928	1	0	0	0	0
2024-09-04 22:00:50	42.515730489999996	99.85103004	100.2831702	1	0	0	0	0
2024-09-04 22:01:00	42.40267978	100.31710910000001	100.1434499	1	0	0	0	0
2024-09-04 22:01:10	42.313040889999996	100.60184190000001	100.098877	1	0	0	0	0
2024-09-04 22:01:20	42.21686534	100.7489704	100.149315	1	0	0	0	0
2024-09-04 22:01:30	42.24713542	100.6171405	100.2422634	1	0	0	0	0
2024-09-04 22:01:40	42.04454713	101.126915	100.15621185	1	0	0	0	0
2024-09-04 22:01:50	42.31531206	99.917207	100.458664	1	0	0	0	0
2024-09-04 22:02:00	42.220492889999996	99.9904911	99.92908	1	0	0	0	0
2024-09-04 22:02:10	42.49755521	99.56540939	100.4316443	1	0	0	0	0
2024-09-04 22:02:20	42.38543171	100.19426299999999	100.3581112	1	0	0	0	0
2024-09-04 22:02:30	42.62602285	99.98805616	100.87056	1	0	0	0	0
2024-09-04 22:02:40	42.229051350000006	101.3774677	100.490906	1	0	0	0	0
2024-09-04 22:02:50	42.2953385	100.21787828000001	100.0848362	1	0	0	0	0
2024-09-04 22:03:00	42.51556782	99.65259013000001	100.26336309999999	1	0	0	0	0
2024-09-04 22:03:10	42.89503441	99.87442300000001	101.655968	1	0	0	0	0
2024-09-04 22:03:20	42.85769154	100.9213068	101.6513	1	0	0	0	0
2024-09-04 22:03:30	42.886809410000005	101.79660129999999	102.430067	1	0	0	0	0
2024-09-04 22:03:40	43.05144387	102.17896139999999	103.0651329	1	0	0	0	0
2024-09-04 22:03:50	43.28930507	102.1164761	103.44265	1	0	0	0	0
2024-09-04 22:04:00	43.416547	102.1085968	103.1274	1	0	0	0	0
2024-09-04 22:04:10	43.37038423	102.8320607	103.3346213	1	0	0	0	0
2024-09-04 22:04:20	43.2283707	102.9731922	102.7751784	1	0	0	0	0
2024-09-04 22:04:30	42.94235475	102.6977636	101.622986	1	0	0	0	0
2024-09-04 22:04:40	42.76913605	102.1398328	101.049828	1	0	0	0	0
2024-09-04 22:04:50	42.653747970000005	101.4762157	100.44303620000001	1	0	0	0	0
2024-09-04 22:05:00	42.71102179	101.06336470000001	100.7141633	1	0	0	0	0
2024-09-04 22:05:10	42.48649596	100.58553789999999	99.8564758	1	0	0	0	0
2024-09-04 22:05:20	42.46686247	100.7414033	100.188156	1	0	0	0	0
2024-09-04 22:05:30	42.81361357	100.6184711	101.4589734	1	0	0	0	0
2024-09-04 22:05:40	42.98233028	100.8254427	101.8330404	1	0	0	0	0
2024-09-04 22:05:50	42.67344822	102.1471226	101.522766	1	0	0	0	0
2024-09-04 22:06:00	42.80126262	100.731514	100.992119	1	0	0	0	0
2024-09-04 22:06:10	42.547534250000005	100.9878571	100.3167262	1	0	0	0	0
2024-09-04 22:06:20	42.62852003	100.6405876	100.465926	1	0	0	0	0
2024-09-04 22:06:30	43.029458580000004	100.76873810000001	102.0252	1	0	0	0	0
2024-09-04 22:06:40	43.36073595	100.966478	102.781105	1	0	0	0	0
2024-09-04 22:06:50	42.984355550000004	102.79121190000001	102.75385829999999	1	0	0	0	0
2024-09-04 22:07:00	43.09643725	102.613087	102.9612161	1	0	0	0	0
2024-09-04 22:07:10	42.90455857	102.8015511	102.505089	1	0	0	0	0
2024-09-04 22:07:20	43.046039220000004	101.73992439999999	102.12915	1	0	0	0	0
2024-09-04 22:07:30	43.04229698	101.9079967	101.980065	1	0	0	0	0
2024-09-04 22:07:40	42.820226680000005	102.1756639	101.4987735	1	0	0	0	0
2024-09-04 22:07:50	42.86243634	101.9551788	101.724434	1	0	0	0	0
2024-09-04 22:08:00	42.93134498	101.5039757	101.76178	1	0	0	0	0
2024-09-04 22:08:10	42.762068219999996	101.2283843	101.02591509999999	1	0	0	0	0
2024-09-04 22:08:20	42.44121552	101.5003862	100.44565653	1	0	0	0	0
2024-09-04 22:08:30	42.24972537	100.31182480000001	99.17295	1	0	0	0	0
2024-09-04 22:08:40	42.10360716	100.146449	98.94617	1	0	0	0	0
2024-09-04 22:08:50	41.93989567	99.8525094	98.66163142	1	0	0	0	0
2024-09-04 22:09:00	41.879209159999995	99.59677959000001	98.848886	1	0	0	0	0
2024-09-04 22:09:10	41.67404368	99.516314	98.47262	1	0	0	0	0
2024-09-04 22:09:20	41.68287469	99.143939	98.62458	1	0	0	0	0
2024-09-04 22:09:30	41.74304884	99.27184899999999	99.22936161000001	1	0	0	0	0
2024-09-04 22:09:40	41.57387505	99.66532639	99.09399149000001	1	0	0	0	0
2024-09-04 22:09:50	41.82723351	99.197793	99.606926	1	0	0	0	0
2024-09-04 22:10:00	42.16290639	98.92085399999999	100.248718	1	0	0	0	0
2024-09-04 22:10:10	42.61216678	99.141998	101.4502789	1	0	0	0	0
2024-09-04 22:10:20	43.12330131	99.3908491	102.2802081	1	0	0	0	0
2024-09-04 22:10:30	42.30317119	102.6422279	101.676735	1	0	0	0	0
2024-09-04 22:10:40	42.48054173	100.7301418	100.677856	1	0	0	0	0
2024-09-04 22:10:50	42.21266126	100.89263700000001	99.95135780000001	1	0	0	0	0
2024-09-04 22:11:00	42.094239628169014	100.64795288732394	99.56256371830986	1	0	0	0	0
2024-09-04 22:11:10	41.97475744186046	100.34325597674419	99.36401596279069	1	0	0	0	0
2024-09-04 22:11:20	41.87908	99.8556945	98.9297943	1	0	0	0	0
2024-09-04 22:11:30	42.202444	99.630787	100.20354	1	0	0	0	0
2024-09-04 22:11:40	42.44416657	100.02755189999999	101.17952539999999	1	0	0	0	0
2024-09-04 22:11:50	43.12601171	99.7011751	102.334221	1	0	0	0	0
2024-09-04 22:12:00	42.670427319999995	102.7890301	102.737411	1	0	0	0	0
2024-09-04 22:12:10	42.667352480000005	102.70889919999999	102.586398	1	0	0	0	0
2024-09-04 22:12:20	43.00122557	101.3512852	102.4623104	1	0	0	0	0
2024-09-04 22:12:30	42.96157191	101.2645318	101.946983	1	0	0	0	0
2024-09-04 22:12:40	42.954873590000005	101.7379672	102.123474	1	0	0	0	0
2024-09-04 22:12:50	43.03081588	101.29284609999999	101.60855439999999	1	0	0	0	0
2024-09-04 22:13:00	42.90890009	101.94920409999999	101.7088224	1	0	0	0	0
2024-09-04 22:13:10	42.51777005	102.4795994	100.915749	1	0	0	0	0
2024-09-04 22:13:20	42.492046370000004	101.45024599999999	100.4895	1	0	0	0	0
2024-09-04 22:13:30	42.492046370000004	101.45024599999999	100.4895	1	0	0	0	0
2024-09-04 22:13:40	42.70881539	100.7206261	101.06905219999999	1	0	0	0	0
2024-09-04 22:13:50	42.656921000000004	101.0354956	101.143288	1	0	0	0	0
2024-09-04 22:14:00	42.292953999999995	101.04931590000001	99.84128	1	0	0	0	0
2024-09-04 22:14:10	41.926221340000005	100.61150899	98.69048599999999	1	0	0	0	0
2024-09-04 22:14:20	42.20332529	99.69049225	99.3581677	1	0	0	0	0
2024-09-04 22:14:30	42.65153843	99.65454410000001	100.943214	1	0	0	0	0
2024-09-04 22:14:40	42.65153843	99.65454410000001	100.943214	1	0	0	0	0
2024-09-04 22:14:50	42.1770835	101.922771	100.8947185	1	0	0	0	0
2024-09-04 22:15:00	42.58277374	100.1615749	100.7410632	1	0	0	0	0
2024-09-04 22:15:10	42.58277374	100.1615749	100.7410632	1	0	0	0	0
2024-09-04 22:15:20	42.114624490000004	101.1069857	99.48309	1	0	0	0	0
2024-09-04 22:15:30	42.03288147	100.1316164	98.940853	1	0	0	0	0
2024-09-04 22:15:40	41.940395790000004	99.57100200000001	98.537142	1	0	0	0	0
2024-09-04 22:15:50	41.89049643	99.717296	99.07466	1	0	0	0	0
2024-09-04 22:16:00	42.11317663	99.65985031000001	100.024559	1	0	0	0	0
2024-09-04 22:16:10	42.11317663	99.65985031000001	100.024559	1	0	0	0	0
2024-09-04 22:16:20	42.13498759	99.433989	99.497445	1	0	0	0	0
2024-09-04 22:16:30	42.5800702	98.957441	100.801025	1	0	0	0	0
2024-09-04 22:16:40	42.8452662	99.327952	101.243263	1	0	0	0	0
2024-09-04 22:16:50	42.8452662	99.327952	101.243263	1	0	0	0	0
2024-09-04 22:17:00	42.80771715	100.3239742	101.5985733	1	0	0	0	0
2024-09-04 22:17:10	43.14858158	100.2683302	101.9853	1	0	0	0	0
2024-09-04 22:17:20	42.63469731	102.5033971	101.802055	1	0	0	0	0
2024-09-04 22:17:30	42.61262701	101.1675744	101.00611520000001	1	0	0	0	0
2024-09-04 22:17:40	42.38144654	100.9729222	100.20711170000001	1	0	0	0	0
2024-09-04 22:17:50	41.950894930000004	100.4593439	98.70563	1	0	0	0	0
2024-09-04 22:18:00	41.83731855	99.553381	98.15643	1	0	0	0	0
2024-09-04 22:18:10	41.676806309999996	99.312412	98.02395940000001	1	0	0	0	0
2024-09-04 22:18:20	41.64277887	99.09637000000001	98.179294	1	0	0	0	0
2024-09-04 22:18:30	41.518713000000005	98.56351655	97.79282	1	0	0	0	0
2024-09-04 22:18:40	41.61722674	98.944884	98.88634	1	0	0	0	0
2024-09-04 22:18:50	41.88452376	98.50691499999999	99.398139	1	0	0	0	0
2024-09-04 22:19:00	42.117720059999996	98.67346500000001	99.8385537	1	0	0	0	0
2024-09-04 22:19:10	42.331931649999994	98.79374772	99.95262	1	0	0	0	0
2024-09-04 22:19:20	41.987545	101.4349646	100.819633	1	0	0	0	0
2024-09-04 22:19:30	42.368946310000005	99.873384	100.7422024	1	0	0	0	0
2024-09-04 22:19:40	42.514904	99.99418	100.8830612	1	0	0	0	0
2024-09-04 22:19:50	42.71037099	100.8741055	101.751984	1	0	0	0	0
2024-09-04 22:20:00	42.3782665	102.00836170000001	101.425957	1	0	0	0	0
2024-09-04 22:20:10	42.5177986	101.13780820000001	101.22172280000001	1	0	0	0	0
2024-09-04 22:20:20	42.35243039	101.2187239	100.6030427	1	0	0	0	0
2024-09-04 22:20:30	42.00974927	100.5561817	99.05353	1	0	0	0	0
2024-09-04 22:20:40	41.97504925	99.9312545	98.96058	1	0	0	0	0
2024-09-04 22:20:50	42.150991420000004	99.48214	99.51944089999999	1	0	0	0	0
2024-09-04 22:21:00	42.34949262	99.514372	100.2551373	1	0	0	0	0
2024-09-04 22:21:10	42.43455582	99.47682255	100.235741	1	0	0	0	0
2024-09-04 22:21:20	42.630551000000004	99.57973753	100.703018	1	0	0	0	0
2024-09-04 22:21:30	42.48725588	100.7869576	100.852769	1	0	0	0	0
2024-09-04 22:21:40	42.64313922	100.6682203	101.25677370000001	1	0	0	0	0
2024-09-04 22:21:50	42.855419559999994	100.6416028	101.727547	1	0	0	0	0
2024-09-04 22:22:00	42.88062628	100.9914517	101.689186	1	0	0	0	0
2024-09-04 22:22:10	42.701829520000004	101.598286	101.3629567	1	0	0	0	0
2024-09-04 22:22:20	42.52612536	101.7229925	100.9955588	1	0	0	0	0
2024-09-04 22:22:30	42.22924081	100.3885307	99.07487	1	0	0	0	0
2024-09-04 22:22:40	41.9592655	100.3806277	98.62595	1	0	0	0	0
2024-09-04 22:22:50	42.31071971	99.50922643999999	99.6424504	1	0	0	0	0
2024-09-04 22:23:00	42.6116959	99.380858	100.3436238	1	0	0	0	0
2024-09-04 22:23:10	42.80835333	99.52987828	100.575111	1	0	0	0	0
2024-09-04 22:23:20	42.320986919999996	101.29999149999999	100.503136	1	0	0	0	0
2024-09-04 22:23:30	42.529133640000005	100.28205032000001	100.49952956999999	1	0	0	0	0
2024-09-04 22:23:40	42.40735557	100.2234491	99.89125364	1	0	0	0	0
2024-09-04 22:23:50	42.122536	100.51757210000001	99.14595	1	0	0	0	0
2024-09-04 22:24:00	41.813217529999996	100.23339951999999	98.46153	1	0	0	0	0
2024-09-04 22:24:10	42.112032	98.805598	98.75421155000001	1	0	0	0	0
2024-09-04 22:24:20	42.29646085	98.99675244	99.56789552	1	0	0	0	0
2024-09-04 22:24:30	42.232965050000004	99.249952	99.3129654	1	0	0	0	0
2024-09-04 22:24:40	42.14832536	99.23820232	98.9549	1	0	0	0	0
2024-09-04 22:24:50	42.024988	99.39445751	98.7784894	1	0	0	0	0
2024-09-04 22:25:00	41.94563564285714	99.62539836734693	98.94553843265307	1	0	0	0	0
2024-09-04 22:25:10	41.792453	99.786062	98.6203156	1	0	0	0	0
2024-09-04 22:25:20	41.738482000000005	99.21238445	98.36255	1	0	0	0	0
2024-09-04 22:25:30	41.85224842	98.48003845	98.60782856	1	0	0	0	0
2024-09-04 22:25:40	41.7399177	99.494882	99.19852603999999	1	0	0	0	0
2024-09-04 22:25:50	42.13787311	98.23065949	99.45375	1	0	0	0	0
2024-09-04 22:26:00	41.95491714	99.18210300000001	99.51296	1	0	0	0	0
2024-09-04 22:26:10	42.034220760000004	99.573778	100.0370593	1	0	0	0	0
2024-09-04 22:26:20	42.42504156	99.138498	100.665112	1	0	0	0	0
2024-09-04 22:26:30	42.7077591	99.35845900000001	101.286522	1	0	0	0	0
2024-09-04 22:26:40	42.197644000000004	101.46706280000001	101.036217	1	0	0	0	0
2024-09-04 22:26:50	42.27971622	100.0432306	99.9481209	1	0	0	0	0
2024-09-04 22:27:00	42.032160999999995	99.85816844	99.19538399999999	1	0	0	0	0
2024-09-04 22:27:10	41.91477815	99.876826	98.85524	1	0	0	0	0
2024-09-04 22:27:20	41.84328082	99.67780751	98.7899551	1	0	0	0	0
2024-09-04 22:27:30	41.93782693	98.50725296	98.43348	1	0	0	0	0
2024-09-04 22:27:40	41.86168486	99.258502	99.01974749	1	0	0	0	0
2024-09-04 22:27:50	41.82233657	99.25980541999999	98.88794	1	0	0	0	0
2024-09-04 22:28:00	41.6051174	99.794032	98.8924561	1	0	0	0	0
2024-09-04 22:28:10	41.6963535	99.19284400000001	98.84634394999999	1	0	0	0	0
2024-09-04 22:28:20	41.80052568	99.004223	99.06536200000001	1	0	0	0	0
2024-09-04 22:28:30	41.9309383	99.066097	99.3900452	1	0	0	0	0
2024-09-04 22:28:40	42.01442488	99.03396073	99.490715	1	0	0	0	0
2024-09-04 22:28:50	41.982849869999995	99.00386	99.173341	1	0	0	0	0
2024-09-04 22:29:00	42.19411774	98.86724251	99.617422	1	0	0	0	0
2024-09-04 22:29:10	42.096888310000004	99.0766006	99.2725449	1	0	0	0	0
2024-09-04 22:29:20	42.08322449	99.06884099999999	99.1128845	1	0	0	0	0
2024-09-04 22:29:30	42.26917746	98.98735599999999	99.6568619	1	0	0	0	0
2024-09-04 22:29:40	42.79490472	99.25181810000001	101.18777759999999	1	0	0	0	0
2024-09-04 22:29:50	42.44583445	101.8875357	101.798943	1	0	0	0	0
2024-09-04 22:30:00	42.480505602040814	100.72280953061225	100.793427	1	0	0	0	0
2024-09-04 22:30:10	42.51929864	99.9648368	100.0495282	1	0	0	0	0
2024-09-04 22:30:20	42.277246410000004	100.3926494	99.694657	1	0	0	0	0
2024-09-04 22:30:30	42.44284935	100.00373533999999	100.090385	1	0	0	0	0
2024-09-04 22:30:40	42.42503414	100.0043465	100.038506	1	0	0	0	0
2024-09-04 22:30:50	42.338766480000004	100.1441317	99.810637	1	0	0	0	0
2024-09-04 22:31:00	42.38733559	99.703689	99.6644336	1	0	0	0	0
2024-09-04 22:31:10	42.346758480000005	100.3740675	100.154587	1	0	0	0	0
2024-09-04 22:31:20	42.339306490000006	100.0666449	99.9417953	1	0	0	0	0
2024-09-04 22:31:30	42.54099931	99.67361899999999	100.25591510000001	1	0	0	0	0
2024-09-04 22:31:40	42.63485145	99.9374232	100.6785237	1	0	0	0	0
2024-09-04 22:31:50	42.437191	100.1659413	100.092621	1	0	0	0	0
2024-09-04 22:32:00	42.29602314	100.1502704	99.6244049	1	0	0	0	0
2024-09-04 22:32:10	42.422641670000004	99.685001	99.80551609999999	1	0	0	0	0
2024-09-04 22:32:20	42.492535849999996	99.86909250000001	100.1722597	1	0	0	0	0
2024-09-04 22:32:30	42.83674204	99.83870200000001	101.0096	1	0	0	0	0
2024-09-04 22:32:40	42.846436929999996	100.9299902	101.48455	1	0	0	0	0
2024-09-04 22:32:50	42.41580484	102.0218908	100.9562007	1	0	0	0	0
2024-09-04 22:33:00	42.55967713	100.5586815	100.5293095	1	0	0	0	0
2024-09-04 22:33:10	42.58540372	100.5765465	100.664085	1	0	0	0	0
2024-09-04 22:33:20	42.470096350000006	100.6623443	100.239342	1	0	0	0	0
2024-09-04 22:33:30	42.42833343	100.5858905	100.2452423	1	0	0	0	0
2024-09-04 22:33:40	42.208040260000004	100.8333753	99.928442	1	0	0	0	0
2024-09-04 22:33:50	42.197628009999995	100.6004491	99.8499146	1	0	0	0	0
2024-09-04 22:34:00	42.278367620000004	100.0796006	99.94069	1	0	0	0	0
2024-09-04 22:34:10	41.949834800000005	100.40811190000001	99.197375	1	0	0	0	0
2024-09-04 22:34:20	42.0189247	99.625681	99.097625	1	0	0	0	0
2024-09-04 22:34:30	41.918141399999996	99.72211	99.22192	1	0	0	0	0
2024-09-04 22:34:40	42.1425251	99.256723	99.77521	1	0	0	0	0
2024-09-04 22:34:50	41.91013033	99.719002	99.16980099999999	1	0	0	0	0
2024-09-04 22:35:00	42.084042078431374	99.47448587058823	99.61525362745098	1	0	0	0	0
2024-09-04 22:35:10	42.30040831	99.59347199999999	100.274757	1	0	0	0	0
2024-09-04 22:35:20	42.31184152	99.726245	100.043251	1	0	0	0	0
2024-09-04 22:35:30	42.5211037	99.30727420000001	100.19646493	1	0	0	0	0
2024-09-04 22:35:40	42.06618173	100.6089073	99.91416877	1	0	0	0	0
2024-09-04 22:35:50	42.130919000000006	99.68984657	99.43419	1	0	0	0	0
2024-09-04 22:36:00	42.112824360000005	99.525504	99.28566	1	0	0	0	0
2024-09-04 22:36:10	42.092251	99.730688	99.54024455999999	1	0	0	0	0
2024-09-04 22:36:20	42.27380375	99.449074	99.86964504000001	1	0	0	0	0
2024-09-04 22:36:30	42.225357269999996	99.18285399999999	99.27282	1	0	0	0	0
2024-09-04 22:36:40	42.3419874	99.25477614	99.93715	1	0	0	0	0
2024-09-04 22:36:50	42.15817105	99.73404323	99.47997877	1	0	0	0	0
2024-09-04 22:37:00	42.102138000000004	99.651801	99.35313210000001	1	0	0	0	0
2024-09-04 22:37:10	42.256156680000004	99.504427	99.65031	1	0	0	0	0
2024-09-04 22:37:20	42.318690000000004	99.23989204	99.43151	1	0	0	0	0
2024-09-04 22:37:30	42.43277012	99.68638043	100.2453271	1	0	0	0	0
2024-09-04 22:37:40	42.6095989	99.94265838999999	100.72999519999999	1	0	0	0	0
2024-09-04 22:37:50	42.35108456	101.35101499999999	100.70845	1	0	0	0	0
2024-09-04 22:38:00	42.45939433265306	100.51218075510204	100.69989	1	0	0	0	0
2024-09-04 22:38:10	42.27587011	100.6903615	100.22165417000001	1	0	0	0	0
2024-09-04 22:38:20	42.12178643	100.49205280000001	99.70073854	1	0	0	0	0
2024-09-04 22:38:30	42.23919194	99.65789649999999	99.6433258	1	0	0	0	0
2024-09-04 22:38:40	42.13341716	99.9914428	99.6955948	1	0	0	0	0
2024-09-04 22:38:50	42.32167317	99.305842	99.7929864	1	0	0	0	0
2024-09-04 22:39:00	42.282717500000004	99.940788	100.0864016	1	0	0	0	0
2024-09-04 22:39:10	42.013646	100.2920623	99.59885	1	0	0	0	0
2024-09-04 22:39:20	42.142818840000004	99.6824673	99.76679	1	0	0	0	0
2024-09-04 22:39:30	42.13293061	99.493367	99.61509094	1	0	0	0	0
2024-09-04 22:39:40	42.03020093	99.939669	99.59397046000001	1	0	0	0	0
2024-09-04 22:39:50	42.21886029	99.67918577	100.11895	1	0	0	0	0
2024-09-04 22:40:00	42.21828825882353	99.4024760882353	99.66263	1	0	0	0	0
2024-09-04 22:40:10	42.10942119	99.644595	99.425299	1	0	0	0	0
2024-09-04 22:40:20	42.268985	99.482125	99.76595259999999	1	0	0	0	0
2024-09-04 22:40:30	42.43770214	99.4560173	100.3033	1	0	0	0	0
2024-09-04 22:40:40	42.58143009	99.436441	100.568748	1	0	0	0	0
2024-09-04 22:40:50	42.448451568627455	99.87223588235295	100.015404	1	0	0	0	0
2024-09-04 22:41:00	42.69085631142857	99.66128042	100.67475325714285	1	0	0	0	0
2024-09-04 22:41:10	42.77412176829268	100.51111682926829	101.3772688292683	1	0	0	0	0
2024-09-04 22:41:20	42.66118927	101.3033459	101.609825	1	0	0	0	0
2024-09-04 22:41:30	42.59572034	101.3346522	101.1802007	1	0	0	0	0
2024-09-04 22:41:40	42.457673	101.50638049999999	100.87743151	1	0	0	0	0
2024-09-04 22:41:50	42.376011999999996	99.751604	99.23776	1	0	0	0	0
2024-09-04 22:42:00	42.4195068	99.21897759000001	99.05117	1	0	0	0	0
2024-09-04 22:42:10	42.429226119999996	99.593066	99.56949	1	0	0	0	0
2024-09-04 22:42:20	42.497490479999996	99.96641	100.1099892	1	0	0	0	0
2024-09-04 22:42:30	42.53073954	99.75961622	99.85467	1	0	0	0	0
2024-09-04 22:42:40	42.351123709999996	100.17512199999999	99.5517044	1	0	0	0	0
2024-09-04 22:42:50	42.49479711	99.805833	99.835504	1	0	0	0	0
2024-09-04 22:43:00	42.623794	99.54886386999999	99.964169	1	0	0	0	0
2024-09-04 22:43:10	42.675817450000004	99.6475813	100.040794	1	0	0	0	0
2024-09-04 22:43:20	42.66793174	100.58229279999999	100.875755	1	0	0	0	0
2024-09-04 22:43:30	43.05958477	100.2461161	101.6953484	1	0	0	0	0
2024-09-04 22:43:40	43.07582166	101.6311783	102.41496690000001	1	0	0	0	0
2024-09-04 22:43:50	42.933232749999995	101.43289010000001	101.326218	1	0	0	0	0
2024-09-04 22:44:00	42.88790458	101.80496930000001	101.587265	1	0	0	0	0
2024-09-04 22:44:10	43.01576331	101.60984499999999	101.9429966	1	0	0	0	0
2024-09-04 22:44:20	43.11092111	101.799013	102.3979786	1	0	0	0	0
2024-09-04 22:44:30	42.62008747	102.1327892	100.8417	1	0	0	0	0
2024-09-04 22:44:40	42.4076374	101.7234668	100.173943	1	0	0	0	0
2024-09-04 22:44:50	42.469046819999996	100.5067308	99.72995069999999	1	0	0	0	0
2024-09-04 22:45:00	42.64452517	100.0155632	100.2291554	1	0	0	0	0
2024-09-04 22:45:10	42.61973417	100.42006219999999	100.45636	1	0	0	0	0
2024-09-04 22:45:20	42.59017	100.70577920000001	100.672722	1	0	0	0	0
2024-09-04 22:45:30	42.45152169	100.4576618	99.937639	1	0	0	0	0
2024-09-04 22:45:40	42.12425003	100.65502599999999	99.29055054	1	0	0	0	0
2024-09-04 22:45:50	41.87522266	99.62062	98.1756439	1	0	0	0	0
2024-09-04 22:46:00	41.72534551	99.16427259	97.76307	1	0	0	0	0
2024-09-04 22:46:10	41.865561230000004	99.04565	98.72871549999999	1	0	0	0	0
2024-09-04 22:46:20	42.249156039999995	98.51063915	99.69159570000001	1	0	0	0	0
2024-09-04 22:46:30	42.214713970000005	99.0676495	99.4294357	1	0	0	0	0
2024-09-04 22:46:40	41.85050578	99.25631995	98.11182	1	0	0	0	0
2024-09-04 22:46:50	41.66503834	99.094139	97.901449	1	0	0	0	0
2024-09-04 22:47:00	41.55854031	99.47327977	98.412575	1	0	0	0	0
2024-09-04 22:47:10	41.69712486	99.04288557000001	98.87306	1	0	0	0	0
2024-09-04 22:47:20	41.80716731	98.94123632	99.17201	1	0	0	0	0
2024-09-04 22:47:30	41.89657872	99.24320051999999	99.571236	1	0	0	0	0
2024-09-04 22:47:40	41.91146421	99.416063	99.571782	1	0	0	0	0
2024-09-04 22:47:50	41.94086187	99.161422	99.29308	1	0	0	0	0
2024-09-04 22:48:00	41.79867651	99.09327088	98.65682	1	0	0	0	0
2024-09-04 22:48:10	41.913131	99.05668332	99.068448	1	0	0	0	0
2024-09-04 22:48:20	41.9806576	98.59641855000001	98.725094	1	0	0	0	0
2024-09-04 22:48:30	42.06536802	98.53243900000001	98.83964	1	0	0	0	0
2024-09-04 22:48:40	42.087116210000005	98.99367751	99.2373352	1	0	0	0	0
2024-09-04 22:48:50	42.00632706	98.88667453	98.79804942999999	1	0	0	0	0
2024-09-04 22:49:00	42.078347	98.86414500000001	99.05932887	1	0	0	0	0
2024-09-04 22:49:10	42.47929074	98.807642	100.3064	1	0	0	0	0
2024-09-04 22:49:20	42.27823579	100.57402619999999	100.617767	1	0	0	0	0
2024-09-04 22:49:30	42.31495861	100.3606446	100.700786	1	0	0	0	0
2024-09-04 22:49:40	42.29679133	99.813885	99.899652	1	0	0	0	0
2024-09-04 22:49:50	42.2943348	99.482034	99.573494	1	0	0	0	0
2024-09-04 22:50:00	42.119060149999996	99.675128	99.25858	1	0	0	0	0
2024-09-04 22:50:10	42.179358	99.86859134999999	99.79605	1	0	0	0	0
2024-09-04 22:50:20	42.19068644	99.73249358000001	99.81035530000001	1	0	0	0	0
2024-09-04 22:50:30	42.437458	99.792709	100.669807	1	0	0	0	0
2024-09-04 22:50:40	42.34641575	99.8084808	99.95392	1	0	0	0	0
2024-09-04 22:50:50	42.2626255	100.0914064	99.93125599999999	1	0	0	0	0
2024-09-04 22:51:00	42.503121	99.35397658000001	99.96225751	1	0	0	0	0
2024-09-04 22:51:10	42.46746132	99.8194	100.257225	1	0	0	0	0
2024-09-04 22:51:20	42.48706	99.72361304	99.9504242	1	0	0	0	0
2024-09-04 22:51:30	42.619866689999995	99.706208	100.15901219999999	1	0	0	0	0
2024-09-04 22:51:40	42.64378874	100.0874233	100.2892615	1	0	0	0	0
2024-09-04 22:51:50	42.27150307	100.4220934	99.1772	1	0	0	0	0
2024-09-04 22:52:00	42.35916898	99.790688	99.54085	1	0	0	0	0
2024-09-04 22:52:10	42.53238332	99.154056	99.473128	1	0	0	0	0
2024-09-04 22:52:20	42.512429069999996	99.15367813	99.418229	1	0	0	0	0
2024-09-04 22:52:30	42.25571555	99.31749939999999	98.69736	1	0	0	0	0
2024-09-04 22:52:40	42.229908200000004	99.452457	99.06671	1	0	0	0	0
2024-09-04 22:52:50	42.42402914	99.261392	99.66035400000001	1	0	0	0	0
2024-09-04 22:53:00	42.44455204	99.811306	100.00337610000001	1	0	0	0	0
2024-09-04 22:53:10	42.66490055	99.49466704999999	99.96296	1	0	0	0	0
2024-09-04 22:53:20	42.20175848	100.8785642	99.56166	1	0	0	0	0
2024-09-04 22:53:30	42.45883513	100.0369657	100.070247	1	0	0	0	0
2024-09-04 22:53:40	42.52859954	100.2164151	100.4337482	1	0	0	0	0
2024-09-04 22:53:50	42.563297629999994	100.5726854	100.796669	1	0	0	0	0
2024-09-04 22:54:00	42.847122000000006	100.09641540000001	100.9766	1	0	0	0	0
2024-09-04 22:54:10	42.84743878	99.77566823000001	100.3621757	1	0	0	0	0
2024-09-04 22:54:20	42.74560233	100.13743960000001	100.2444819	1	0	0	0	0
2024-09-04 22:54:30	42.54278189	100.5703035	100.00386	1	0	0	0	0
2024-09-04 22:54:40	42.55761543	100.997832	100.7686	1	0	0	0	0
2024-09-04 22:54:50	42.76908161	100.33409400000001	100.8925586	1	0	0	0	0
2024-09-04 22:55:00	42.48001598	100.8118503	100.2141924	1	0	0	0	0
2024-09-04 22:55:10	42.18168327	100.6103291	99.26192	1	0	0	0	0
2024-09-04 22:55:20	42.360206219999995	99.811105	99.7446442	1	0	0	0	0
2024-09-04 22:55:30	42.12256394	99.54862721999999	98.87016	1	0	0	0	0
2024-09-04 22:55:40	42.04560246	99.677172	99.083489	1	0	0	0	0
2024-09-04 22:55:50	41.927063000000004	99.49131200000001	98.88176	1	0	0	0	0
2024-09-04 22:56:00	42.212149440000005	98.98959599999999	99.537674	1	0	0	0	0
2024-09-04 22:56:10	42.510919	99.27759658	100.6682878	1	0	0	0	0
2024-09-04 22:56:20	42.48834633	99.61439200000001	100.2818224	1	0	0	0	0
2024-09-04 22:56:30	42.12718658	100.0631742	99.31633	1	0	0	0	0
2024-09-04 22:56:40	42.25005679	99.75870499999999	99.85712	1	0	0	0	0
2024-09-04 22:56:50	42.504454200000005	99.798831	100.80614130000001	1	0	0	0	0
2024-09-04 22:57:00	42.7183075	99.809312	101.05517239999999	1	0	0	0	0
2024-09-04 22:57:10	42.53282688	100.1555869	100.156273	1	0	0	0	0
2024-09-04 22:57:20	42.423235	100.0640286	99.68707	1	0	0	0	0
2024-09-04 22:57:30	42.38317	99.997727	99.76202393	1	0	0	0	0
2024-09-04 22:57:40	42.15594244	100.3671214	99.53138507999999	1	0	0	0	0
2024-09-04 22:57:50	42.20026432	99.818028	99.68334	1	0	0	0	0
2024-09-04 22:58:00	42.269273	99.74787648	99.80332	1	0	0	0	0
2024-09-04 22:58:10	42.40873577	99.29791399999999	99.8891595	1	0	0	0	0
2024-09-04 22:58:20	42.52042812	99.5587147	100.2708925	1	0	0	0	0
2024-09-04 22:58:30	42.777217	100.7477909	101.969086	1	0	0	0	0
2024-09-04 22:58:40	43.028170749999994	100.559151	102.069221	1	0	0	0	0
2024-09-04 22:58:50	42.91654969	101.3209236	101.91028	1	0	0	0	0
2024-09-04 22:59:00	42.641991850000004	101.19758200000001	100.8259874	1	0	0	0	0
2024-09-04 22:59:10	42.28749579	100.5417888	99.1768	1	0	0	0	0
2024-09-04 22:59:20	42.102457	100.23451363999999	98.7825546	1	0	0	0	0
2024-09-04 22:59:30	42.17583388	99.7380754	98.96569657	1	0	0	0	0
2024-09-04 22:59:40	42.22946437	99.43530148	99.27980613000001	1	0	0	0	0
2024-09-04 22:59:50	41.85836151	100.28973959999999	98.9737549	1	0	0	0	0
2024-09-04 23:00:00	42.22205166	99.007097	99.5265656	1	0	0	0	0
2024-09-04 23:00:10	42.14944344	99.28450955000001	99.39708499999999	1	0	0	0	0
2024-09-04 23:00:20	42.16285467	99.252821	99.35366499999999	1	0	0	0	0
2024-09-04 23:00:30	42.377616079999996	98.927697	99.73689	1	0	0	0	0
2024-09-04 23:00:40	42.269799400000004	99.37677919	99.44496	1	0	0	0	0
2024-09-04 23:00:50	42.08273929	99.5213234	98.894718	1	0	0	0	0
2024-09-04 23:01:00	42.14536281	99.19618456	99.05507	1	0	0	0	0
2024-09-04 23:01:10	41.96936681	99.49022713	98.8922	1	0	0	0	0
2024-09-04 23:01:20	41.91809162	99.08680958000001	98.4776459	1	0	0	0	0
2024-09-04 23:01:30	41.87099952	99.317437	98.81683841	1	0	0	0	0
2024-09-04 23:01:40	41.99305768	99.179122	99.25080253	1	0	0	0	0
2024-09-04 23:01:50	41.99017397	99.16807668	98.97485	1	0	0	0	0
2024-09-04 23:02:00	42.041500410000005	98.99312	99.12572	1	0	0	0	0
2024-09-04 23:02:10	42.07386551	99.27686104	99.41795957000001	1	0	0	0	0
2024-09-04 23:02:20	42.200501	99.25324253	99.71387548999999	1	0	0	0	0
2024-09-04 23:02:30	42.566053	99.184066	100.736038	1	0	0	0	0
2024-09-04 23:02:40	42.76393032	98.9525098	100.453537	1	0	0	0	0
2024-09-04 23:02:50	42.14348914	101.3189273	100.3039146	1	0	0	0	0
2024-09-04 23:03:00	42.37249984	100.160054	100.13575359999999	1	0	0	0	0
2024-09-04 23:03:10	42.030495	99.98996195000001	98.8794861	1	0	0	0	0
2024-09-04 23:03:20	42.08873285	99.29835869	98.92663	1	0	0	0	0
2024-09-04 23:03:30	42.18125162	99.332641	99.441592	1	0	0	0	0
2024-09-04 23:03:40	42.2000884	99.41025522000001	99.58873	1	0	0	0	0
2024-09-04 23:03:50	42.281567519999996	99.12108655	99.44709	1	0	0	0	0
2024-09-04 23:04:00	42.43816195	99.1984415	100.00238	1	0	0	0	0
2024-09-04 23:04:10	42.585100839999996	99.421537	100.31857260000001	1	0	0	0	0
2024-09-04 23:04:20	42.30716385	100.53351289999999	100.0611572	1	0	0	0	0
2024-09-04 23:04:30	42.37328	100.1371826	100.192055	1	0	0	0	0
2024-09-04 23:04:40	42.45346529	99.860478	100.06649	1	0	0	0	0
2024-09-04 23:04:50	42.584002410000004	99.95192	100.5427928	1	0	0	0	0
2024-09-04 23:05:00	42.520960880000004	100.06555879999999	100.3146829	1	0	0	0	0
2024-09-04 23:05:10	42.54612202	100.1026046	100.320107	1	0	0	0	0
2024-09-04 23:05:20	42.555423	100.16864580000001	100.267517	1	0	0	0	0
2024-09-04 23:05:30	42.689770089999996	99.7977974	100.37115779999999	1	0	0	0	0
2024-09-04 23:05:40	42.78685645	100.71533860000001	101.23564789999999	1	0	0	0	0
2024-09-04 23:05:50	42.6679005	101.5145818	101.631477	1	0	0	0	0
2024-09-04 23:06:00	42.660516	101.38555790000001	101.395958	1	0	0	0	0
2024-09-04 23:06:10	42.684891910000005	101.3255919	101.3824953	1	0	0	0	0
2024-09-04 23:06:20	42.66586458	101.364975	101.20397770000001	1	0	0	0	0
2024-09-04 23:06:30	42.5780636	100.9932777	100.737633	1	0	0	0	0
2024-09-04 23:06:40	43.00177387	100.539556	101.778053	1	0	0	0	0
2024-09-04 23:06:50	42.81551846	100.695571	100.745283	1	0	0	0	0
2024-09-04 23:07:00	42.706455999999996	100.6760766	100.4129597	1	0	0	0	0
2024-09-04 23:07:10	42.80582616	100.6513443	100.729	1	0	0	0	0
2024-09-04 23:07:20	42.89613608	101.1172664	101.668495	1	0	0	0	0
2024-09-04 23:07:30	43.124736	101.5658227	102.59504	1	0	0	0	0
2024-09-04 23:07:40	42.87310994	102.1811967	102.09308419999999	1	0	0	0	0
2024-09-04 23:07:50	42.98813166	101.934615	102.17131	1	0	0	0	0
2024-09-04 23:08:00	42.88828149	102.2200388	101.986725	1	0	0	0	0
2024-09-04 23:08:10	42.91768566	102.0789965	102.04083990000001	1	0	0	0	0
2024-09-04 23:08:20	42.881132099999995	102.02458779999999	101.9588013	1	0	0	0	0
2024-09-04 23:08:30	42.8941272	101.8425161	101.673859	1	0	0	0	0
2024-09-04 23:08:40	42.337804999999996	102.2918285	100.20372	1	0	0	0	0
2024-09-04 23:08:50	42.72889745	100.378648	100.2928317	1	0	0	0	0
2024-09-04 23:09:00	42.678177	100.5691142	100.34100839999999	1	0	0	0	0
2024-09-04 23:09:10	42.723805	101.01886069999999	100.798248	1	0	0	0	0
2024-09-04 23:09:20	42.56043735	101.0214936	100.411835	1	0	0	0	0
2024-09-04 23:09:30	42.357589610000005	101.1120957	100.09725763	1	0	0	0	0
2024-09-04 23:09:40	42.4127902	100.2660398	99.89755777	1	0	0	0	0
2024-09-04 23:09:50	42.07303999	100.24188459999999	98.99714	1	0	0	0	0
2024-09-04 23:10:00	42.288488550000004	99.3472904	99.43365	1	0	0	0	0
2024-09-04 23:10:10	42.20470617	99.590133	99.35286740000001	1	0	0	0	0
2024-09-04 23:10:20	42.42413006	99.50182713	100.0237664	1	0	0	0	0
2024-09-04 23:10:30	42.64366032	99.73094800000001	100.890366	1	0	0	0	0
2024-09-04 23:10:40	42.202654	101.3765587	100.303215	1	0	0	0	0
2024-09-04 23:10:50	42.3109050627451	99.74351490196078	99.6313968627451	1	0	0	0	0
2024-09-04 23:11:00	42.304538474285714	99.55598228571428	99.55129081428571	1	0	0	0	0
2024-09-04 23:11:10	42.28769621666667	99.46776666666666	99.37360091666667	1	0	0	0	0
2024-09-04 23:11:20	42.35805176470588	99.44615930196078	99.68002	1	0	0	0	0
2024-09-04 23:11:30	42.288302608	100.17379236	100.08143792	1	0	0	0	0
2024-09-04 23:11:40	42.540001312	99.39317199999999	100.17890948	1	0	0	0	0
2024-09-04 23:11:50	42.80306492	99.19238	100.742821	1	0	0	0	0
2024-09-04 23:12:00	42.662378748	100.4991789	100.777176	1	0	0	0	0
2024-09-04 23:12:10	42.381013412	101.11437588000001	100.43144282	1	0	0	0	0
2024-09-04 23:12:20	42.45799250588235	100.36679201960784	100.35721541176471	1	0	0	0	0
2024-09-04 23:12:30	42.5751228	100.275772	100.728638	1	0	0	0	0
2024-09-04 23:12:40	42.8158226	100.276459	101.35392	1	0	0	0	0
2024-09-04 23:12:50	42.8412628	100.277023	100.863815	1	0	0	0	0
2024-09-04 23:13:00	42.5662842	101.26281	100.801315	1	0	0	0	0
2024-09-04 23:13:10	42.58457	100.849762	100.77243	1	0	0	0	0
2024-09-04 23:13:20	42.5522232	100.976913	100.804596	1	0	0	0	0
2024-09-04 23:13:30	42.4804268	101.03627	100.578171	1	0	0	0	0
2024-09-04 23:13:40	42.7661743	100.002518	100.7472	1	0	0	0	0
2024-09-04 23:13:50	42.6020737	100.701736	100.518326	1	0	0	0	0
2024-09-04 23:14:00	42.55	100.398819	100.076492	1	0	0	0	0
2024-09-04 23:14:10	42.3469734	100.521454	99.66885	1	0	0	0	0
2024-09-04 23:14:20	42.196476	100.158432	99.24045	1	0	0	0	0
2024-09-04 23:14:30	42.3731041	99.79646	99.73852	1	0	0	0	0
2024-09-04 23:14:40	42.45062	99.66624	100.068893	1	0	0	0	0
2024-09-04 23:14:50	42.4021	99.9609	100.050934	1	0	0	0	0
2024-09-04 23:15:00	42.5020943	99.60984	99.97169	1	0	0	0	0
2024-09-04 23:15:10	42.73678	99.37956	100.52977	1	0	0	0	0
2024-09-04 23:15:20	42.7265244	100.0627	100.664139	1	0	0	0	0
2024-09-04 23:15:30	42.8910828	100.597618	101.404549	1	0	0	0	0
2024-09-04 23:15:40	42.63753	101.546852	101.279289	1	0	0	0	0
2024-09-04 23:15:50	42.57147	101.37706	100.812538	1	0	0	0	0
2024-09-04 23:16:00	42.4671326	101.117455	100.544724	1	0	0	0	0
2024-09-04 23:16:10	42.5110741	100.800545	100.576294	1	0	0	0	0
2024-09-04 23:16:20	42.46801	100.860687	100.54924	1	0	0	0	0
2024-09-04 23:16:30	42.4004555	100.518234	100.118286	1	0	0	0	0
2024-09-04 23:16:40	42.47367	100.158325	100.147644	1	0	0	0	0
2024-09-04 23:16:50	42.4397125	100.394432	100.431725	1	0	0	0	0
2024-09-04 23:17:00	42.3442841	99.88466	99.74956	1	0	0	0	0
2024-09-04 23:17:10	42.502552	99.682045	100.273216	1	0	0	0	0
2024-09-04 23:17:20	42.5388641	100.172981	100.605614	1	0	0	0	0
2024-09-04 23:17:30	42.53362	100.083847	100.255081	1	0	0	0	0
2024-09-04 23:17:40	42.7212677	99.88386	100.602837	1	0	0	0	0
2024-09-04 23:17:50	42.6966553	100.105438	100.414589	1	0	0	0	0
2024-09-04 23:18:00	42.5293541	100.672935	100.301781	1	0	0	0	0
2024-09-04 23:18:10	42.4117775	101.009491	100.384377	1	0	0	0	0
2024-09-04 23:18:20	42.5711975	100.505432	100.613152	1	0	0	0	0
2024-09-04 23:18:30	42.790863	100.478157	101.187523	1	0	0	0	0
2024-09-04 23:18:40	43.11555	100.388634	101.896538	1	0	0	0	0
2024-09-04 23:18:50	42.74994	101.720444	101.452705	1	0	0	0	0
2024-09-04 23:19:00	42.6832466	101.208984	100.950752	1	0	0	0	0
2024-09-04 23:19:10	42.3743858	100.824669	99.61307	1	0	0	0	0
2024-09-04 23:19:20	42.4519272	100.176643	99.8588638	1	0	0	0	0
2024-09-04 23:19:30	42.3062363	100.0001	99.38411	1	0	0	0	0
2024-09-04 23:19:40	42.08863	100.212784	99.21303	1	0	0	0	0
2024-09-04 23:19:50	42.3292542	99.82163	99.9153	1	0	0	0	0
2024-09-04 23:20:00	42.232132	100.059639	99.66186	1	0	0	0	0
2024-09-04 23:20:10	42.4307556	100.297173	100.618149	1	0	0	0	0
2024-09-04 23:20:20	42.3621	99.6970444	99.70171	1	0	0	0	0
2024-09-04 23:20:30	42.3321724	99.7339	99.67469	1	0	0	0	0
2024-09-04 23:20:40	42.4406	99.83354	100.297569	1	0	0	0	0
2024-09-04 23:20:50	42.53005	99.85161	100.507454	1	0	0	0	0
2024-09-04 23:21:00	42.454	100.039513	100.160927	1	0	0	0	0
2024-09-04 23:21:10	42.607605	99.62891	100.157471	1	0	0	0	0
2024-09-04 23:21:20	42.34418	100.796631	100.162323	1	0	0	0	0
2024-09-04 23:21:30	42.5491257	100.321121	100.671326	1	0	0	0	0
2024-09-04 23:21:40	42.7141838	100.324326	101.081139	1	0	0	0	0
2024-09-04 23:21:50	42.46979	100.4276	100.132141	1	0	0	0	0
2024-09-04 23:22:00	42.4418869	100.503563	100.182083	1	0	0	0	0
2024-09-04 23:22:10	42.39286	100.21711	99.94052	1	0	0	0	0
2024-09-04 23:22:20	42.1449928	100.528915	99.53772	1	0	0	0	0
2024-09-04 23:22:30	42.5099373	100.0647	100.64045	1	0	0	0	0
2024-09-04 23:22:40	42.7924843	99.92243	101.294884	1	0	0	0	0
2024-09-04 23:22:50	42.7287521	100.123192	100.711662	1	0	0	0	0
2024-09-04 23:23:00	42.6794357	100.21711	100.426254	1	0	0	0	0
2024-09-04 23:23:10	42.32505	100.826736	99.59281	1	0	0	0	0
2024-09-04 23:23:20	42.2253	100.866089	99.75904	1	0	0	0	0
2024-09-04 23:23:30	42.23992	100.307785	99.76427	1	0	0	0	0
2024-09-04 23:23:40	42.1678429	99.8723	99.4282	1	0	0	0	0
2024-09-04 23:23:50	42.0493469	99.7402039	99.09576	1	0	0	0	0
2024-09-04 23:24:00	42.12601	99.19767	99.2973	1	0	0	0	0
2024-09-04 23:24:10	42.1561356	99.1448059	99.26309	1	0	0	0	0
2024-09-04 23:24:20	42.2509079	99.42873	99.87255	1	0	0	0	0
2024-09-04 23:24:30	42.48085	99.45682	100.343224	1	0	0	0	0
2024-09-04 23:24:40	42.2077866	100.878082	100.094925	1	0	0	0	0
2024-09-04 23:24:50	42.3381462	99.74142	100.003181	1	0	0	0	0
2024-09-04 23:25:00	42.47852	99.5480042	100.067924	1	0	0	0	0
2024-09-04 23:25:10	42.3004837	99.93358	99.58549	1	0	0	0	0
2024-09-04 23:25:20	42.47293	99.33963	99.71223	1	0	0	0	0
2024-09-04 23:25:30	42.4153557	100.073456	100.008163	1	0	0	0	0
2024-09-04 23:25:40	42.15386	100.578781	99.78404	1	0	0	0	0
2024-09-04 23:25:50	42.4909058	99.69802	100.5026	1	0	0	0	0
2024-09-04 23:26:00	42.7290077	99.8453	101.26358	1	0	0	0	0
2024-09-04 23:26:10	42.770607	100.260437	101.272171	1	0	0	0	0
2024-09-04 23:26:20	42.9389153	100.300468	101.3386	1	0	0	0	0
2024-09-04 23:26:30	42.5038528	101.636658	100.90419	1	0	0	0	0
2024-09-04 23:26:40	42.4966545	101.12487	100.54612	1	0	0	0	0
2024-09-04 23:26:50	42.481163	100.79232	100.353493	1	0	0	0	0
2024-09-04 23:27:00	42.4135628	100.611305	100.083076	1	0	0	0	0
2024-09-04 23:27:10	42.350666	100.255333	99.8157	1	0	0	0	0
2024-09-04 23:27:20	42.28657	100.016632	99.54357	1	0	0	0	0
2024-09-04 23:27:30	42.3522835	99.78806	99.6700745	1	0	0	0	0
2024-09-04 23:27:40	42.2730865	100.14695	99.84736	1	0	0	0	0
2024-09-04 23:27:50	42.385643	99.9507751	100.202171	1	0	0	0	0
2024-09-04 23:28:00	42.29079	100.259361	100.0069	1	0	0	0	0
2024-09-04 23:28:10	42.176384	100.421494	99.8256	1	0	0	0	0
2024-09-04 23:28:20	42.4631844	99.87668	100.333916	1	0	0	0	0
2024-09-04 23:28:30	42.1156	100.505653	99.8526154	1	0	0	0	0
2024-09-04 23:28:40	42.74898	99.58612	101.332993	1	0	0	0	0
2024-09-04 23:28:50	43.23384	100.149635	102.613	1	0	0	0	0
2024-09-04 23:29:00	43.00975	102.864441	103.022728	1	0	0	0	0
2024-09-04 23:29:10	42.6100235	103.3468	102.126785	1	0	0	0	0
2024-09-04 23:29:20	42.8450546	101.241104	101.257179	1	0	0	0	0
2024-09-04 23:29:30	42.5122032	101.020447	99.89957	1	0	0	0	0
2024-09-04 23:29:40	42.2844734	100.377373	99.259	1	0	0	0	0
2024-09-04 23:29:50	42.21272	99.92169	99.07485	1	0	0	0	0
2024-09-04 23:30:00	41.99824	99.95059	98.8922	1	0	0	0	0
2024-09-04 23:30:10	42.0037155	99.58449	98.9399261	1	0	0	0	0
2024-09-04 23:30:20	41.8433723	99.60779	98.7514954	1	0	0	0	0
2024-09-04 23:30:30	42.14949	99.46289	100.09713	1	0	0	0	0
2024-09-04 23:30:40	42.3411636	99.26907	100.350822	1	0	0	0	0
2024-09-04 23:30:50	42.5199165	99.08409	100.386909	1	0	0	0	0
2024-09-04 23:31:00	42.2068329	99.41021	99.2796555	1	0	0	0	0
2024-09-04 23:31:10	42.15592	99.3362045	99.42877	1	0	0	0	0
2024-09-04 23:31:20	42.6188469	99.29444	101.031532	1	0	0	0	0
2024-09-04 23:31:30	43.2396545	99.23196	102.352104	1	0	0	0	0
2024-09-04 23:31:40	42.4639549	102.607964	102.160355	1	0	0	0	0
2024-09-04 23:31:50	42.5372658	100.774529	100.606728	1	0	0	0	0
2024-09-04 23:32:00	42.2238846	101.28701	100.106232	1	0	0	0	0
2024-09-04 23:32:10	42.19872	100.471817	99.7140656	1	0	0	0	0
2024-09-04 23:32:20	42.37226	99.46989	99.68851	1	0	0	0	0
2024-09-04 23:32:30	42.224575	100.233215	99.74677	1	0	0	0	0
2024-09-04 23:32:40	42.0187759	99.9623642	98.96299	1	0	0	0	0
2024-09-04 23:32:50	41.76153	99.94588	98.6932	1	0	0	0	0
2024-09-04 23:33:00	41.8342438	99.3420639	98.82304	1	0	0	0	0
2024-09-04 23:33:10	42.162056	99.20553	100.084496	1	0	0	0	0
2024-09-04 23:33:20	42.1722679	99.64967	100.110039	1	0	0	0	0
2024-09-04 23:33:30	42.32806	98.97121	99.70444	1	0	0	0	0
2024-09-04 23:33:40	42.1032143	100.571281	100.246445	1	0	0	0	0
2024-09-04 23:33:50	42.4901848	100.326912	101.481171	1	0	0	0	0
2024-09-04 23:34:00	42.69227	100.386032	101.679276	1	0	0	0	0
2024-09-04 23:34:10	42.7380867	100.45211	101.339668	1	0	0	0	0
2024-09-04 23:34:20	42.6101532	100.385292	100.5798	1	0	0	0	0
2024-09-04 23:34:30	42.35911	100.653786	100.018852	1	0	0	0	0
2024-09-04 23:34:40	42.2020073	100.417328	99.5057	1	0	0	0	0
2024-09-04 23:34:50	41.8858032	101.027916	99.3621445	1	0	0	0	0
2024-09-04 23:35:00	42.09474	99.21967	98.96005	1	0	0	0	0
2024-09-04 23:35:10	42.0044937	99.4509659	99.14637	1	0	0	0	0
2024-09-04 23:35:20	42.2519569	99.17253	99.95254	1	0	0	0	0
2024-09-04 23:35:30	42.3737831	99.21283	100.021866	1	0	0	0	0
2024-09-04 23:35:40	42.22653	99.2885056	99.34431	1	0	0	0	0
2024-09-04 23:35:50	42.15828	99.36395	99.0984	1	0	0	0	0
2024-09-04 23:36:00	42.1026573	99.71572	99.34721	1	0	0	0	0
2024-09-04 23:36:10	42.429554	98.88501	99.89701	1	0	0	0	0
2024-09-04 23:36:20	42.4517326	99.4802551	100.1838	1	0	0	0	0
2024-09-04 23:36:30	42.20055	100.916077	100.10968	1	0	0	0	0
2024-09-04 23:36:40	42.173275	100.110649	99.77334	1	0	0	0	0
2024-09-04 23:36:50	42.341114	99.65321	99.93605	1	0	0	0	0
2024-09-04 23:37:00	42.1912575	99.731514	99.43848	1	0	0	0	0
2024-09-04 23:37:10	42.1958351	99.60019	99.38283	1	0	0	0	0
2024-09-04 23:37:20	42.55759	99.13057	100.2966	1	0	0	0	0
2024-09-04 23:37:30	42.2528038	99.99173	99.69837	1	0	0	0	0
2024-09-04 23:37:40	42.3019028	99.83672	99.85132	1	0	0	0	0
2024-09-04 23:37:50	42.10593	100.114258	99.41174	1	0	0	0	0
2024-09-04 23:38:00	42.2253151	99.47275	99.503	1	0	0	0	0
2024-09-04 23:38:10	42.3100853	99.54465	99.8461151	1	0	0	0	0
2024-09-04 23:38:20	42.22267	99.6730957	99.56755	1	0	0	0	0
2024-09-04 23:38:30	42.7788124	99.3056946	101.260323	1	0	0	0	0
2024-09-04 23:38:40	42.6101456	100.024773	100.44545	1	0	0	0	0
2024-09-04 23:38:50	42.3896828	100.777756	100.212013	1	0	0	0	0
2024-09-04 23:39:00	42.196537	100.610428	99.7198257	1	0	0	0	0
2024-09-04 23:39:10	42.1692848	100.710266	99.93091	1	0	0	0	0
2024-09-04 23:39:20	42.3559227	99.97864	100.165344	1	0	0	0	0
2024-09-04 23:39:30	42.35275	99.72293	99.74145	1	0	0	0	0
2024-09-04 23:39:40	42.2240334	99.965744	99.5384445	1	0	0	0	0
2024-09-04 23:39:50	42.39935	99.34831	99.7352	1	0	0	0	0
2024-09-04 23:40:00	42.45713	99.62322	100.158966	1	0	0	0	0
2024-09-04 23:40:10	42.7216072	99.5102844	100.786232	1	0	0	0	0
2024-09-04 23:40:20	42.50722	100.978592	100.794228	1	0	0	0	0
2024-09-04 23:40:30	42.2993622	100.723129	100.019592	1	0	0	0	0
2024-09-04 23:40:40	42.3429222	100.2099	99.9730759	1	0	0	0	0
2024-09-04 23:40:50	42.247673	100.4804	99.92056	1	0	0	0	0
2024-09-04 23:41:00	42.045612	100.5206992	99.52608000000001	1	0	0	0	0
2024-09-04 23:41:10	42.21841921428571	99.72582071428572	99.7252859404762	1	0	0	0	0
2024-09-04 23:41:20	42.3762741	99.74822	100.285561	1	0	0	0	0
2024-09-04 23:41:30	42.5721664	99.9898148	100.917076	1	0	0	0	0
2024-09-04 23:41:40	43.05021	100.509071	102.349274	1	0	0	0	0
2024-09-04 23:41:50	42.37769	101.632034	100.672569	1	0	0	0	0
2024-09-04 23:42:00	42.2638	100.526711	99.45871	1	0	0	0	0
2024-09-04 23:42:10	42.21061	100.015106	99.2798157	1	0	0	0	0
2024-09-04 23:42:20	42.0860329	99.9546356	99.09742	1	0	0	0	0
2024-09-04 23:42:30	42.16094	99.92475	99.67489	1	0	0	0	0
2024-09-04 23:42:40	42.72043	99.1428452	100.97438	1	0	0	0	0
2024-09-04 23:42:50	42.990387	100.007416	101.939713	1	0	0	0	0
2024-09-04 23:43:00	42.6862869	101.841125	101.801231	1	0	0	0	0
2024-09-04 23:43:10	42.3700066	100.999062	100.250473	1	0	0	0	0
2024-09-04 23:43:20	42.3700066	100.999062	100.250473	1	0	0	0	0
2024-09-04 23:43:30	42.2129364	100.412331	99.59019	1	0	0	0	0
2024-09-04 23:43:40	42.2129364	100.412331	99.59019	1	0	0	0	0
2024-09-04 23:43:50	42.0571671	99.6416	99.1012344	1	0	0	0	0
2024-09-04 23:44:00	42.0571671	99.6416	99.1012344	1	0	0	0	0
2024-09-04 23:44:10	42.0768	99.57444	99.3416	1	0	0	0	0
2024-09-04 23:44:20	42.12197	99.98122	99.92313	1	0	0	0	0
2024-09-04 23:44:30	42.2609673	99.50807	99.8622055	1	0	0	0	0
2024-09-04 23:44:40	41.9132957	99.8503	98.92476	1	0	0	0	0
2024-09-04 23:44:50	41.7687149	99.88494	98.85633	1	0	0	0	0
2024-09-04 23:45:00	42.42634	99.20919	100.820045	1	0	0	0	0
2024-09-04 23:45:10	42.72905	99.90102	101.704163	1	0	0	0	0
2024-09-04 23:45:20	42.636898	102.10965	102.379669	1	0	0	0	0
2024-09-04 23:45:30	42.65744	102.064659	102.335129	1	0	0	0	0
2024-09-04 23:45:40	42.9732	101.436234	102.6878	1	0	0	0	0
2024-09-04 23:45:50	43.101	102.0361	103.003914	1	0	0	0	0
2024-09-04 23:46:00	42.76387	102.133011	101.476547	1	0	0	0	0
2024-09-04 23:46:10	42.89068	101.775665	101.833458	1	0	0	0	0
2024-09-04 23:46:20	42.9165344	101.372383	101.493393	1	0	0	0	0
2024-09-04 23:46:30	43.0712547	101.394073	101.997665	1	0	0	0	0
2024-09-04 23:46:40	42.8563461	101.351463	101.228882	1	0	0	0	0
2024-09-04 23:46:50	42.7799263	101.218933	100.996651	1	0	0	0	0
2024-09-04 23:47:00	42.3919563	101.886444	100.552826	1	0	0	0	0
2024-09-04 23:47:10	42.2812271	101.017365	99.92943	1	0	0	0	0
2024-09-04 23:47:20	41.98516	100.079712	98.4390259	1	0	0	0	0
2024-09-04 23:47:30	42.0203247	99.05948	98.3032	1	0	0	0	0
2024-09-04 23:47:40	41.96689	99.4084	98.8899	1	0	0	0	0
2024-09-04 23:47:50	42.0477753	99.29518	99.2282	1	0	0	0	0
2024-09-04 23:48:00	42.1355362	99.53138	99.94097	1	0	0	0	0
2024-09-04 23:48:10	42.0368156	99.6124344	99.4199142	1	0	0	0	0
2024-09-04 23:48:20	41.8832	99.8604	99.07912	1	0	0	0	0
2024-09-04 23:48:30	41.9166565	99.22676	99.02691	1	0	0	0	0
2024-09-04 23:48:40	41.6912537	99.57903	98.89954	1	0	0	0	0
2024-09-04 23:48:50	41.7821922	99.0093	98.71819	1	0	0	0	0
2024-09-04 23:49:00	41.6285667	99.35736	98.7161255	1	0	0	0	0
2024-09-04 23:49:10	41.83488	98.8562851	99.083	1	0	0	0	0
2024-09-04 23:49:20	41.9733734	99.07112	99.529686	1	0	0	0	0
2024-09-04 23:49:30	41.84256	99.20204	99.07565	1	0	0	0	0
2024-09-04 23:49:40	42.0519829	99.09543	99.63985	1	0	0	0	0
2024-09-04 23:49:50	42.7009468	98.79328	101.18132	1	0	0	0	0
2024-09-04 23:50:00	42.2437553	101.448029	101.075531	1	0	0	0	0
2024-09-04 23:50:10	42.33689	99.89115	100.348282	1	0	0	0	0
2024-09-04 23:50:20	42.3260269	100.001007	100.306786	1	0	0	0	0
2024-09-04 23:50:30	42.5873222	99.13398	100.2375	1	0	0	0	0
2024-09-04 23:50:40	42.57036	100.159065	100.693863	1	0	0	0	0
2024-09-04 23:50:50	42.4675	100.78653	100.844215	1	0	0	0	0
2024-09-04 23:51:00	42.68849	100.445763	101.313477	1	0	0	0	0
2024-09-04 23:51:10	42.89151	100.751457	101.957443	1	0	0	0	0
2024-09-04 23:51:20	42.865818	101.406876	101.8321	1	0	0	0	0
2024-09-04 23:51:30	42.658638	102.46199	101.968437	1	0	0	0	0
2024-09-04 23:51:40	42.5659142	102.022926	101.329681	1	0	0	0	0
2024-09-04 23:51:50	42.5952835	100.86879	100.656075	1	0	0	0	0
2024-09-04 23:52:00	42.43568	100.541924	100.065331	1	0	0	0	0
2024-09-04 23:52:10	42.19282	101.17392	100.088364	1	0	0	0	0
2024-09-04 23:52:20	42.3850021	100.054985	99.99274	1	0	0	0	0
2024-09-04 23:52:30	42.19235	100.056549	99.5126648	1	0	0	0	0
2024-09-04 23:52:40	41.8659477	100.017235	98.77105	1	0	0	0	0
2024-09-04 23:52:50	41.87908	99.3240662	98.61357	1	0	0	0	0
2024-09-04 23:53:00	41.9389229	99.54196	99.33904	1	0	0	0	0
2024-09-04 23:53:10	42.2415161	99.5223541	100.227623	1	0	0	0	0
2024-09-04 23:53:20	42.0876541	99.81777	99.62023	1	0	0	0	0
2024-09-04 23:53:30	42.12244	99.8545	99.6760254	1	0	0	0	0
2024-09-04 23:53:40	42.07205	99.55354	99.16988	1	0	0	0	0
2024-09-04 23:53:50	42.0392075	99.64095	99.33563	1	0	0	0	0
2024-09-04 23:54:00	42.11913	99.20255	99.27629	1	0	0	0	0
2024-09-04 23:54:10	42.354866	99.20561	100.137032	1	0	0	0	0
2024-09-04 23:54:20	42.6319962	99.4615555	100.995583	1	0	0	0	0
2024-09-04 23:54:30	42.29725	101.795143	101.169533	1	0	0	0	0
2024-09-04 23:54:40	42.5124359	100.397308	100.754234	1	0	0	0	0
2024-09-04 23:54:50	42.61097	100.054047	100.488472	1	0	0	0	0
2024-09-04 23:55:00	42.7391052	100.692764	101.364777	1	0	0	0	0
2024-09-04 23:55:10	42.824913	101.650383	101.954025	1	0	0	0	0
2024-09-04 23:55:20	42.9144554	101.784622	102.238632	1	0	0	0	0
2024-09-04 23:55:30	42.9086838	101.922455	102.22065	1	0	0	0	0
2024-09-04 23:55:40	42.89664	101.906044	102.063126	1	0	0	0	0
2024-09-04 23:55:50	42.8702278	102.200882	102.178192	1	0	0	0	0
2024-09-04 23:56:00	42.9654961	102.479477	102.601524	1	0	0	0	0
2024-09-04 23:56:10	43.04217	102.368874	102.549187	1	0	0	0	0
2024-09-04 23:56:20	42.78071	102.711884	101.902008	1	0	0	0	0
2024-09-04 23:56:30	42.6890144	102.058716	101.220078	1	0	0	0	0
2024-09-04 23:56:40	42.8140335	101.48999	101.311745	1	0	0	0	0
2024-09-04 23:56:50	42.77766	101.297707	101.105606	1	0	0	0	0
2024-09-04 23:57:00	42.6177139	101.576485	100.94516	1	0	0	0	0
2024-09-04 23:57:10	42.5536156	101.436722	100.929779	1	0	0	0	0
2024-09-04 23:57:20	42.8071136	101.065277	101.540115	1	0	0	0	0
2024-09-04 23:57:30	42.8180962	101.083878	101.402519	1	0	0	0	0
2024-09-04 23:57:40	42.8556442	101.509911	101.79599	1	0	0	0	0
2024-09-04 23:57:50	43.08978	101.300514	102.140182	1	0	0	0	0
2024-09-04 23:58:00	43.0630379	102.102905	102.488968	1	0	0	0	0
2024-09-04 23:58:10	43.2186737	101.80069	102.617966	1	0	0	0	0
2024-09-04 23:58:20	43.4655	101.967468	103.331543	1	0	0	0	0
2024-09-04 23:58:30	43.20283	102.988533	102.8004	1	0	0	0	0
2024-09-04 23:58:40	42.9917068	103.000946	101.991264	1	0	0	0	0
2024-09-04 23:58:50	42.8721123	102.7339	101.699562	1	0	0	0	0
2024-09-04 23:59:00	43.17382	101.56633	102.018852	1	0	0	0	0
2024-09-04 23:59:10	42.4816437	101.708824	99.88322	1	0	0	0	0
2024-09-04 23:59:20	42.50732	99.91108	99.19826	1	0	0	0	0
2024-09-04 23:59:30	42.5035439	99.80671	99.45251	1	0	0	0	0
2024-09-04 23:59:40	42.47272	99.64639	99.49802	1	0	0	0	0
2024-09-04 23:59:50	42.31297	99.81933	99.342	1	0	0	0	0
2024-09-05 00:00:00	42.2578964	100.121269	99.6588	1	0	0	0	0
