PROCESSDATA	2111LIC31102B Data	yyyy-MM-dd HH:mm:ss
8	10	2024-08-26 21:55:00	751
tagname	2111LIC31102B.MV	2111LIC31102B.PV	2111LIC31102B.SV	2111LIC31102B.MODE	bOpOFL	bPvOFL	bSpOFL	bAutOFL
desc	C301中段_OP	C301中段_PV	C301中段_SP	Aut	bOpOFL	bPvOFL	bSpOFL	bAutOFL
fsMax=1.954744296500003	fsMin=0	fsGridNum=10	fdMax=1.954744296500003tfdMin=0	fdGridNum=10	v0GridNum=10	L=24
2024-08-26 21:55:00	60.830903368	48.246323696	47.98181	1	0	0	0	0
2024-08-26 21:55:10	61.350664918	48.017675296	47.98181	1	0	0	0	0
2024-08-26 21:55:20	61.819037200000004	47.7860188	47.98181	1	0	0	0	0
2024-08-26 21:55:30	62.2470322	47.5519988	47.98181	1	0	0	0	0
2024-08-26 21:55:40	62.515781876	47.427302924	47.98181	1	0	0	0	0
2024-08-26 21:55:50	62.659410226	47.388504574	47.98181	1	0	0	0	0
2024-08-26 21:56:00	62.571517524	47.472100776	47.98181	1	0	0	0	0
2024-08-26 21:56:10	62.301715424	47.651864126	47.98181	1	0	0	0	0
2024-08-26 21:56:20	61.9027778	47.848222208	47.98181	1	0	0	0	0
2024-08-26 21:56:30	61.40237655	48.057619007999996	47.98181	1	0	0	0	0
2024-08-26 21:56:40	61.002421632	48.250633791999995	47.98181	1	0	0	0	0
2024-08-26 21:56:50	60.681388832	48.430776992	47.98181	1	0	0	0	0
2024-08-26 21:57:00	60.373454768	48.57443034	47.98181	1	0	0	0	0
2024-08-26 21:57:10	60.075812568	48.68941309	47.98181	1	0	0	0	0
2024-08-26 21:57:20	59.94485	48.7400055	47.98181	1	0	0	0	0
2024-08-26 21:57:30	60.19752784810127	48.56341255696203	47.98181	1	0	0	0	0
2024-08-26 21:57:40	60.751285436	48.195861576000006	47.98181	1	0	0	0	0
2024-08-26 21:57:50	61.172902286	47.935953676000004	47.98181	1	0	0	0	0
2024-08-26 21:58:00	61.721063064	47.674073624	47.98181	1	0	0	0	0
2024-08-26 21:58:10	62.368651214	47.410644024	47.98181	1	0	0	0	0
2024-08-26 21:58:20	62.682145324000004	47.31101	47.98181	1	0	0	0	0
2024-08-26 21:58:30	62.733136974000004	47.3400725	47.98181	1	0	0	0	0
2024-08-26 21:58:40	62.573236376000004	47.474118704	47.98181	1	0	0	0	0
2024-08-26 21:58:50	62.247634726	47.690652104	47.98181	1	0	0	0	0
2024-08-26 21:59:00	61.758632888	47.929942896	47.98181	1	0	0	0	0
2024-08-26 21:59:10	61.141245188	48.187114496	47.98181	1	0	0	0	0
2024-08-26 21:59:20	60.706689312	48.389266459999995	47.98181	1	0	0	0	0
2024-08-26 21:59:30	60.415787012	48.54818871	47.98181	1	0	0	0	0
2024-08-26 21:59:40	60.25024424	48.613542968	47.98181	1	0	0	0	0
2024-08-26 21:59:50	60.183198239999996	48.605379518	47.98181	1	0	0	0	0
2024-08-26 22:00:00	60.35037056	48.483112512	47.98181	1	0	0	0	0
2024-08-26 22:00:10	60.70157156	48.271192712	47.98181	1	0	0	0	0
2024-08-26 22:00:20	61.227805599999996	48.0191481	47.98181	1	0	0	0	0
2024-08-26 22:00:30	61.8915656	47.73557685	47.98181	1	0	0	0	0
2024-08-26 22:00:40	62.372805752	47.512575227999996	47.98181	1	0	0	0	0
2024-08-26 22:00:50	62.710637452	47.337164028	47.98181	1	0	0	0	0
2024-08-26 22:01:00	62.750859028	47.326277832	47.98181	1	0	0	0	0
2024-08-26 22:01:10	62.557244078000004	47.444661282	47.98181	1	0	0	0	0
2024-08-26 22:01:20	62.280981584	47.614631428	47.98181	1	0	0	0	0
2024-08-26 22:01:30	61.939781734	47.825133978000004	47.98181	1	0	0	0	0
2024-08-26 22:01:40	61.587619800000006	48.033220072	47.98181	1	0	0	0	0
2024-08-26 22:01:50	61.2268448	48.239407522	47.98181	1	0	0	0	0
2024-08-26 22:02:00	60.882634124000006	48.393232536	47.98181	1	0	0	0	0
2024-08-26 22:02:10	60.551438274000006	48.505915636	47.98181	1	0	0	0	0
2024-08-26 22:02:20	60.439233112000004	48.524159664	47.98181	1	0	0	0	0
2024-08-26 22:02:30	60.499092062	48.468201564	47.98181	1	0	0	0	0
2024-08-26 22:02:40	60.7151132	48.328744971999996	47.98181	1	0	0	0	0
2024-08-26 22:02:50	61.0538332	48.123682422	47.98181	1	0	0	0	0
2024-08-26 22:03:00	61.519395104	47.896051928	47.98181	1	0	0	0	0
2024-08-26 22:03:10	62.084618504	47.650689478	47.98181	1	0	0	0	0
2024-08-26 22:03:20	62.474555296	47.4803236	47.98181	1	0	0	0	0
2024-08-26 22:03:30	62.726766895999994	47.368883600000004	47.98181	1	0	0	0	0
2024-08-26 22:03:40	62.732190444	47.4101668	47.98181	1	0	0	0	0
2024-08-26 22:03:50	62.54370909399999	47.5714468	47.98181	1	0	0	0	0
2024-08-26 22:04:00	62.190639655999995	47.76330364	47.98181	1	0	0	0	0
2024-08-26 22:04:10	61.708251006	47.97918514	47.98181	1	0	0	0	0
2024-08-26 22:04:20	61.2218156	48.184697288	47.98181	1	0	0	0	0
2024-08-26 22:04:30	60.7322006	48.382062088	47.98181	1	0	0	0	0
2024-08-26 22:04:40	60.4433946	48.505903172	47.98181	1	0	0	0	0
2024-08-26 22:04:50	60.312367099999996	48.571975622	47.98181	1	0	0	0	0
2024-08-26 22:05:00	60.413778799999996	48.514168092	47.98181	1	0	0	0	0
2024-08-26 22:05:10	60.6978213	48.359026292	47.98181	1	0	0	0	0
2024-08-26 22:05:20	61.043093332	48.154059024	47.98181	1	0	0	0	0
2024-08-26 22:05:30	61.436474282	47.909943174	47.98181	1	0	0	0	0
2024-08-26 22:05:40	61.851399216000004	47.665509048000004	47.98181	1	0	0	0	0
2024-08-26 22:05:50	62.283251566000004	47.420824848	47.98181	1	0	0	0	0
2024-08-26 22:06:00	62.590726152	47.322285136	47.98181	1	0	0	0	0
2024-08-26 22:06:10	62.800475352	47.338573236	47.98181	1	0	0	0	0
2024-08-26 22:06:20	62.632078672	47.462246096	47.98181	1	0	0	0	0
2024-08-26 22:06:30	62.166567371999996	47.670292696	47.98181	1	0	0	0	0
2024-08-26 22:06:40	61.718990128	47.910643904	47.98181	1	0	0	0	0
2024-08-26 22:06:50	61.285503928	48.176377304	47.98181	1	0	0	0	0
2024-08-26 22:07:00	60.838207231999995	48.389195548000004	47.98181	1	0	0	0	0
2024-08-26 22:07:10	60.380059431999996	48.560437598	47.98181	1	0	0	0	0
2024-08-26 22:07:20	60.143508587999996	48.634998952000004	47.98181	1	0	0	0	0
2024-08-26 22:07:30	60.081069637999995	48.633596902	47.98181	1	0	0	0	0
2024-08-26 22:07:40	60.21792948	48.514917048	47.98181	1	0	0	0	0
2024-08-26 22:07:50	60.511381230000005	48.304090348	47.98181	1	0	0	0	0
2024-08-26 22:08:00	61.034923736	48.026922352	47.98181	1	0	0	0	0
2024-08-26 22:08:10	61.739251836	47.697629051999996	47.98181	1	0	0	0	0
2024-08-26 22:08:20	62.351845663999995	47.4423668	47.98181	1	0	0	0	0
2024-08-26 22:08:30	62.892362563999995	47.2452718	47.98181	1	0	0	0	0
2024-08-26 22:08:40	63.01448	47.24593898	47.98181	1	0	0	0	0
2024-08-26 22:08:50	62.807855	47.401990729999994	47.98181	1	0	0	0	0
2024-08-26 22:09:00	62.383360656	47.61329068	47.98181	1	0	0	0	0
2024-08-26 22:09:10	61.787683256	47.867999929999996	47.98181	1	0	0	0	0
2024-08-26 22:09:20	61.292498948	48.119178240000004	47.98181	1	0	0	0	0
2024-08-26 22:09:30	60.876273497999996	48.367582240000004	47.98181	1	0	0	0	0
2024-08-26 22:09:40	60.539970296	48.524142796	47.98181	1	0	0	0	0
2024-08-26 22:09:50	60.266463146	48.608540646	47.98181	1	0	0	0	0
2024-08-26 22:10:00	60.257860356	48.562256504	47.98181	1	0	0	0	0
2024-08-26 22:10:10	60.457396706000004	48.413293654	47.98181	1	0	0	0	0
2024-08-26 22:10:20	60.881022012	48.204055847999996	47.98181	1	0	0	0	0
2024-08-26 22:10:30	61.480717212	47.947459148	47.98181	1	0	0	0	0
2024-08-26 22:10:40	62.009419084	47.676356992	47.98181	1	0	0	0	0
2024-08-26 22:10:50	62.482340484	47.393857692000005	47.98181	1	0	0	0	0
2024-08-26 22:11:00	62.729982648000004	47.28431176	47.98181	1	0	0	0	0
2024-08-26 22:11:10	62.800619698	47.31065776	47.98181	1	0	0	0	0
2024-08-26 22:11:20	62.635491316	47.454540451999996	47.98181	1	0	0	0	0
2024-08-26 22:11:30	62.285118665999995	47.690773402	47.98181	1	0	0	0	0
2024-08-26 22:11:40	61.764584584	47.944812784	47.98181	1	0	0	0	0
2024-08-26 22:11:50	61.110352234000004	48.212842934	47.98181	1	0	0	0	0
2024-08-26 22:12:00	60.650832332	48.42868926	47.98181	1	0	0	0	0
2024-08-26 22:12:10	60.344300782	48.60353401	47.98181	1	0	0	0	0
2024-08-26 22:12:20	60.21628312	48.656379707999996	47.98181	1	0	0	0	0
2024-08-26 22:12:30	60.22852637	48.613369008	47.98181	1	0	0	0	0
2024-08-26 22:12:40	60.441711648	48.455846736	47.98181	1	0	0	0	0
2024-08-26 22:12:50	60.812779948	48.208351086	47.98181	1	0	0	0	0
2024-08-26 22:13:00	61.3491864	47.94745696	47.98181	1	0	0	0	0
2024-08-26 22:13:10	62.015501400000005	47.67603546	47.98181	1	0	0	0	0
2024-08-26 22:13:20	62.4958572	47.469590676	47.98181	1	0	0	0	0
2024-08-26 22:13:30	62.8301022	47.314199026000004	47.98181	1	0	0	0	0
2024-08-26 22:13:40	62.817126536	47.327806696	47.98181	1	0	0	0	0
2024-08-26 22:13:50	62.531334636000004	47.474199546	47.98181	1	0	0	0	0
2024-08-26 22:14:00	62.176119816	47.681705728	47.98181	1	0	0	0	0
2024-08-26 22:14:10	61.766358416	47.937229528	47.98181	1	0	0	0	0
2024-08-26 22:14:20	61.274467248	48.17500004	47.98181	1	0	0	0	0
2024-08-26 22:14:30	60.718045548	48.39882154	47.98181	1	0	0	0	0
2024-08-26 22:14:40	60.371586944	48.548568256	47.98181	1	0	0	0	0
2024-08-26 22:14:50	60.190099344	48.640113356	47.98181	1	0	0	0	0
2024-08-26 22:15:00	60.235109455999996	48.609281292	47.98181	1	0	0	0	0
2024-08-26 22:15:10	60.458082056	48.482295742000005	47.98181	1	0	0	0	0
2024-08-26 22:15:20	60.79916	48.276754596	47.98181	1	0	0	0	0
2024-08-26 22:15:30	61.233035	48.009491196	47.98181	1	0	0	0	0
2024-08-26 22:15:40	61.7581872	47.755433016000005	47.98181	1	0	0	0	0
2024-08-26 22:15:50	62.3550572	47.511750366	47.98181	1	0	0	0	0
2024-08-26 22:16:00	62.69556622089552	47.3800843840796	47.98181	1	0	0	0	0
2024-08-26 22:16:10	62.83464875820896	47.336431498507466	47.98181	1	0	0	0	0
2024-08-26 22:16:20	62.696631691457284	47.410480310552764	47.98181	1	0	0	0	0
2024-08-26 22:16:30	62.33189676683417	47.580830511557785	47.98181	1	0	0	0	0
2024-08-26 22:16:40	61.94637754	47.801597287999996	47.98181	1	0	0	0	0
2024-08-26 22:16:50	61.54452779	48.061977088	47.98181	1	0	0	0	0
2024-08-26 22:17:00	61.075991336	48.285576340000006	47.98181	1	0	0	0	0
2024-08-26 22:17:10	60.555058186000004	48.48027659	47.98181	1	0	0	0	0
2024-08-26 22:17:20	60.247231132	48.598530764	47.98181	1	0	0	0	0
2024-08-26 22:17:30	60.106844582	48.656720164	47.98181	1	0	0	0	0
2024-08-26 22:17:40	60.28497164	48.5613306	47.98181	1	0	0	0	0
2024-08-26 22:17:50	60.71335939	48.345271849999996	47.98181	1	0	0	0	0
2024-08-26 22:18:00	61.1756368	48.084166419999995	47.98181	1	0	0	0	0
2024-08-26 22:18:10	61.6645418	47.78766717	47.98181	1	0	0	0	0
2024-08-26 22:18:20	62.2337214	47.5151054	47.98181	1	0	0	0	0
2024-08-26 22:18:30	62.8659739	47.26135165	47.98181	1	0	0	0	0
2024-08-26 22:18:40	63.074848592	47.208719828	47.98181	1	0	0	0	0
2024-08-26 22:18:50	62.951069292	47.314112378	47.98181	1	0	0	0	0
2024-08-26 22:19:00	62.5785376278607	47.50197901840796	47.98181	1	0	0	0	0
2024-08-26 22:19:10	62.01055767761194	47.75464672985075	47.98181	1	0	0	0	0
2024-08-26 22:19:20	61.49688494874371	48.0211698959799	47.98181	1	0	0	0	0
2024-08-26 22:19:30	61.027645401005024	48.29902934321608	47.98181	1	0	0	0	0
2024-08-26 22:19:40	60.582253928	48.5099418	47.98181	1	0	0	0	0
2024-08-26 22:19:50	60.155600228	48.66825305	47.98181	1	0	0	0	0
2024-08-26 22:20:00	60.005904971999996	48.6893384	47.98181	1	0	0	0	0
2024-08-26 22:20:10	60.073819922	48.6026034	47.98181	1	0	0	0	0
2024-08-26 22:20:20	60.4808338	48.3995788	47.98181	1	0	0	0	0
2024-08-26 22:20:30	61.15428255	48.1051838	47.98181	1	0	0	0	0
2024-08-26 22:20:40	61.7228076	47.8159212	47.98181	1	0	0	0	0
2024-08-26 22:20:50	62.2088926	47.5306912	47.98181	1	0	0	0	0
2024-08-26 22:21:00	62.611002212	47.34291982	47.98181	1	0	0	0	0
2024-08-26 22:21:10	62.947131162	47.23172307	47.98181	1	0	0	0	0
2024-08-26 22:21:20	62.955412088	47.280466016000005	47.98181	1	0	0	0	0
2024-08-26 22:21:30	62.706098138	47.454875866	47.98181	1	0	0	0	0
2024-08-26 22:21:40	62.23485	47.688868064	47.98181	1	0	0	0	0
2024-08-26 22:21:50	61.589225	47.969674964	47.98181	1	0	0	0	0
2024-08-26 22:22:00	61.095534271999995	48.216078544	47.98181	1	0	0	0	0
2024-08-26 22:22:10	60.721220472	48.435450944	47.98181	1	0	0	0	0
2024-08-26 22:22:20	60.445130784	48.562183244	47.98181	1	0	0	0	0
2024-08-26 22:22:30	60.246217183999995	48.616126894000004	47.98181	1	0	0	0	0
2024-08-26 22:22:40	60.268888388	48.556310912	47.98181	1	0	0	0	0
2024-08-26 22:22:50	60.465661938000004	48.407112362	47.98181	1	0	0	0	0
2024-08-26 22:23:00	60.910556508	48.187572016	47.98181	1	0	0	0	0
2024-08-26 22:23:10	61.550403308	47.912763116	47.98181	1	0	0	0	0
2024-08-26 22:23:20	62.078664116	47.647459403999996	47.98181	1	0	0	0	0
2024-08-26 22:23:30	62.519250215999996	47.389624053999995	47.98181	1	0	0	0	0
2024-08-26 22:23:40	62.742793139999996	47.291127968	47.98181	1	0	0	0	0
2024-08-26 22:23:50	62.79580214	47.317827018	47.98181	1	0	0	0	0
2024-08-26 22:24:00	62.643962691999995	47.4491437	47.98181	1	0	0	0	0
2024-08-26 22:24:10	62.331170891999996	47.66265995	47.98181	1	0	0	0	0
2024-08-26 22:24:20	61.8562426	47.89505192399999	47.98181	1	0	0	0	0
2024-08-26 22:24:30	61.25392135	48.142274824	47.98181	1	0	0	0	0
2024-08-26 22:24:40	60.813195884	48.351133159999996	47.98181	1	0	0	0	0
2024-08-26 22:24:50	60.499438534	48.52984791	47.98181	1	0	0	0	0
2024-08-26 22:25:00	60.324454616000004	48.606621744	47.98181	1	0	0	0	0
2024-08-26 22:25:10	60.258506966	48.603299144	47.98181	1	0	0	0	0
2024-08-26 22:25:20	60.424373584	48.479529448	47.98181	1	0	0	0	0
2024-08-26 22:25:30	60.772379984	48.261122748	47.98181	1	0	0	0	0
2024-08-26 22:25:40	61.158110532	48.023338312	47.98181	1	0	0	0	0
2024-08-26 22:25:50	61.573481482000005	47.770328512	47.98181	1	0	0	0	0
2024-08-26 22:26:00	62.080492428	47.540257824	47.98181	1	0	0	0	0
2024-08-26 22:26:10	62.659506228	47.328210724	47.98181	1	0	0	0	0
2024-08-26 22:26:20	62.808254388	47.30258124	47.98181	1	0	0	0	0
2024-08-26 22:26:30	62.618936688	47.42342274	47.98181	1	0	0	0	0
2024-08-26 22:26:40	62.345343636	47.598999004	47.98181	1	0	0	0	0
2024-08-26 22:26:50	62.005534236	47.817581154	47.98181	1	0	0	0	0
2024-08-26 22:27:00	61.546097832	48.041115104	47.98181	1	0	0	0	0
2024-08-26 22:27:10	60.992668782	48.268539754	47.98181	1	0	0	0	0
2024-08-26 22:27:20	60.74916	48.3686066	47.98181	1	0	0	0	0
2024-08-26 22:27:30	60.53689780379747	48.47030401772152	47.98181	1	0	0	0	0
2024-08-26 22:27:40	60.288653208	48.583480564	47.98181	1	0	0	0	0
2024-08-26 22:27:50	60.321866258	48.557281214	47.98181	1	0	0	0	0
2024-08-26 22:28:00	60.543565956	48.411645203999996	47.98181	1	0	0	0	0
2024-08-26 22:28:10	60.913362305999996	48.172166104	47.98181	1	0	0	0	0
2024-08-26 22:28:20	61.444411159999994	47.913614776	47.98181	1	0	0	0	0
2024-08-26 22:28:30	62.102158409999994	47.640078126	47.98181	1	0	0	0	0
2024-08-26 22:28:40	62.555870024	47.43776544	47.98181	1	0	0	0	0
2024-08-26 22:28:50	62.849267924	47.291414440000004	47.98181	1	0	0	0	0
2024-08-26 22:29:00	62.81774198	47.31578686	47.98181	1	0	0	0	0
2024-08-26 22:29:10	62.530918729999996	47.47429911	47.98181	1	0	0	0	0
2024-08-26 22:29:20	62.226642464	47.653899083999995	47.98181	1	0	0	0	0
2024-08-26 22:29:30	61.908653113999996	47.850067984	47.98181	1	0	0	0	0
2024-08-26 22:29:40	61.555989544	48.067122812	47.98181	1	0	0	0	0
2024-08-26 22:29:50	61.176081943999996	48.300588012	47.98181	1	0	0	0	0
2024-08-26 22:30:00	60.744574768	48.481840744	47.98181	1	0	0	0	0
2024-08-26 22:30:10	60.272525068	48.622069394	47.98181	1	0	0	0	0
2024-08-26 22:30:20	60.150976288	48.639229392000004	47.98181	1	0	0	0	0
2024-08-26 22:30:30	60.304821088000004	48.559692592000005	47.98181	1	0	0	0	0
2024-08-26 22:30:40	60.615706632000006	48.368625408	47.98181	1	0	0	0	0
2024-08-26 22:30:50	61.049981332	48.089927208	47.98181	1	0	0	0	0
2024-08-26 22:31:00	61.643903996	47.791567380000004	47.98181	1	0	0	0	0
2024-08-26 22:31:10	62.363264346	47.47775913	47.98181	1	0	0	0	0
2024-08-26 22:31:20	62.784133468	47.31010206	47.98181	1	0	0	0	0
2024-08-26 22:31:30	62.970473768	47.25727806	47.98181	1	0	0	0	0
2024-08-26 22:31:40	62.939341568	47.33431442	47.98181	1	0	0	0	0
2024-08-26 22:31:50	62.737338118000004	47.513383919999995	47.98181	1	0	0	0	0
2024-08-26 22:32:00	62.31752138	47.740415012	47.98181	1	0	0	0	0
2024-08-26 22:32:10	61.726565629999996	48.005130212	47.98181	1	0	0	0	0
2024-08-26 22:32:20	61.178301395999995	48.232916408	47.98181	1	0	0	0	0
2024-08-26 22:32:30	60.663580495999994	48.431686958	47.98181	1	0	0	0	0
2024-08-26 22:32:40	60.354199388	48.556690248	47.98181	1	0	0	0	0
2024-08-26 22:32:50	60.206156688	48.623733548000004	47.98181	1	0	0	0	0
2024-08-26 22:33:00	60.346016988	48.547211468	47.98181	1	0	0	0	0
2024-08-26 22:33:10	60.712086788	48.357888018000004	47.98181	1	0	0	0	0
2024-08-26 22:33:20	61.0975642	48.131106504	47.98181	1	0	0	0	0
2024-08-26 22:33:30	61.49829045	47.874893654000005	47.98181	1	0	0	0	0
2024-08-26 22:33:40	62.0169744	47.6264328	47.98181	1	0	0	0	0
2024-08-26 22:33:50	62.6283394	47.3840628	47.98181	1	0	0	0	0
2024-08-26 22:34:00	62.91834952	47.288342799999995	47.98181	1	0	0	0	0
2024-08-26 22:34:10	62.95586652	47.3078478	47.98181	1	0	0	0	0
2024-08-26 22:34:20	62.706846948	47.435263987999996	47.98181	1	0	0	0	0
2024-08-26 22:34:30	62.232691498	47.647467538	47.98181	1	0	0	0	0
2024-08-26 22:34:40	61.804399432	47.877152104	47.98181	1	0	0	0	0
2024-08-26 22:34:50	61.412142882	48.120571754	47.98181	1	0	0	0	0
2024-08-26 22:35:00	60.97254920792079	48.33071673267327	47.98181	1	0	0	0	0
2024-08-26 22:35:10	60.49576207920792	48.51471732673267	47.98181	1	0	0	0	0
2024-08-26 22:35:20	60.21048551818182	48.61784709090909	47.98181	1	0	0	0	0
2024-08-26 22:35:30	60.08834758888889	48.65208688888889	47.98181	1	0	0	0	0
2024-08-26 22:35:40	60.165177368	48.563943728	47.98181	1	0	0	0	0
2024-08-26 22:35:50	60.398338918	48.379642528	47.98181	1	0	0	0	0
2024-08-26 22:36:00	60.873181599999995	48.1275624	47.98181	1	0	0	0	0
2024-08-26 22:36:10	61.537916599999996	47.8222274	47.98181	1	0	0	0	0
2024-08-26 22:36:20	62.149924799999994	47.56328	47.98181	1	0	0	0	0
2024-08-26 22:36:30	62.72050479999999	47.34078	47.98181	1	0	0	0	0
2024-08-26 22:36:40	62.889576	47.306637372	47.98181	1	0	0	0	0
2024-08-26 22:36:50	62.743176	47.420489822	47.98181	1	0	0	0	0
2024-08-26 22:37:00	62.3929612	47.596164256	47.98181	1	0	0	0	0
2024-08-26 22:37:10	61.882606200000005	47.820413106000004	47.98181	1	0	0	0	0
2024-08-26 22:37:20	61.469346800000004	48.040383472	47.98181	1	0	0	0	0
2024-08-26 22:37:30	61.1323768	48.256992172	47.98181	1	0	0	0	0
2024-08-26 22:37:40	60.7871776	48.41838714	47.98181	1	0	0	0	0
2024-08-26 22:37:50	60.4355126	48.536399890000006	47.98181	1	0	0	0	0
2024-08-26 22:38:00	60.292613864	48.555955960000006	47.98181	1	0	0	0	0
2024-08-26 22:38:10	60.313745764000004	48.498153210000005	47.98181	1	0	0	0	0
2024-08-26 22:38:20	60.616060916	48.347421848	47.98181	1	0	0	0	0
2024-08-26 22:38:30	61.139305766	48.123675148000004	47.98181	1	0	0	0	0
2024-08-26 22:38:40	61.600210520000005	47.886432504000005	47.98181	1	0	0	0	0
2024-08-26 22:38:50	62.01213377	47.638585904	47.98181	1	0	0	0	0
2024-08-26 22:39:00	62.39300746268657	47.45973923482587	47.98181	1	0	0	0	0
2024-08-26 22:39:10	62.74948507462687	47.33510679701492	47.98181	1	0	0	0	0
2024-08-26 22:39:20	62.768284673366836	47.37145199396985	47.98181	1	0	0	0	0
2024-08-26 22:39:30	62.51080226130653	47.53950616482412	47.98181	1	0	0	0	0
2024-08-26 22:39:40	62.109484332	47.7391392	47.98181	1	0	0	0	0
2024-08-26 22:39:50	61.595152782	47.9635842	47.98181	1	0	0	0	0
2024-08-26 22:40:00	61.170959336	48.176177528	47.98181	1	0	0	0	0
2024-08-26 22:40:10	60.817588686	48.379458828	47.98181	1	0	0	0	0
2024-08-26 22:40:20	60.513991116	48.521092836	47.98181	1	0	0	0	0
2024-08-26 22:40:30	60.249500966	48.614289686	47.98181	1	0	0	0	0
2024-08-26 22:40:40	60.223804616	48.579607736	47.98181	1	0	0	0	0
2024-08-26 22:40:50	60.385731966	48.444449586	47.98181	1	0	0	0	0
2024-08-26 22:41:00	60.6602516	48.255638508	47.98181	1	0	0	0	0
2024-08-26 22:41:10	61.0232366	48.024671558	47.98181	1	0	0	0	0
2024-08-26 22:41:20	61.563667652	47.767829192	47.98181	1	0	0	0	0
2024-08-26 22:41:30	62.243520602	47.490656142	47.98181	1	0	0	0	0
2024-08-26 22:41:40	62.642585576	47.345632452	47.98181	1	0	0	0	0
2024-08-26 22:41:50	62.821031426	47.304440402	47.98181	1	0	0	0	0
2024-08-26 22:42:00	62.736845871999996	47.402454216	47.98181	1	0	0	0	0
2024-08-26 22:42:10	62.446307071999996	47.609844066	47.98181	1	0	0	0	0
2024-08-26 22:42:20	61.98435286	47.835940884	47.98181	1	0	0	0	0
2024-08-26 22:42:30	61.38771511	48.076736034	47.98181	1	0	0	0	0
2024-08-26 22:42:40	60.939840212	48.289606364	47.98181	1	0	0	0	0
2024-08-26 22:42:50	60.608850411999995	48.480535764	47.98181	1	0	0	0	0
2024-08-26 22:43:00	60.42606156	48.561449384	47.98181	1	0	0	0	0
2024-08-26 22:43:10	60.35971631	48.555922034	47.98181	1	0	0	0	0
2024-08-26 22:43:20	60.445847748	48.471548	47.98181	1	0	0	0	0
2024-08-26 22:43:30	60.651782298	48.325223	47.98181	1	0	0	0	0
2024-08-26 22:43:40	60.93695388	48.131444636000005	47.98181	1	0	0	0	0
2024-08-26 22:43:50	61.28438313	47.900381486	47.98181	1	0	0	0	0
2024-08-26 22:44:00	61.76360824	47.673059864	47.98181	1	0	0	0	0
2024-08-26 22:44:10	62.34638724	47.448678014	47.98181	1	0	0	0	0
2024-08-26 22:44:20	62.5776184	47.38652836	47.98181	1	0	0	0	0
2024-08-26 22:44:30	62.532633399999995	47.45184686	47.98181	1	0	0	0	0
2024-08-26 22:44:40	62.333702188	47.5918814	47.98181	1	0	0	0	0
2024-08-26 22:44:50	62.013813238	47.7906214	47.98181	1	0	0	0	0
2024-08-26 22:45:00	61.604837646268656	47.99085350746269	47.98181	1	0	0	0	0
2024-08-26 22:45:10	61.12586540746268	48.192257985074626	47.98181	1	0	0	0	0
2024-08-26 22:45:20	60.754516216582914	48.36444966582915	47.98181	1	0	0	0	0
2024-08-26 22:45:30	60.47122224673367	48.512739967336685	47.98181	1	0	0	0	0
2024-08-26 22:45:40	60.338349468	48.57071596	47.98181	1	0	0	0	0
2024-08-26 22:45:50	60.323664768	48.55773071	47.98181	1	0	0	0	0
2024-08-26 22:46:00	60.495934919999996	48.431339412	47.98181	1	0	0	0	0
2024-08-26 22:46:10	60.81509817	48.215843362	47.98181	1	0	0	0	0
2024-08-26 22:46:20	61.298824	47.980057672	47.98181	1	0	0	0	0
2024-08-26 22:46:30	61.911849	47.728330122	47.98181	1	0	0	0	0
2024-08-26 22:46:40	62.372700943999995	47.5226276	47.98181	1	0	0	0	0
2024-08-26 22:46:50	62.713988344	47.353087599999995	47.98181	1	0	0	0	0
2024-08-26 22:47:00	62.7674295	47.3345698	47.98181	1	0	0	0	0
2024-08-26 22:47:10	62.59470575	47.4347123	47.98181	1	0	0	0	0
2024-08-26 22:47:20	62.330647456	47.599258412	47.98181	1	0	0	0	0
2024-08-26 22:47:30	61.994826306	47.814407362	47.98181	1	0	0	0	0
2024-08-26 22:47:40	61.629492400000004	48.035870984	47.98181	1	0	0	0	0
2024-08-26 22:47:50	61.2409699	48.262296133999996	47.98181	1	0	0	0	0
2024-08-26 22:48:00	60.82224031044776	48.44518517014925	47.98181	1	0	0	0	0
2024-08-26 22:48:10	60.37977657910448	48.59386725970149	47.98181	1	0	0	0	0
2024-08-26 22:48:20	60.22279184723618	48.627386104522614	47.98181	1	0	0	0	0
2024-08-26 22:48:30	60.29938084221106	48.566680476381904	47.98181	1	0	0	0	0
2024-08-26 22:48:40	60.521192400000004	48.4133092	47.98181	1	0	0	0	0
2024-08-26 22:48:50	60.857107400000004	48.1871292	47.98181	1	0	0	0	0
2024-08-26 22:49:00	61.3242892	47.960288399999996	47.98181	1	0	0	0	0
2024-08-26 22:49:10	61.8946092	47.7329284	47.98181	1	0	0	0	0
2024-08-26 22:49:20	62.318173388	47.545819044	47.98181	1	0	0	0	0
2024-08-26 22:49:30	62.626429438	47.390335193999995	47.98181	1	0	0	0	0
2024-08-26 22:49:40	62.728240312000004	47.379784244	47.98181	1	0	0	0	0
2024-08-26 22:49:50	62.667844262	47.483109144	47.98181	1	0	0	0	0
2024-08-26 22:50:00	62.406849604	47.631979544	47.98181	1	0	0	0	0
2024-08-26 22:50:10	61.988241754	47.816635694	47.98181	1	0	0	0	0
2024-08-26 22:50:20	61.52457688308458	48.01887794427861	47.98181	1	0	0	0	0
2024-08-26 22:50:30	61.02551006716418	48.23493784477612	47.98181	1	0	0	0	0
2024-08-26 22:50:40	60.664417512562814	48.412359028643216	47.98181	1	0	0	0	0
2024-08-26 22:50:50	60.41621298994975	48.55816671708543	47.98181	1	0	0	0	0
2024-08-26 22:51:00	60.338034560000004	48.586881911999996	47.98181	1	0	0	0	0
2024-08-26 22:51:10	60.393448060000004	48.523595862	47.98181	1	0	0	0	0
2024-08-26 22:51:20	60.605615724	48.373456276	47.98181	1	0	0	0	0
2024-08-26 22:51:30	60.940947374000004	48.155074626	47.98181	1	0	0	0	0
2024-08-26 22:51:40	61.329835016000004	47.923691624	47.98181	1	0	0	0	0
2024-08-26 22:51:50	61.760802366	47.682093273999996	47.98181	1	0	0	0	0
2024-08-26 22:52:00	62.21595816	47.487531759999996	47.98181	1	0	0	0	0
2024-08-26 22:52:10	62.69011916	47.32992776	47.98181	1	0	0	0	0
2024-08-26 22:52:20	62.744989568	47.344720628	47.98181	1	0	0	0	0
2024-08-26 22:52:30	62.470417368	47.494968178	47.98181	1	0	0	0	0
2024-08-26 22:52:40	62.141262248	47.692379432	47.98181	1	0	0	0	0
2024-08-26 22:52:50	61.769220548	47.926847882000004	47.98181	1	0	0	0	0
2024-08-26 22:53:00	61.305462972	48.15101488	47.98181	1	0	0	0	0
2024-08-26 22:53:10	60.769642922	48.36708788	47.98181	1	0	0	0	0
2024-08-26 22:53:20	60.433700312	48.50955392	47.98181	1	0	0	0	0
2024-08-26 22:53:30	60.254804262	48.59418592	47.98181	1	0	0	0	0
2024-08-26 22:53:40	60.209189892000005	48.572141280000004	47.98181	1	0	0	0	0
2024-08-26 22:53:50	60.268296842000005	48.46627928	47.98181	1	0	0	0	0
2024-08-26 22:54:00	60.610052648	48.277422956	47.98181	1	0	0	0	0
2024-08-26 22:54:10	61.173889698	48.023356806	47.98181	1	0	0	0	0
2024-08-26 22:54:20	61.766737828000004	47.76365084	47.98181	1	0	0	0	0
2024-08-26 22:54:30	62.382380378	47.49951359	47.98181	1	0	0	0	0
2024-08-26 22:54:40	62.7413826	47.354177904	47.98181	1	0	0	0	0
2024-08-26 22:54:50	62.89873885	47.302186304	47.98181	1	0	0	0	0
2024-08-26 22:55:00	62.749057908000005	47.3819412	47.98181	1	0	0	0	0
2024-08-26 22:55:10	62.358133458000005	47.5652112	47.98181	1	0	0	0	0
2024-08-26 22:55:20	61.970003184	47.7858724	47.98181	1	0	0	0	0
2024-08-26 22:55:30	61.584068334	48.0359124	47.98181	1	0	0	0	0
2024-08-26 22:55:40	61.209573024	48.2440378	47.98181	1	0	0	0	0
2024-08-26 22:55:50	60.844065924	48.4192303	47.98181	1	0	0	0	0
2024-08-26 22:56:00	60.551518816000005	48.519814000000004	47.98181	1	0	0	0	0
2024-08-26 22:56:10	60.316297416000005	48.5617765	47.98181	1	0	0	0	0
2024-08-26 22:56:20	60.409437616	48.486661956000006	47.98181	1	0	0	0	0
2024-08-26 22:56:30	60.760576216	48.319558306000005	47.98181	1	0	0	0	0
2024-08-26 22:56:40	61.155601792	48.094395144	47.98181	1	0	0	0	0
2024-08-26 22:56:50	61.585109992	47.823613794	47.98181	1	0	0	0	0
2024-08-26 22:57:00	62.082997888	47.586221548	47.98181	1	0	0	0	0
2024-08-26 22:57:10	62.634612688	47.375063598	47.98181	1	0	0	0	0
2024-08-26 22:57:20	62.8773232	47.2821541	47.98181	1	0	0	0	0
2024-08-26 22:57:30	62.81967724567901	47.351132103703705	47.98181	1	0	0	0	0
2024-08-26 22:57:40	62.552981816	47.562185876	47.98181	1	0	0	0	0
2024-08-26 22:57:50	62.199154166	47.792589226	47.98181	1	0	0	0	0
2024-08-26 22:58:00	61.721492399999995	48.0277759	47.98181	1	0	0	0	0
2024-08-26 22:58:10	61.1465324	48.2667209	47.98181	1	0	0	0	0
2024-08-26 22:58:20	60.689156776	48.446642824	47.98181	1	0	0	0	0
2024-08-26 22:58:30	60.324168876	48.580189474	47.98181	1	0	0	0	0
2024-08-26 22:58:40	60.190943584	48.601767932	47.98181	1	0	0	0	0
2024-08-26 22:58:50	60.239817484	48.535371382	47.98181	1	0	0	0	0
2024-08-26 22:59:00	60.603550403999996	48.35342712	47.98181	1	0	0	0	0
2024-08-26 22:59:10	61.214672553999996	48.08069537	47.98181	1	0	0	0	0
2024-08-26 22:59:20	61.735787836	47.808076824	47.98181	1	0	0	0	0
2024-08-26 22:59:30	62.186183436	47.535547224	47.98181	1	0	0	0	0
2024-08-26 22:59:40	62.571833068000004	47.359661752	47.98181	1	0	0	0	0
2024-08-26 22:59:50	62.906610868	47.259710952	47.98181	1	0	0	0	0
2024-08-26 23:00:00	62.887203816	47.327163472	47.98181	1	0	0	0	0
2024-08-26 23:00:10	62.589508666	47.526147172	47.98181	1	0	0	0	0
2024-08-26 23:00:20	62.086389304	47.771712932	47.98181	1	0	0	0	0
2024-08-26 23:00:30	61.421865204	48.053878882	47.98181	1	0	0	0	0
2024-08-26 23:00:40	60.910807312	48.300766568	47.98181	1	0	0	0	0
2024-08-26 23:00:50	60.520330012	48.519935618000005	47.98181	1	0	0	0	0
2024-08-26 23:01:00	60.263988896	48.636675600000004	47.98181	1	0	0	0	0
2024-08-26 23:01:10	60.113040495999996	48.6729356	47.98181	1	0	0	0	0
2024-08-26 23:01:20	60.203438544	48.5730736	47.98181	1	0	0	0	0
2024-08-26 23:01:30	60.483465944	48.3662586	47.98181	1	0	0	0	0
2024-08-26 23:01:40	61.03304296	48.097425476000005	47.98181	1	0	0	0	0
2024-08-26 23:01:50	61.79440896	47.779863826	47.98181	1	0	0	0	0
2024-08-26 23:02:00	62.3716968	47.510559224	47.98181	1	0	0	0	0
2024-08-26 23:02:10	62.8043518	47.279170874	47.98181	1	0	0	0	0
2024-08-26 23:02:20	62.996003996	47.229934928	47.98181	1	0	0	0	0
2024-08-26 23:02:30	62.998296846	47.323818728	47.98181	1	0	0	0	0
2024-08-26 23:02:40	62.693488104000004	47.513518696	47.98181	1	0	0	0	0
2024-08-26 23:02:50	62.147385254	47.778502796	47.98181	1	0	0	0	0
2024-08-26 23:03:00	61.566417363999996	48.034575644	47.98181	1	0	0	0	0
2024-08-26 23:03:10	60.958055513999994	48.283646794	47.98181	1	0	0	0	0
2024-08-26 23:03:20	60.563910379999996	48.465537432	47.98181	1	0	0	0	0
2024-08-26 23:03:30	60.33807838	48.594643381999994	47.98181	1	0	0	0	0
2024-08-26 23:03:40	60.289737232	48.608616747999996	47.98181	1	0	0	0	0
2024-08-26 23:03:50	60.380853182	48.532128798	47.98181	1	0	0	0	0
2024-08-26 23:04:00	60.652244556	48.349554952	47.98181	1	0	0	0	0
2024-08-26 23:04:10	61.065280906	48.083627901999996	47.98181	1	0	0	0	0
2024-08-26 23:04:20	61.59894484	47.825310888	47.98181	1	0	0	0	0
2024-08-26 23:04:30	62.22738759	47.572973188	47.98181	1	0	0	0	0
2024-08-26 23:04:40	62.60951658	47.417384112	47.98181	1	0	0	0	0
2024-08-26 23:04:50	62.79811333	47.337811812	47.98181	1	0	0	0	0
2024-08-26 23:05:00	62.669636847999996	47.407828615999996	47.98181	1	0	0	0	0
2024-08-26 23:05:10	62.292031398	47.595379716	47.98181	1	0	0	0	0
2024-08-26 23:05:20	61.91785893034825	47.807249356218904	47.98181	1	0	0	0	0
2024-08-26 23:05:30	61.546383805970144	48.03822642089552	47.98181	1	0	0	0	0
2024-08-26 23:05:40	61.1197437361809	48.243762404020096	47.98181	1	0	0	0	0
2024-08-26 23:05:50	60.64796871105528	48.42848295678392	47.98181	1	0	0	0	0
2024-08-26 23:06:00	60.38835768	48.5277808	47.98181	1	0	0	0	0
2024-08-26 23:06:10	60.29544693	48.5599608	47.98181	1	0	0	0	0
2024-08-26 23:06:20	60.442488256	48.4814624	47.98181	1	0	0	0	0
2024-08-26 23:06:30	60.778063356	48.3160024	47.98181	1	0	0	0	0
2024-08-26 23:06:40	61.154846336	48.1162676	47.98181	1	0	0	0	0
2024-08-26 23:06:50	61.564006936	47.8896026	47.98181	1	0	0	0	0
2024-08-26 23:07:00	62.01554716	47.6704038	47.98181	1	0	0	0	0
2024-08-26 23:07:10	62.50038566	47.4570713	47.98181	1	0	0	0	0
2024-08-26 23:07:20	62.722741240000005	47.373097876	47.98181	1	0	0	0	0
2024-08-26 23:07:30	62.73886024	47.390763726	47.98181	1	0	0	0	0
2024-08-26 23:07:40	62.527901144000005	47.499757624	47.98181	1	0	0	0	0
2024-08-26 23:07:50	62.138523544	47.680509273999995	47.98181	1	0	0	0	0
2024-08-26 23:08:00	61.778336476	47.8806388	47.98181	1	0	0	0	0
2024-08-26 23:08:10	61.441084826	48.0959938	47.98181	1	0	0	0	0
2024-08-26 23:08:20	61.013454552	48.3003084	47.98181	1	0	0	0	0
2024-08-26 23:08:30	60.514812502	48.4959484	47.98181	1	0	0	0	0
2024-08-26 23:08:40	60.243128399999996	48.595480052	47.98181	1	0	0	0	0
2024-08-26 23:08:50	60.1497684	48.619498002	47.98181	1	0	0	0	0
2024-08-26 23:09:00	60.336384992	48.521648248	47.98181	1	0	0	0	0
2024-08-26 23:09:10	60.742983192	48.328045298	47.98181	1	0	0	0	0
2024-08-26 23:09:20	61.16007932	48.094801600000004	47.98181	1	0	0	0	0
2024-08-26 23:09:30	61.58542382	47.830411600000005	47.98181	1	0	0	0	0
2024-08-26 23:09:40	62.005228688	47.589660824000006	47.98181	1	0	0	0	0
2024-08-26 23:09:50	62.420680988	47.367483724	47.98181	1	0	0	0	0
2024-08-26 23:10:00	62.669688799999996	47.298277596000005	47.98181	1	0	0	0	0
2024-08-26 23:10:10	62.7879188	47.349262946	47.98181	1	0	0	0	0
2024-08-26 23:10:20	62.555313756	47.500828412	47.98181	1	0	0	0	0
2024-08-26 23:10:30	62.047052606	47.731421112	47.98181	1	0	0	0	0
2024-08-26 23:10:40	61.615848744	47.958193183999995	47.98181	1	0	0	0	0
2024-08-26 23:10:50	61.245189894	48.181963333999995	47.98181	1	0	0	0	0
2024-08-26 23:11:00	60.866318	48.362078544	47.98181	1	0	0	0	0
2024-08-26 23:11:10	60.480993	48.507893444	47.98181	1	0	0	0	0
2024-08-26 23:11:20	60.3134324	48.55878784	47.98181	1	0	0	0	0
2024-08-26 23:11:30	60.316972400000004	48.535101839999996	47.98181	1	0	0	0	0
2024-08-26 23:11:40	60.462456692	48.406544612	47.98181	1	0	0	0	0
2024-08-26 23:11:50	60.719468642	48.195588562000005	47.98181	1	0	0	0	0
2024-08-26 23:12:00	61.175407208	47.954810888000004	47.98181	1	0	0	0	0
2024-08-26 23:12:10	61.787645258	47.690601938	47.98181	1	0	0	0	0
2024-08-26 23:12:20	62.331392424	47.4727996	47.98181	1	0	0	0	0
2024-08-26 23:12:30	62.821325324	47.291459599999996	47.98181	1	0	0	0	0
2024-08-26 23:12:40	62.934190176	47.2891831	47.98181	1	0	0	0	0
2024-08-26 23:12:50	62.750787276000004	47.42759935	47.98181	1	0	0	0	0
2024-08-26 23:13:00	62.360899412	47.622214512	47.98181	1	0	0	0	0
2024-08-26 23:13:10	61.808773362	47.860985962	47.98181	1	0	0	0	0
2024-08-26 23:13:20	61.339154996	48.101380936	47.98181	1	0	0	0	0
2024-08-26 23:13:30	60.934364096	48.343051536	47.98181	1	0	0	0	0
2024-08-26 23:13:40	60.599942768	48.514697551999994	47.98181	1	0	0	0	0
2024-08-26 23:13:50	60.320811817999996	48.631324252	47.98181	1	0	0	0	0
2024-08-26 23:14:00	60.267937612	48.6062672	47.98181	1	0	0	0	0
2024-08-26 23:14:10	60.392836562	48.4698872	47.98181	1	0	0	0	0
2024-08-26 23:14:20	60.751342956	48.279251012	47.98181	1	0	0	0	0
2024-08-26 23:14:30	61.293398056	48.045984962	47.98181	1	0	0	0	0
2024-08-26 23:14:40	61.7837735	47.789316092	47.98181	1	0	0	0	0
2024-08-26 23:14:50	62.2335435	47.514259292000006	47.98181	1	0	0	0	0
2024-08-26 23:15:00	62.516360056	47.386231724	47.98181	1	0	0	0	0
2024-08-26 23:15:10	62.667998906	47.373727124	47.98181	1	0	0	0	0
2024-08-26 23:15:20	62.579537336	47.472851272	47.98181	1	0	0	0	0
2024-08-26 23:15:30	62.302425436	47.659683722	47.98181	1	0	0	0	0
2024-08-26 23:15:40	61.984375296	47.867996399999996	47.98181	1	0	0	0	0
2024-08-26 23:15:50	61.634159396	48.0931864	47.98181	1	0	0	0	0
2024-08-26 23:16:00	61.192388368	48.297293044	47.98181	1	0	0	0	0
2024-08-26 23:16:10	60.678681168	48.484834194	47.98181	1	0	0	0	0
2024-08-26 23:16:20	60.398185212	48.572437604	47.98181	1	0	0	0	0
2024-08-26 23:16:30	60.300926662	48.581518504	47.98181	1	0	0	0	0
2024-08-26 23:16:40	60.423767684	48.469147219999996	47.98181	1	0	0	0	0
2024-08-26 23:16:50	60.719544084	48.26134922	47.98181	1	0	0	0	0
2024-08-26 23:17:00	61.202438212000004	48.025953832	47.98181	1	0	0	0	0
2024-08-26 23:17:10	61.832353412	47.768874782	47.98181	1	0	0	0	0
2024-08-26 23:17:20	62.321496792	47.541809688	47.98181	1	0	0	0	0
2024-08-26 23:17:30	62.700033742	47.338326988	47.98181	1	0	0	0	0
2024-08-26 23:17:40	62.886162	47.297639311999994	47.98181	1	0	0	0	0
2024-08-26 23:17:50	62.921112	47.384862012	47.98181	1	0	0	0	0
2024-08-26 23:18:00	62.605033308	47.5772428	47.98181	1	0	0	0	0
2024-08-26 23:18:10	62.013146358	47.8522478	47.98181	1	0	0	0	0
2024-08-26 23:18:20	61.410986516	48.11276224	47.98181	1	0	0	0	0
2024-08-26 23:18:30	60.800755116	48.36189124	47.98181	1	0	0	0	0
2024-08-26 23:18:40	60.398768788	48.538939196	47.98181	1	0	0	0	0
2024-08-26 23:18:50	60.160403588	48.659352046	47.98181	1	0	0	0	0
2024-08-26 23:19:00	60.139128548	48.66079928	47.98181	1	0	0	0	0
2024-08-26 23:19:10	60.288424348	48.56877353	47.98181	1	0	0	0	0
2024-08-26 23:19:20	60.595993480000004	48.373553584	47.98181	1	0	0	0	0
2024-08-26 23:19:30	61.02792023	48.097252483999995	47.98181	1	0	0	0	0
2024-08-26 23:19:40	61.48336936	47.819996163999996	47.98181	1	0	0	0	0
2024-08-26 23:19:50	61.95730036	47.541989314	47.98181	1	0	0	0	0
2024-08-26 23:20:00	62.378966	47.386184936	47.98181	1	0	0	0	0
2024-08-26 23:20:10	62.759566	47.326396786	47.98181	1	0	0	0	0
2024-08-26 23:20:20	62.6720088	47.420467599999995	47.98181	1	0	0	0	0
2024-08-26 23:20:30	62.216613800000005	47.6354276	47.98181	1	0	0	0	0
2024-08-26 23:20:40	61.784498	47.875420272	47.98181	1	0	0	0	0
2024-08-26 23:20:50	61.370673	48.135081472	47.98181	1	0	0	0	0
2024-08-26 23:21:00	60.912117187999996	48.353602888	47.98181	1	0	0	0	0
2024-08-26 23:21:10	60.418415738	48.539800188	47.98181	1	0	0	0	0
2024-08-26 23:21:20	60.101472156	48.65771344	47.98181	1	0	0	0	0
2024-08-26 23:21:30	59.923409756	48.72197494	47.98181	1	0	0	0	0
2024-08-26 23:21:40	59.981477656	48.635842532	47.98181	1	0	0	0	0
2024-08-26 23:21:50	60.225076506	48.431543482	47.98181	1	0	0	0	0
2024-08-26 23:22:00	60.751195132	48.156369152	47.98181	1	0	0	0	0
2024-08-26 23:22:10	61.499293582	47.825507102	47.98181	1	0	0	0	0
2024-08-26 23:22:20	62.079496024	47.548894016	47.98181	1	0	0	0	0
2024-08-26 23:22:30	62.527780174	47.314905116	47.98181	1	0	0	0	0
2024-08-26 23:22:40	62.795044408	47.242742244	47.98181	1	0	0	0	0
2024-08-26 23:22:50	62.920078708000005	47.297728393999996	47.98181	1	0	0	0	0
2024-08-26 23:23:00	62.659813968	47.459259499999995	47.98181	1	0	0	0	0
2024-08-26 23:23:10	62.096814268	47.7045045	47.98181	1	0	0	0	0
2024-08-26 23:23:20	61.607266688	47.963067812	47.98181	1	0	0	0	0
2024-08-26 23:23:30	61.175431488	48.232095512	47.98181	1	0	0	0	0
2024-08-26 23:23:40	60.713359032	48.451029672000004	47.98181	1	0	0	0	0
2024-08-26 23:23:50	60.227528732	48.630604622	47.98181	1	0	0	0	0
2024-08-26 23:24:00	60.031431092000005	48.678725872	47.98181	1	0	0	0	0
2024-08-26 23:24:10	60.062980542000005	48.623562072000006	47.98181	1	0	0	0	0
2024-08-26 23:24:20	60.374979672	48.465546712000005	47.98181	1	0	0	0	0
2024-08-26 23:24:30	60.907332122	48.226719412	47.98181	1	0	0	0	0
2024-08-26 23:24:40	61.392079756	47.962657140000005	47.98181	1	0	0	0	0
2024-08-26 23:24:50	61.839423606000004	47.678767390000004	47.98181	1	0	0	0	0
2024-08-26 23:25:00	62.297666484000004	47.463333048	47.98181	1	0	0	0	0
2024-08-26 23:25:10	62.764472884	47.301685098	47.98181	1	0	0	0	0
2024-08-26 23:25:20	62.861348744	47.310123988	47.98181	1	0	0	0	0
2024-08-26 23:25:30	62.667564893999995	47.452202538	47.98181	1	0	0	0	0
2024-08-26 23:25:40	62.39731690799999	47.633160712	47.98181	1	0	0	0	0
2024-08-26 23:25:50	62.06698995799999	47.844667162	47.98181	1	0	0	0	0
2024-08-26 23:26:00	61.593282792	48.076942472	47.98181	1	0	0	0	0
2024-08-26 23:26:10	61.006919742	48.325536172	47.98181	1	0	0	0	0
2024-08-26 23:26:20	60.547706399999996	48.507558528000004	47.98181	1	0	0	0	0
2024-08-26 23:26:30	60.188396399999995	48.637274828	47.98181	1	0	0	0	0
2024-08-26 23:26:40	60.098230799999996	48.6333464	47.98181	1	0	0	0	0
2024-08-26 23:26:50	60.2195358	48.524411400000005	47.98181	1	0	0	0	0
2024-08-26 23:27:00	60.607643728	48.331183884	47.98181	1	0	0	0	0
2024-08-26 23:27:10	61.205382528	48.071726534	47.98181	1	0	0	0	0
2024-08-26 23:27:20	61.4683876	47.9575653	47.98181	1	0	0	0	0
2024-08-26 23:27:30	61.9291402235955	47.676732283146066	47.98181	1	0	0	0	0
2024-08-26 23:27:40	62.528646408	47.363553200000005	47.98181	1	0	0	0	0
2024-08-26 23:27:50	62.794704458	47.294648200000005	47.98181	1	0	0	0	0
2024-08-26 23:28:00	62.759738399999996	47.3710716	47.98181	1	0	0	0	0
2024-08-26 23:28:10	62.4882534	47.5616816	47.98181	1	0	0	0	0
2024-08-26 23:28:20	62.1453544	47.782043308	47.98181	1	0	0	0	0
2024-08-26 23:28:30	61.7463444	48.025781358	47.98181	1	0	0	0	0
2024-08-26 23:28:40	61.2701916	48.248084792	47.98181	1	0	0	0	0
2024-08-26 23:28:50	60.7334266	48.453546742	47.98181	1	0	0	0	0
2024-08-26 23:29:00	60.4156216	48.560115688	47.98181	1	0	0	0	0
2024-08-26 23:29:10	60.2698566	48.588982988	47.98181	1	0	0	0	0
2024-08-26 23:29:20	60.347757672	48.497176112	47.98181	1	0	0	0	0
2024-08-26 23:29:30	60.601396371999996	48.310553812	47.98181	1	0	0	0	0
2024-08-26 23:29:40	61.094019328	48.0698368	47.98181	1	0	0	0	0
2024-08-26 23:29:50	61.774415628	47.7866168	47.98181	1	0	0	0	0
2024-08-26 23:30:00	62.3013852	47.53802244	47.98181	1	0	0	0	0
2024-08-26 23:30:10	62.707805199999996	47.31663394	47.98181	1	0	0	0	0
2024-08-26 23:30:20	62.8291712	47.26730096	47.98181	1	0	0	0	0
2024-08-26 23:30:30	62.7265662	47.35315446	47.98181	1	0	0	0	0
2024-08-26 23:30:40	62.487422	47.525392944	47.98181	1	0	0	0	0
2024-08-26 23:30:50	62.140997000000006	47.765505344	47.98181	1	0	0	0	0
2024-08-26 23:31:00	61.627689200000006	48.01431642	47.98181	1	0	0	0	0
2024-08-26 23:31:10	60.983259200000006	48.26996217	47.98181	1	0	0	0	0
2024-08-26 23:31:20	60.539957568000005	48.468754536	47.98181	1	0	0	0	0
2024-08-26 23:31:30	60.254685368000004	48.622876385999994	47.98181	1	0	0	0	0
2024-08-26 23:31:40	60.177942832	48.650951588	47.98181	1	0	0	0	0
2024-08-26 23:31:50	60.265045032	48.579990138	47.98181	1	0	0	0	0
2024-08-26 23:32:00	60.537260944	48.396380712	47.98181	1	0	0	0	0
2024-08-26 23:32:10	60.954923344	48.124262162	47.98181	1	0	0	0	0
2024-08-26 23:32:20	61.525171856	47.8478952	47.98181	1	0	0	0	0
2024-08-26 23:32:30	62.215309456	47.568190200000004	47.98181	1	0	0	0	0
2024-08-26 23:32:40	62.667734	47.382932700000005	47.98181	1	0	0	0	0
2024-08-26 23:32:50	62.933384	47.27188395	47.98181	1	0	0	0	0
2024-08-26 23:33:00	62.85547036	47.317239	47.98181	1	0	0	0	0
2024-08-26 23:33:10	62.50761386	47.48548275	47.98181	1	0	0	0	0
2024-08-26 23:33:20	62.130782596	47.6957636	47.98181	1	0	0	0	0
2024-08-26 23:33:30	61.731185446000005	47.9390736	47.98181	1	0	0	0	0
2024-08-26 23:33:40	61.207960344	48.192873324	47.98181	1	0	0	0	0
2024-08-26 23:33:50	60.587598994	48.454914974	47.98181	1	0	0	0	0
2024-08-26 23:34:00	60.223350339999996	48.60677276	47.98181	1	0	0	0	0
2024-08-26 23:34:10	60.06033309	48.67205751	47.98181	1	0	0	0	0
2024-08-26 23:34:20	60.17344036	48.609065888	47.98181	1	0	0	0	0
2024-08-26 23:34:30	60.50350261	48.445285688000006	47.98181	1	0	0	0	0
2024-08-26 23:34:40	60.9074388	48.212060896000004	47.98181	1	0	0	0	0
2024-08-26 23:34:50	61.3694188	47.924272496	47.98181	1	0	0	0	0
2024-08-26 23:35:00	61.93892722772277	47.65002305742574	47.98181	1	0	0	0	0
2024-08-26 23:35:10	62.59292227722772	47.38641137425743	47.98181	1	0	0	0	0
2024-08-26 23:35:20	62.89553818181818	47.28855891818182	47.98181	1	0	0	0	0
2024-08-26 23:35:30	62.898831111111114	47.33190876666667	47.98181	1	0	0	0	0
2024-08-26 23:35:40	62.5916416	47.487331864000005	47.98181	1	0	0	0	0
2024-08-26 23:35:50	62.0405016	47.730812514	47.98181	1	0	0	0	0
2024-08-26 23:36:00	62.0405016	47.730812514	47.98181	1	0	0	0	0
2024-08-26 23:36:10	61.549299072000004	47.98989608	47.98181	1	0	0	0	0
2024-08-26 23:36:20	61.105190272	48.261239079999996	47.98181	1	0	0	0	0
2024-08-26 23:36:30	60.6657106	48.469125624	47.98181	1	0	0	0	0
2024-08-26 23:36:40	60.2298681	48.627153524	47.98181	1	0	0	0	0
2024-08-26 23:36:50	60.04436296	48.672216348	47.98181	1	0	0	0	0
2024-08-26 23:37:00	60.05555146	48.628520898	47.98181	1	0	0	0	0
2024-08-26 23:37:10	60.383919984	48.462287004000004	47.98181	1	0	0	0	0
2024-08-26 23:37:20	60.961501384	48.199772904	47.98181	1	0	0	0	0
2024-08-26 23:37:30	61.474796128	47.923842184	47.98181	1	0	0	0	0
2024-08-26 23:37:40	61.937579928	47.637369834	47.98181	1	0	0	0	0
2024-08-26 23:37:50	62.360583456	47.43211224	47.98181	1	0	0	0	0
2024-08-26 23:38:00	62.752331056	47.29066624	47.98181	1	0	0	0	0
2024-08-26 23:38:10	62.796142116	47.329384000000005	47.98181	1	0	0	0	0
2024-08-26 23:38:20	62.566574466	47.509659	47.98181	1	0	0	0	0
2024-08-26 23:38:30	62.137640516	47.727566	47.98181	1	0	0	0	0
2024-08-26 23:38:40	61.552061615999996	47.975041000000004	47.98181	1	0	0	0	0
2024-08-26 23:38:50	61.10347168	48.18878286	47.98181	1	0	0	0	0
2024-08-26 23:39:00	60.76251593	48.37602011	47.98181	1	0	0	0	0
2024-08-26 23:39:10	60.499584952	48.49860844	47.98181	1	0	0	0	0
2024-08-26 23:39:20	60.297959152000004	48.57040119	47.98181	1	0	0	0	0
2024-08-26 23:39:30	60.312231468	48.525836524	47.98181	1	0	0	0	0
2024-08-26 23:39:40	60.496138018	48.389848174	47.98181	1	0	0	0	0
2024-08-26 23:39:50	60.913626168	48.183373576	47.98181	1	0	0	0	0
2024-08-26 23:40:00	61.514642718	47.921516926	47.98181	1	0	0	0	0
2024-08-26 23:40:10	62.040430799999996	47.660550648	47.98181	1	0	0	0	0
2024-08-26 23:40:20	62.5071108	47.400283948	47.98181	1	0	0	0	0
2024-08-26 23:40:30	62.704390536	47.313257952	47.98181	1	0	0	0	0
2024-08-26 23:40:40	62.689998636	47.362349652	47.98181	1	0	0	0	0
2024-08-26 23:40:50	62.489113296	47.5108656	47.98181	1	0	0	0	0
2024-08-26 23:41:00	62.141697396	47.737500600000004	47.98181	1	0	0	0	0
2024-08-26 23:41:10	61.671754784	47.966841968	47.98181	1	0	0	0	0
2024-08-26 23:41:20	61.105541184	48.198309767999994	47.98181	1	0	0	0	0
2024-08-26 23:41:30	60.677837984	48.397456831999996	47.98181	1	0	0	0	0
2024-08-26 23:41:40	60.358964384	48.571209032	47.98181	1	0	0	0	0
2024-08-26 23:41:50	60.1610808	48.650492452	47.98181	1	0	0	0	0
2024-08-26 23:42:00	60.0582608	48.655550401999996	47.98181	1	0	0	0	0
2024-08-26 23:42:10	60.244768832	48.517533448	47.98181	1	0	0	0	0
2024-08-26 23:42:20	60.658606031999994	48.267100498000005	47.98181	1	0	0	0	0
2024-08-26 23:42:30	61.216279568	48.001902	47.98181	1	0	0	0	0
2024-08-26 23:42:40	61.886967368	47.725102	47.98181	1	0	0	0	0
2024-08-26 23:42:50	62.385642544	47.495922664	47.98181	1	0	0	0	0
2024-08-26 23:43:00	62.749164944	47.304159564	47.98181	1	0	0	0	0
2024-08-26 23:43:10	62.810959456	47.283542796	47.98181	1	0	0	0	0
2024-08-26 23:43:20	62.635682056	47.397398146	47.98181	1	0	0	0	0
2024-08-26 23:43:30	62.3396742	47.585906228	47.98181	1	0	0	0	0
2024-08-26 23:43:40	61.9488067	47.833070028	47.98181	1	0	0	0	0
2024-08-26 23:43:50	61.538397104	48.078954312	47.98181	1	0	0	0	0
2024-08-26 23:44:00	61.112633003999996	48.323833262	47.98181	1	0	0	0	0
2024-08-26 23:44:10	60.660989539999996	48.520952304	47.98181	1	0	0	0	0
2024-08-26 23:44:20	60.18901229	48.680545704	47.98181	1	0	0	0	0
2024-08-26 23:44:30	60.054445176	48.699766424	47.98181	1	0	0	0	0
2024-08-26 23:44:40	60.184986026	48.608694324	47.98181	1	0	0	0	0
2024-08-26 23:44:50	60.487001032	48.41229006	47.98181	1	0	0	0	0
2024-08-26 23:45:00	60.923745732	48.13312481	47.98181	1	0	0	0	0
2024-08-26 23:45:10	61.516620448	47.845255452	47.98181	1	0	0	0	0
2024-08-26 23:45:20	62.232168748	47.550547152	47.98181	1	0	0	0	0
2024-08-26 23:45:30	62.693062592	47.358091688	47.98181	1	0	0	0	0
2024-08-26 23:45:40	62.953870792	47.245977738	47.98181	1	0	0	0	0
2024-08-26 23:45:50	62.975127876	47.281967072	47.98181	1	0	0	0	0
2024-08-26 23:46:00	62.808166226	47.434323272	47.98181	1	0	0	0	0
2024-08-26 23:46:10	62.416265904	47.651019999999995	47.98181	1	0	0	0	0
2024-08-26 23:46:20	61.847628054	47.91827	47.98181	1	0	0	0	0
2024-08-26 23:46:30	61.251907064	48.176445872	47.98181	1	0	0	0	0
2024-08-26 23:46:40	60.634906464	48.427492072	47.98181	1	0	0	0	0
2024-08-26 23:46:50	60.241434063999996	48.58350644	47.98181	1	0	0	0	0
2024-08-26 23:47:00	60.023590964	48.66485294	47.98181	1	0	0	0	0
2024-08-26 23:47:10	60.116657036	48.613074923999996	47.98181	1	0	0	0	0
2024-08-26 23:47:20	60.454008886000004	48.456699074	47.98181	1	0	0	0	0
2024-08-26 23:47:30	60.839238664	48.234014604	47.98181	1	0	0	0	0
2024-08-26 23:47:40	61.262086814	47.959230504000004	47.98181	1	0	0	0	0
2024-08-26 23:47:50	61.7080416	47.69768276	47.98181	1	0	0	0	0
2024-08-26 23:48:00	62.1721516	47.44653501	47.98181	1	0	0	0	0
2024-08-26 23:48:10	62.510934496	47.339221272	47.98181	1	0	0	0	0
2024-08-26 23:48:20	62.751246096	47.344919972	47.98181	1	0	0	0	0
2024-08-26 23:48:30	62.6007937	47.46776701153846	47.98181	1	0	0	0	0
2024-08-26 23:48:40	62.143312449999996	47.682659175	47.98181	1	0	0	0	0
2024-08-26 23:48:50	61.7055149	47.90849305	47.98181	1	0	0	0	0
2024-08-26 23:49:00	61.28904135833333	48.14618044583333	47.98181	1	0	0	0	0
2024-08-26 23:49:10	60.870181736	48.342389288	47.98181	1	0	0	0	0
2024-08-26 23:49:20	60.449447336	48.506007838	47.98181	1	0	0	0	0
2024-08-26 23:49:30	60.28106904	48.558235360000005	47.98181	1	0	0	0	0
2024-08-26 23:49:40	60.31097054	48.522941360000004	47.98181	1	0	0	0	0
2024-08-26 23:49:50	60.473885984	48.395141324	47.98181	1	0	0	0	0
2024-08-26 23:50:00	60.741312384000004	48.194657973999995	47.98181	1	0	0	0	0
2024-08-26 23:50:10	61.183840368000006	47.960600215999996	47.98181	1	0	0	0	0
2024-08-26 23:50:20	61.763948168000006	47.700162565999996	47.98181	1	0	0	0	0
2024-08-26 23:50:30	62.272014432	47.4921872	47.98181	1	0	0	0	0
2024-08-26 23:50:40	62.723476632	47.3254322	47.98181	1	0	0	0	0
2024-08-26 23:50:50	62.85228744	47.30971578	47.98181	1	0	0	0	0
2024-08-26 23:51:00	62.72758644	47.41267253	47.98181	1	0	0	0	0
2024-08-26 23:51:10	62.388774536	47.582758188	47.98181	1	0	0	0	0
2024-08-26 23:51:20	61.881732636	47.805587988	47.98181	1	0	0	0	0
2024-08-26 23:51:30	61.43465044	48.038093832	47.98181	1	0	0	0	0
2024-08-26 23:51:40	61.03467944	48.278202282	47.98181	1	0	0	0	0
2024-08-26 23:51:50	60.689521968	48.459182068000004	47.98181	1	0	0	0	0
2024-08-26 23:52:00	60.387432268	48.593703618	47.98181	1	0	0	0	0
2024-08-26 23:52:10	60.259513712	48.601506072	47.98181	1	0	0	0	0
2024-08-26 23:52:20	60.268443911999995	48.509743522	47.98181	1	0	0	0	0
2024-08-26 23:52:30	60.587162303999996	48.336348120000004	47.98181	1	0	0	0	0
2024-08-26 23:52:40	61.149285704	48.098812620000004	47.98181	1	0	0	0	0
2024-08-26 23:52:50	61.652994832	47.840517248000005	47.98181	1	0	0	0	0
2024-08-26 23:53:00	62.110807032	47.565910548	47.98181	1	0	0	0	0
2024-08-26 23:53:10	62.491522212	47.388683928	47.98181	1	0	0	0	0
2024-08-26 23:53:20	62.811661162	47.287970228	47.98181	1	0	0	0	0
2024-08-26 23:53:30	62.796560368	47.345912199999994	47.98181	1	0	0	0	0
2024-08-26 23:53:40	62.518056918	47.528512199999994	47.98181	1	0	0	0	0
2024-08-26 23:53:50	62.0739935	47.748826464	47.98181	1	0	0	0	0
2024-08-26 23:54:00	61.499847249999995	47.998773364	47.98181	1	0	0	0	0
2024-08-26 23:54:10	61.034488532	48.232422612	47.98181	1	0	0	0	0
2024-08-26 23:54:20	60.654605732	48.453266561999996	47.98181	1	0	0	0	0
2024-08-26 23:54:30	60.358677656000005	48.589708488	47.98181	1	0	0	0	0
2024-08-26 23:54:40	60.128714006	48.659834538	47.98181	1	0	0	0	0
2024-08-26 23:54:50	60.181812799999996	48.570101672	47.98181	1	0	0	0	0
2024-08-26 23:55:00	60.4573178	48.354765372	47.98181	1	0	0	0	0
2024-08-26 23:55:10	60.9570076	48.111844928000004	47.98181	1	0	0	0	0
2024-08-26 23:55:20	61.632842600000004	47.847251228	47.98181	1	0	0	0	0
2024-08-26 23:55:30	62.188972	47.5921796	47.98181	1	0	0	0	0
2024-08-26 23:55:40	62.651047	47.3445896	47.98181	1	0	0	0	0
2024-08-26 23:55:50	62.826676400000004	47.267891999999996	47.98181	1	0	0	0	0
2024-08-26 23:56:00	62.7772414	47.325466999999996	47.98181	1	0	0	0	0
2024-08-26 23:56:10	62.546799336	47.48301544	47.98181	1	0	0	0	0
2024-08-26 23:56:20	62.174137436	47.71911444	47.98181	1	0	0	0	0
2024-08-26 23:56:30	61.672281828	47.964713419999995	47.98181	1	0	0	0	0
2024-08-26 23:56:40	61.068916878	48.21777667	47.98181	1	0	0	0	0
2024-08-26 23:56:50	60.634844996	48.41829204	47.98181	1	0	0	0	0
2024-08-26 23:57:00	60.333789096	48.57751979	47.98181	1	0	0	0	0
2024-08-26 23:57:10	60.23445102	48.6177488	47.98181	1	0	0	0	0
2024-08-26 23:57:20	60.29360552	48.5644788	47.98181	1	0	0	0	0
2024-08-26 23:57:30	60.3196335	48.54104	47.98181	1	0	0	0	0
2024-08-26 23:57:40	60.65085041975309	48.318386790123455	47.98181	1	0	0	0	0
2024-08-26 23:57:50	61.439524932	47.891838039999996	47.98181	1	0	0	0	0
2024-08-26 23:58:00	62.144515882	47.60295954	47.98181	1	0	0	0	0
2024-08-26 23:58:10	62.618662568	47.400418424	47.98181	1	0	0	0	0
2024-08-26 23:58:20	62.911431618	47.265713824	47.98181	1	0	0	0	0
2024-08-26 23:58:30	62.8526332	47.302595520000004	47.98181	1	0	0	0	0
2024-08-26 23:58:40	62.5176032	47.47429502	47.98181	1	0	0	0	0
2024-08-26 23:58:50	62.129130188	47.694294716	47.98181	1	0	0	0	0
2024-08-26 23:59:00	61.698666238	47.952244566	47.98181	1	0	0	0	0
2024-08-26 23:59:10	61.210907512	48.1886842	47.98181	1	0	0	0	0
2024-08-26 23:59:20	60.678131462	48.40822295	47.98181	1	0	0	0	0
2024-08-26 23:59:30	60.347704692	48.555186400000004	47.98181	1	0	0	0	0
2024-08-26 23:59:40	60.176266642	48.6451264	47.98181	1	0	0	0	0
2024-08-26 23:59:50	60.296463208	48.576937856	47.98181	1	0	0	0	0
2024-08-27 00:00:00	60.645801258	48.384505456	47.98181	1	0	0	0	0
