PROCESSDATA	2111LIC31102B Data	yyyy-MM-dd HH:mm:ss
8	10	2024-08-25 21:55:00	751
tagname	2111LIC31102B.MV	2111LIC31102B.PV	2111LIC31102B.SV	2111LIC31102B.MODE	bOpOFL	bPvOFL	bSpOFL	bAutOFL
desc	C301中段_OP	C301中段_PV	C301中段_SP	Aut	bOpOFL	bPvOFL	bSpOFL	bAutOFL
fsMax=2.1712947780000036	fsMin=0	fsGridNum=10	fdMax=2.1712947780000036tfdMin=0	fdGridNum=10	v0GridNum=10	L=24
2024-08-25 21:55:00	60.220901175	48.5987360955	47.98181	1	0	0	0	0
2024-08-25 21:55:10	60.329043675	48.485832145500005	47.98181	1	0	0	0	0
2024-08-25 21:55:20	60.7792306275	48.2611258445	47.98181	1	0	0	0	0
2024-08-25 21:55:30	61.369125877500004	47.9907537945	47.98181	1	0	0	0	0
2024-08-25 21:55:40	61.8540869238806	47.721064164179104	47.98181	1	0	0	0	0
2024-08-25 21:55:50	62.29618752089553	47.45165326865671	47.98181	1	0	0	0	0
2024-08-25 21:56:00	62.4288177	47.37083	47.98181	1	0	0	0	0
2024-08-25 21:56:10	62.67142364901961	47.33103588235294	47.98181	1	0	0	0	0
2024-08-25 21:56:20	62.816540248	47.415548159	47.98181	1	0	0	0	0
2024-08-25 21:56:30	62.570509048000005	47.608461059	47.98181	1	0	0	0	0
2024-08-25 21:56:40	62.1220621375	47.8240355615	47.98181	1	0	0	0	0
2024-08-25 21:56:50	61.590938387499996	48.0488662115	47.98181	1	0	0	0	0
2024-08-25 21:57:00	61.156286136	48.2674671795	47.98181	1	0	0	0	0
2024-08-25 21:57:10	60.761037736	48.4835236295	47.98181	1	0	0	0	0
2024-08-25 21:57:20	60.462699863	48.5930826	47.98181	1	0	0	0	0
2024-08-25 21:57:30	60.203945163	48.6591426	47.98181	1	0	0	0	0
2024-08-25 21:57:40	60.2818353655	48.5356468	47.98181	1	0	0	0	0
2024-08-25 21:57:50	60.497228415500004	48.3347268	47.98181	1	0	0	0	0
2024-08-25 21:58:00	61.01628985	48.0991304	47.98181	1	0	0	0	0
2024-08-25 21:58:10	61.65938485	47.849370400000005	47.98181	1	0	0	0	0
2024-08-25 21:58:20	62.150023396	47.594591694	47.98181	1	0	0	0	0
2024-08-25 21:58:30	62.578390996	47.337763093999996	47.98181	1	0	0	0	0
2024-08-25 21:58:40	62.784245803000005	47.286927432999995	47.98181	1	0	0	0	0
2024-08-25 21:58:50	62.899215103	47.320229733	47.98181	1	0	0	0	0
2024-08-25 21:59:00	62.6884923155	47.495336073	47.98181	1	0	0	0	0
2024-08-25 21:59:10	62.344740365499995	47.728362373	47.98181	1	0	0	0	0
2024-08-25 21:59:20	61.8401917335	47.9695137	47.98181	1	0	0	0	0
2024-08-25 21:59:30	61.269965583499996	48.2139837	47.98181	1	0	0	0	0
2024-08-25 21:59:40	60.85408715	48.41246345	47.98181	1	0	0	0	0
2024-08-25 21:59:50	60.50125215	48.59215845	47.98181	1	0	0	0	0
2024-08-25 22:00:00	60.33503923	48.63077858	47.98181	1	0	0	0	0
2024-08-25 22:00:10	60.24505223	48.61177658	47.98181	1	0	0	0	0
2024-08-25 22:00:20	60.46277142	48.4377512275	47.98181	1	0	0	0	0
2024-08-25 22:00:30	60.80617342	48.2004064775	47.98181	1	0	0	0	0
2024-08-25 22:00:40	61.3927277	47.9273107425	47.98181	1	0	0	0	0
2024-08-25 22:00:50	62.0785977	47.6396124925	47.98181	1	0	0	0	0
2024-08-25 22:01:00	62.521565269	47.4459287505	47.98181	1	0	0	0	0
2024-08-25 22:01:10	62.865319169	47.2906453005	47.98181	1	0	0	0	0
2024-08-25 22:01:20	62.850163383	47.335446489	47.98181	1	0	0	0	0
2024-08-25 22:01:30	62.688410683	47.461972389	47.98181	1	0	0	0	0
2024-08-25 22:01:40	62.400960648	47.6542143625	47.98181	1	0	0	0	0
2024-08-25 22:01:50	62.062169448	47.8732981125	47.98181	1	0	0	0	0
2024-08-25 22:02:00	61.58200745	48.091515698	47.98181	1	0	0	0	0
2024-08-25 22:02:10	61.04410245	48.309379498	47.98181	1	0	0	0	0
2024-08-25 22:02:20	60.684189622	48.47779265	47.98181	1	0	0	0	0
2024-08-25 22:02:30	60.396977822000004	48.62600765	47.98181	1	0	0	0	0
2024-08-25 22:02:40	60.32548163	48.620292733	47.98181	1	0	0	0	0
2024-08-25 22:02:50	60.34209463	48.551705033	47.98181	1	0	0	0	0
2024-08-25 22:03:00	60.59712847	48.359424044	47.98181	1	0	0	0	0
2024-08-25 22:03:10	60.94954547	48.116620444	47.98181	1	0	0	0	0
2024-08-25 22:03:20	61.521560997	47.854479923	47.98181	1	0	0	0	0
2024-08-25 22:03:30	62.183271697	47.584441223	47.98181	1	0	0	0	0
2024-08-25 22:03:40	62.6105416395	47.40539662	47.98181	1	0	0	0	0
2024-08-25 22:03:50	62.942054089500004	47.26351862	47.98181	1	0	0	0	0
2024-08-25 22:04:00	62.900252125	47.317580882	47.98181	1	0	0	0	0
2024-08-25 22:04:10	62.705969625	47.451675082	47.98181	1	0	0	0	0
2024-08-25 22:04:20	62.3959340145	47.653778123	47.98181	1	0	0	0	0
2024-08-25 22:04:30	62.0386189645	47.883659423	47.98181	1	0	0	0	0
2024-08-25 22:04:40	61.513805152	48.121041731	47.98181	1	0	0	0	0
2024-08-25 22:04:50	60.920576352	48.361487831	47.98181	1	0	0	0	0
2024-08-25 22:05:00	60.5747604	48.512873803	47.98181	1	0	0	0	0
2024-08-25 22:05:10	60.330000399999996	48.627883103	47.98181	1	0	0	0	0
2024-08-25 22:05:20	60.349135685	48.579802634	47.98181	1	0	0	0	0
2024-08-25 22:05:30	60.476059185	48.465108034000004	47.98181	1	0	0	0	0
2024-08-25 22:05:40	60.788681765	48.249306807	47.98181	1	0	0	0	0
2024-08-25 22:05:50	61.177153265	47.992208507	47.98181	1	0	0	0	0
2024-08-25 22:06:00	61.782628100000004	47.7240585955	47.98181	1	0	0	0	0
2024-08-25 22:06:10	62.4767381	47.451394645499995	47.98181	1	0	0	0	0
2024-08-25 22:06:20	62.795502268999996	47.3392602045	47.98181	1	0	0	0	0
2024-08-25 22:06:30	62.960956169	47.2926941545	47.98181	1	0	0	0	0
2024-08-25 22:06:40	62.746101799499996	47.4251092	47.98181	1	0	0	0	0
2024-08-25 22:06:50	62.3759102495	47.6306292	47.98181	1	0	0	0	0
2024-08-25 22:07:00	62.001671131500004	47.85787449	47.98181	1	0	0	0	0
2024-08-25 22:07:10	61.6257787815	48.093993489999995	47.98181	1	0	0	0	0
2024-08-25 22:07:20	61.165844619000005	48.2938026995	47.98181	1	0	0	0	0
2024-08-25 22:07:30	60.671583519	48.4787811495	47.98181	1	0	0	0	0
2024-08-25 22:07:40	60.432877831	48.5576079255	47.98181	1	0	0	0	0
2024-08-25 22:07:50	60.298553931	48.593076975500004	47.98181	1	0	0	0	0
2024-08-25 22:08:00	60.470403473	48.484965139500005	47.98181	1	0	0	0	0
2024-08-25 22:08:10	60.767309773	48.318207589500005	47.98181	1	0	0	0	0
2024-08-25 22:08:20	61.135839027	48.0828275455	47.98181	1	0	0	0	0
2024-08-25 22:08:30	61.533622727	47.8194185955	47.98181	1	0	0	0	0
2024-08-25 22:08:40	62.039159577	47.609912099999995	47.98181	1	0	0	0	0
2024-08-25 22:08:50	62.588708277	47.4224221	47.98181	1	0	0	0	0
2024-08-25 22:09:00	62.709633882	47.425292649499994	47.98181	1	0	0	0	0
2024-08-25 22:09:10	62.655488082	47.5059160995	47.98181	1	0	0	0	0
2024-08-25 22:09:20	62.355364841	47.652766326	47.98181	1	0	0	0	0
2024-08-25 22:09:30	61.954771941	47.826666926	47.98181	1	0	0	0	0
2024-08-25 22:09:40	61.63733488	48.0169261745	47.98181	1	0	0	0	0
2024-08-25 22:09:50	61.35386288	48.2138671245	47.98181	1	0	0	0	0
2024-08-25 22:10:00	60.9719433095	48.372273073	47.98181	1	0	0	0	0
2024-08-25 22:10:10	60.5498127595	48.514939373	47.98181	1	0	0	0	0
2024-08-25 22:10:20	60.428903472500004	48.5257018375	47.98181	1	0	0	0	0
2024-08-25 22:10:30	60.431028222500004	48.4825880875	47.98181	1	0	0	0	0
2024-08-25 22:10:40	60.769290438	48.3071077595	47.98181	1	0	0	0	0
2024-08-25 22:10:50	61.244848237999996	48.077562209499995	47.98181	1	0	0	0	0
2024-08-25 22:11:00	61.646145149999995	47.8429017485	47.98181	1	0	0	0	0
2024-08-25 22:11:10	62.01711015	47.606152098500004	47.98181	1	0	0	0	0
2024-08-25 22:11:20	62.43651845	47.441232829	47.98181	1	0	0	0	0
2024-08-25 22:11:30	62.87571345	47.305652729	47.98181	1	0	0	0	0
2024-08-25 22:11:40	62.8880522255	47.359149889	47.98181	1	0	0	0	0
2024-08-25 22:11:50	62.7260412755	47.489875789	47.98181	1	0	0	0	0
2024-08-25 22:12:00	62.3232635745	47.694247113500005	47.98181	1	0	0	0	0
2024-08-25 22:12:10	61.8221445245	47.928698963500004	47.98181	1	0	0	0	0
2024-08-25 22:12:20	61.3896807705	48.1672107	47.98181	1	0	0	0	0
2024-08-25 22:12:30	60.9852593205	48.4073807	47.98181	1	0	0	0	0
2024-08-25 22:12:40	60.62273103	48.5476056685	47.98181	1	0	0	0	0
2024-08-25 22:12:50	60.27731403	48.6470080185	47.98181	1	0	0	0	0
2024-08-25 22:13:00	60.227102889	48.6072257315	47.98181	1	0	0	0	0
2024-08-25 22:13:10	60.297468789	48.5105933815	47.98181	1	0	0	0	0
2024-08-25 22:13:20	60.707404755999995	48.30054375	47.98181	1	0	0	0	0
2024-08-25 22:13:30	61.256038356	48.04416875	47.98181	1	0	0	0	0
2024-08-25 22:13:40	61.7278634105	47.7888362785	47.98181	1	0	0	0	0
2024-08-25 22:13:50	62.168315960499996	47.5339296285	47.98181	1	0	0	0	0
2024-08-25 22:14:00	62.599633544	47.370771521500004	47.98181	1	0	0	0	0
2024-08-25 22:14:10	63.027219944	47.2450881715	47.98181	1	0	0	0	0
2024-08-25 22:14:20	62.96702825	47.3227535075	47.98181	1	0	0	0	0
2024-08-25 22:14:30	62.70760325	47.4834767575	47.98181	1	0	0	0	0
2024-08-25 22:14:40	62.358395200000004	47.6645901425	47.98181	1	0	0	0	0
2024-08-25 22:14:50	61.972515200000004	47.8540318925	47.98181	1	0	0	0	0
2024-08-25 22:15:00	61.588323224999996	48.08559315	47.98181	1	0	0	0	0
2024-08-25 22:15:10	61.204820725	48.33435815	47.98181	1	0	0	0	0
2024-08-25 22:15:20	60.818654163	48.476418883	47.98181	1	0	0	0	0
2024-08-25 22:15:30	60.431399463	48.574896183	47.98181	1	0	0	0	0
2024-08-25 22:15:40	60.37976859701492	48.47951201940298	47.98181	1	0	0	0	0
2024-08-25 22:15:50	60.46522352238806	48.30494500447761	47.98181	1	0	0	0	0
2024-08-25 22:16:00	61.10448914572864	48.01995659849246	47.98181	1	0	0	0	0
2024-08-25 22:16:10	61.98110221105528	47.68764473919598	47.98181	1	0	0	0	0
2024-08-25 22:16:20	62.512289012000004	47.438731155	47.98181	1	0	0	0	0
2024-08-25 22:16:30	62.902386212	47.223881655	47.98181	1	0	0	0	0
2024-08-25 22:16:40	63.0099986585	47.218316618500005	47.98181	1	0	0	0	0
2024-08-25 22:16:50	63.0022300085	47.2982339685	47.98181	1	0	0	0	0
2024-08-25 22:17:00	62.7244803795	47.517414446	47.98181	1	0	0	0	0
2024-08-25 22:17:10	62.3364568295	47.793477046	47.98181	1	0	0	0	0
2024-08-25 22:17:20	61.73416691343284	48.0658313880597	47.98181	1	0	0	0	0
2024-08-25 22:17:30	61.044359749253736	48.33667108955224	47.98181	1	0	0	0	0
2024-08-25 22:17:40	60.60217194170855	48.53849430653266	47.98181	1	0	0	0	0
2024-08-25 22:17:50	60.26610671557789	48.71073903015075	47.98181	1	0	0	0	0
2024-08-25 22:18:00	60.151427531	48.729485499999996	47.98181	1	0	0	0	0
2024-08-25 22:18:10	60.127173631	48.6855355	47.98181	1	0	0	0	0
2024-08-25 22:18:20	60.348053549999996	48.517087	47.98181	1	0	0	0	0
2024-08-25 22:18:30	60.669058549999995	48.297787	47.98181	1	0	0	0	0
2024-08-25 22:18:40	61.2059473215	48.0370443	47.98181	1	0	0	0	0
2024-08-25 22:18:50	61.8310139715	47.7593743	47.98181	1	0	0	0	0
2024-08-25 22:19:00	62.2804712095	47.54920471	47.98181	1	0	0	0	0
2024-08-25 22:19:10	62.658200659500004	47.366605709999995	47.98181	1	0	0	0	0
2024-08-25 22:19:20	62.7605539825	47.3623226065	47.98181	1	0	0	0	0
2024-08-25 22:19:30	62.7504297325	47.4308727565	47.98181	1	0	0	0	0
2024-08-25 22:19:40	62.51683610597015	47.602467784577115	47.98181	1	0	0	0	0
2024-08-25 22:19:50	62.19196625522388	47.81615156567164	47.98181	1	0	0	0	0
2024-08-25 22:20:00	61.6591034356784	48.067975242713565	47.98181	1	0	0	0	0
2024-08-25 22:20:10	61.03710077236181	48.33614458944724	47.98181	1	0	0	0	0
2024-08-25 22:20:20	60.606146800000005	48.527723505000004	47.98181	1	0	0	0	0
2024-08-25 22:20:30	60.2532268	48.688019005	47.98181	1	0	0	0	0
2024-08-25 22:20:40	60.178550333000004	48.6867164815	47.98181	1	0	0	0	0
2024-08-25 22:20:50	60.217522633	48.6194091315	47.98181	1	0	0	0	0
2024-08-25 22:21:00	60.4791381885	48.417734778500005	47.98181	1	0	0	0	0
2024-08-25 22:21:10	60.8316925385	48.161178128500005	47.98181	1	0	0	0	0
2024-08-25 22:21:20	61.4393243285	47.8801394715	47.98181	1	0	0	0	0
2024-08-25 22:21:30	62.1511426785	47.5891011215	47.98181	1	0	0	0	0
2024-08-25 22:21:40	62.58987135	47.4186835	47.98181	1	0	0	0	0
2024-08-25 22:21:50	62.91705635	47.2975335	47.98181	1	0	0	0	0
2024-08-25 22:22:00	62.805259	47.3846904	47.98181	1	0	0	0	0
2024-08-25 22:22:10	62.514159	47.5569304	47.98181	1	0	0	0	0
2024-08-25 22:22:20	62.164047350000004	47.7824701	47.98181	1	0	0	0	0
2024-08-25 22:22:30	61.789832350000005	48.0297801	47.98181	1	0	0	0	0
2024-08-25 22:22:40	61.261041688000006	48.2671578745	47.98181	1	0	0	0	0
2024-08-25 22:22:50	60.669114488000005	48.5004788245	47.98181	1	0	0	0	0
2024-08-25 22:23:00	60.3666761205	48.6021928255	47.98181	1	0	0	0	0
2024-08-25 22:23:10	60.1824796705	48.6501518755	47.98181	1	0	0	0	0
2024-08-25 22:23:20	60.3644231915	48.53531002	47.98181	1	0	0	0	0
2024-08-25 22:23:30	60.6959168415	48.35397202	47.98181	1	0	0	0	0
2024-08-25 22:23:40	61.096190783000004	48.097667676	47.98181	1	0	0	0	0
2024-08-25 22:23:50	61.524558083	47.810743276	47.98181	1	0	0	0	0
2024-08-25 22:24:00	62.1081270875	47.557863944	47.98181	1	0	0	0	0
2024-08-25 22:24:10	62.7550883375	47.318890344	47.98181	1	0	0	0	0
2024-08-25 22:24:20	62.9311741795	47.29826986	47.98181	1	0	0	0	0
2024-08-25 22:24:30	62.9149306295	47.366835859999995	47.98181	1	0	0	0	0
2024-08-25 22:24:40	62.5857003	47.539062250499995	47.98181	1	0	0	0	0
2024-08-25 22:24:50	62.1286303	47.753628800499996	47.98181	1	0	0	0	0
2024-08-25 22:25:00	61.72839935	47.9920896195	47.98181	1	0	0	0	0
2024-08-25 22:25:10	61.35138435	48.2403100695	47.98181	1	0	0	0	0
2024-08-25 22:25:20	60.8596085	48.446524044	47.98181	1	0	0	0	0
2024-08-25 22:25:30	60.320958499999996	48.635580444	47.98181	1	0	0	0	0
2024-08-25 22:25:40	60.1396100005	48.666921136	47.98181	1	0	0	0	0
2024-08-25 22:25:50	60.1042015505	48.633842736000005	47.98181	1	0	0	0	0
2024-08-25 22:26:00	60.0939331	48.62425	47.98181	1	0	0	0	0
2024-08-25 22:26:10	60.535238398000004	48.403679818	47.98181	1	0	0	0	0
2024-08-25 22:26:20	61.475543075000004	47.899651354999996	47.98181	1	0	0	0	0
2024-08-25 22:26:30	61.941575575	47.618761854999995	47.98181	1	0	0	0	0
2024-08-25 22:26:40	62.463566725	47.411807210999996	47.98181	1	0	0	0	0
2024-08-25 22:26:50	63.008414225	47.235051311	47.98181	1	0	0	0	0
2024-08-25 22:27:00	63.055570504500004	47.2831998035	47.98181	1	0	0	0	0
2024-08-25 22:27:10	62.8994444545	47.4232106535	47.98181	1	0	0	0	0
2024-08-25 22:27:20	62.4466002455	47.651550650999994	47.98181	1	0	0	0	0
2024-08-25 22:27:30	61.872561295500006	47.915968750999994	47.98181	1	0	0	0	0
2024-08-25 22:27:40	61.405882652500004	48.1687494185	47.98181	1	0	0	0	0
2024-08-25 22:27:50	60.9830554025	48.4167767685	47.98181	1	0	0	0	0
2024-08-25 22:28:00	60.574270355	48.5755086965	47.98181	1	0	0	0	0
2024-08-25 22:28:10	60.171220855	48.6977678465	47.98181	1	0	0	0	0
2024-08-25 22:28:20	60.0925783425	48.669127856500005	47.98181	1	0	0	0	0
2024-08-25 22:28:30	60.146440092499994	48.578853006500005	47.98181	1	0	0	0	0
2024-08-25 22:28:40	60.587132562499995	48.3504453135	47.98181	1	0	0	0	0
2024-08-25 22:28:50	61.1858263125	48.0656171635	47.98181	1	0	0	0	0
2024-08-25 22:29:00	61.700587093	47.790647115	47.98181	1	0	0	0	0
2024-08-25 22:29:10	62.181065393	47.519703615	47.98181	1	0	0	0	0
2024-08-25 22:29:20	62.5522650725	47.38969405	47.98181	1	0	0	0	0
2024-08-25 22:29:30	62.8788298225	47.31724905	47.98181	1	0	0	0	0
2024-08-25 22:29:40	62.808618049751246	47.42290258706468	47.98181	1	0	0	0	0
2024-08-25 22:29:50	62.57634262686567	47.60130059701493	47.98181	1	0	0	0	0
2024-08-25 22:30:00	62.133348944723615	47.81229034673367	47.98181	1	0	0	0	0
2024-08-25 22:30:10	61.600047437185935	48.037247984924626	47.98181	1	0	0	0	0
2024-08-25 22:30:20	61.175751312	48.249082453	47.98181	1	0	0	0	0
2024-08-25 22:30:30	60.795978512	48.455556753	47.98181	1	0	0	0	0
2024-08-25 22:30:40	60.465032838	48.5908560735	47.98181	1	0	0	0	0
2024-08-25 22:30:50	60.154030638	48.6970839235	47.98181	1	0	0	0	0
2024-08-25 22:31:00	60.1329656	48.6264320295	47.98181	1	0	0	0	0
2024-08-25 22:31:10	60.2303256	48.4835334795	47.98181	1	0	0	0	0
2024-08-25 22:31:20	60.743239938	48.237630437	47.98181	1	0	0	0	0
2024-08-25 22:31:30	61.425887738	47.949655137	47.98181	1	0	0	0	0
2024-08-25 22:31:40	61.939198692	47.6702276335	47.98181	1	0	0	0	0
2024-08-25 22:31:50	62.383343892	47.3942914835	47.98181	1	0	0	0	0
2024-08-25 22:32:00	62.69498307	47.295069896	47.98181	1	0	0	0	0
2024-08-25 22:32:10	62.95250007	47.268027496	47.98181	1	0	0	0	0
2024-08-25 22:32:20	62.842482233	47.393470021	47.98181	1	0	0	0	0
2024-08-25 22:32:30	62.582344533	47.581195121	47.98181	1	0	0	0	0
2024-08-25 22:32:40	62.086330917	47.813362884	47.98181	1	0	0	0	0
2024-08-25 22:32:50	61.493973617	48.063683284	47.98181	1	0	0	0	0
2024-08-25 22:33:00	61.0623158	48.288474001	47.98181	1	0	0	0	0
2024-08-25 22:33:10	60.6962958	48.502837101	47.98181	1	0	0	0	0
2024-08-25 22:33:20	60.431953977	48.595730348	47.98181	1	0	0	0	0
2024-08-25 22:33:30	60.209142677	48.639009148	47.98181	1	0	0	0	0
2024-08-25 22:33:40	60.2978722415	48.52435285	47.98181	1	0	0	0	0
2024-08-25 22:33:50	60.5138508915	48.34518785	47.98181	1	0	0	0	0
2024-08-25 22:34:00	61.0441813315	48.09747945	47.98181	1	0	0	0	0
2024-08-25 22:34:10	61.7029089815	47.82177445	47.98181	1	0	0	0	0
2024-08-25 22:34:20	62.198564435	47.5722778575	47.98181	1	0	0	0	0
2024-08-25 22:34:30	62.627612935	47.3334861075	47.98181	1	0	0	0	0
2024-08-25 22:34:40	62.761027659	47.3143723335	47.98181	1	0	0	0	0
2024-08-25 22:34:50	62.773690559	47.3849861835	47.98181	1	0	0	0	0
2024-08-25 22:35:00	62.533319256999995	47.572534016	47.98181	1	0	0	0	0
2024-08-25 22:35:10	62.189595956999995	47.807843616	47.98181	1	0	0	0	0
2024-08-25 22:35:20	61.6868591045	48.045753307	47.98181	1	0	0	0	0
2024-08-25 22:35:30	61.1191730545	48.284725007	47.98181	1	0	0	0	0
2024-08-25 22:35:40	60.7285780445	48.452181886	47.98181	1	0	0	0	0
2024-08-25 22:35:50	60.410315994499996	48.590428486	47.98181	1	0	0	0	0
2024-08-25 22:36:00	60.3231443185	48.593266299999996	47.98181	1	0	0	0	0
2024-08-25 22:36:10	60.3303616685	48.5407963	47.98181	1	0	0	0	0
2024-08-25 22:36:20	60.619149327500004	48.3346033125	47.98181	1	0	0	0	0
2024-08-25 22:36:30	61.022944577500006	48.0656220625	47.98181	1	0	0	0	0
2024-08-25 22:36:40	61.626865504	47.792825485499996	47.98181	1	0	0	0	0
2024-08-25 22:36:50	62.312527904	47.5184705355	47.98181	1	0	0	0	0
2024-08-25 22:37:00	62.7248697335	47.3626204785	47.98181	1	0	0	0	0
2024-08-25 22:37:10	63.025573583500005	47.2551738285	47.98181	1	0	0	0	0
2024-08-25 22:37:20	62.8910881165	47.3437365235	47.98181	1	0	0	0	0
2024-08-25 22:37:30	62.5788492665	47.5123593735	47.98181	1	0	0	0	0
2024-08-25 22:37:40	62.2222275	47.7306631955	47.98181	1	0	0	0	0
2024-08-25 22:37:50	61.8474775	47.9692592455	47.98181	1	0	0	0	0
2024-08-25 22:38:00	61.319462498	48.2136722545	47.98181	1	0	0	0	0
2024-08-25 22:38:10	60.728846298	48.4604612045	47.98181	1	0	0	0	0
2024-08-25 22:38:20	60.375701952	48.6014167735	47.98181	1	0	0	0	0
2024-08-25 22:38:30	60.119553152	48.699144623500004	47.98181	1	0	0	0	0
2024-08-25 22:38:40	60.215149463500005	48.6172090325	47.98181	1	0	0	0	0
2024-08-25 22:38:50	60.454416313500005	48.4618897825	47.98181	1	0	0	0	0
2024-08-25 22:39:00	60.827328558000005	48.2234460045	47.98181	1	0	0	0	0
2024-08-25 22:39:10	61.254828358000005	47.9510499545	47.98181	1	0	0	0	0
2024-08-25 22:39:20	61.841959233	47.686451444	47.98181	1	0	0	0	0
2024-08-25 22:39:30	62.494291532999995	47.425037844	47.98181	1	0	0	0	0
2024-08-25 22:39:40	62.8547596955	47.311990991500004	47.98181	1	0	0	0	0
2024-08-25 22:39:50	63.0960157455	47.2595446415	47.98181	1	0	0	0	0
2024-08-25 22:40:00	62.897684241499995	47.369648354	47.98181	1	0	0	0	0
2024-08-25 22:40:10	62.5198028915	47.546145754	47.98181	1	0	0	0	0
2024-08-25 22:40:20	62.1219369585	47.779103277	47.98181	1	0	0	0	0
2024-08-25 22:40:30	61.7159083085	48.035121976999996	47.98181	1	0	0	0	0
2024-08-25 22:40:40	61.1705427265	48.285494473	47.98181	1	0	0	0	0
2024-08-25 22:40:50	60.5682648765	48.533560773	47.98181	1	0	0	0	0
2024-08-25 22:41:00	60.232009578	48.66556742	47.98181	1	0	0	0	0
2024-08-25 22:41:10	60.004411378	48.75016942	47.98181	1	0	0	0	0
2024-08-25 22:41:20	60.1754527955	48.636164824	47.98181	1	0	0	0	0
2024-08-25 22:41:30	60.509318845500005	48.441039224	47.98181	1	0	0	0	0
2024-08-25 22:41:40	60.9340651795	48.162851363	47.98181	1	0	0	0	0
2024-08-25 22:41:50	61.3959316295	47.850736663	47.98181	1	0	0	0	0
2024-08-25 22:42:00	62.0418334875	47.57192217	47.98181	1	0	0	0	0
2024-08-25 22:42:10	62.762904737499994	47.306709170000005	47.98181	1	0	0	0	0
2024-08-25 22:42:20	63.012217232999994	47.25062525	47.98181	1	0	0	0	0
2024-08-25 22:42:30	63.068839532999995	47.27996025	47.98181	1	0	0	0	0
2024-08-25 22:42:40	62.7375162	47.464624009000005	47.98181	1	0	0	0	0
2024-08-25 22:42:50	62.2477362	47.712731909000006	47.98181	1	0	0	0	0
2024-08-25 22:43:00	61.8008498915	47.968775550000004	47.98181	1	0	0	0	0
2024-08-25 22:43:10	61.3714835415	48.22806055	47.98181	1	0	0	0	0
2024-08-25 22:43:20	60.865592575	48.438534115	47.98181	1	0	0	0	0
2024-08-25 22:43:30	60.328445075000005	48.629070615	47.98181	1	0	0	0	0
2024-08-25 22:43:40	60.1271640335	48.677918024	47.98181	1	0	0	0	0
2024-08-25 22:43:50	60.0630678835	48.668892424	47.98181	1	0	0	0	0
2024-08-25 22:44:00	60.349634449999996	48.508748365	47.98181	1	0	0	0	0
2024-08-25 22:44:10	60.779429449999995	48.286879865	47.98181	1	0	0	0	0
2024-08-25 22:44:20	61.2341868785	48.02076381	47.98181	1	0	0	0	0
2024-08-25 22:44:30	61.6991402285	47.73657481	47.98181	1	0	0	0	0
2024-08-25 22:44:40	62.242836661	47.508345809	47.98181	1	0	0	0	0
2024-08-25 22:44:50	62.818695761	47.302973709	47.98181	1	0	0	0	0
2024-08-25 22:45:00	62.953471301499995	47.295622242	47.98181	1	0	0	0	0
2024-08-25 22:45:10	62.9080859515	47.369152442	47.98181	1	0	0	0	0
2024-08-25 22:45:20	62.541528942	47.559258749	47.98181	1	0	0	0	0
2024-08-25 22:45:30	62.043789142	47.796980649000005	47.98181	1	0	0	0	0
2024-08-25 22:45:40	61.602846573	48.07203655	47.98181	1	0	0	0	0
2024-08-25 22:45:50	61.185102873	48.362341550000004	47.98181	1	0	0	0	0
2024-08-25 22:46:00	60.689555313999996	48.55673975	47.98181	1	0	0	0	0
2024-08-25 22:46:10	60.162228714	48.71196475	47.98181	1	0	0	0	0
2024-08-25 22:46:20	60.008712215	48.722748415	47.98181	1	0	0	0	0
2024-08-25 22:46:30	60.007878715000004	48.674534915	47.98181	1	0	0	0	0
2024-08-25 22:46:40	60.3866594595	48.471409426	47.98181	1	0	0	0	0
2024-08-25 22:46:50	60.920493909499996	48.205010026	47.98181	1	0	0	0	0
2024-08-25 22:47:00	61.4001664355	47.910577909	47.98181	1	0	0	0	0
2024-08-25 22:47:10	61.8577164855	47.604695809	47.98181	1	0	0	0	0
2024-08-25 22:47:20	62.33583662	47.424839419	47.98181	1	0	0	0	0
2024-08-25 22:47:30	62.82235862	47.296458318999996	47.98181	1	0	0	0	0
2024-08-25 22:47:40	62.8274353	47.370684381	47.98181	1	0	0	0	0
2024-08-25 22:47:50	62.6358653	47.527665481	47.98181	1	0	0	0	0
2024-08-25 22:48:00	62.1906003365	47.750968533	47.98181	1	0	0	0	0
2024-08-25 22:48:10	61.6417134865	48.001360833	47.98181	1	0	0	0	0
2024-08-25 22:48:20	61.197233805	48.2285206195	47.98181	1	0	0	0	0
2024-08-25 22:48:30	60.795399305000004	48.4461910695	47.98181	1	0	0	0	0
2024-08-25 22:48:40	60.4713459085	48.5684707475	47.98181	1	0	0	0	0
2024-08-25 22:48:50	60.1790622585	48.6517879975	47.98181	1	0	0	0	0
2024-08-25 22:49:00	60.2495188155	48.551105729999996	47.98181	1	0	0	0	0
2024-08-25 22:49:10	60.4681368655	48.375268729999995	47.98181	1	0	0	0	0
2024-08-25 22:49:20	60.9386408345	48.1469208755	47.98181	1	0	0	0	0
2024-08-25 22:49:30	61.5120277845	47.8971249255	47.98181	1	0	0	0	0
2024-08-25 22:49:40	61.97303455	47.6581722375	47.98181	1	0	0	0	0
2024-08-25 22:49:50	62.38813955	47.423648487499996	47.98181	1	0	0	0	0
2024-08-25 22:50:00	62.554986624499996	47.389161593	47.98181	1	0	0	0	0
2024-08-25 22:50:10	62.6204325745	47.436379893	47.98181	1	0	0	0	0
2024-08-25 22:50:20	62.436505437499996	47.5879569395	47.98181	1	0	0	0	0
2024-08-25 22:50:30	62.150721687499995	47.7821593895	47.98181	1	0	0	0	0
2024-08-25 22:50:40	61.704942525999996	47.989497727	47.98181	1	0	0	0	0
2024-08-25 22:50:50	61.193813126	48.202201427	47.98181	1	0	0	0	0
2024-08-25 22:51:00	60.810612662000004	48.3961546305	47.98181	1	0	0	0	0
2024-08-25 22:51:10	60.479664862	48.5824491805	47.98181	1	0	0	0	0
2024-08-25 22:51:20	60.31692702740385	48.61403887307692	47.98181	1	0	0	0	0
2024-08-25 22:51:30	60.22289467163462	48.58243925769231	47.98181	1	0	0	0	0
2024-08-25 22:51:40	60.3950395875	48.430478096875	47.98181	1	0	0	0	0
2024-08-25 22:51:50	60.7235108375	48.207828409375	47.98181	1	0	0	0	0
2024-08-25 22:52:00	61.2773325375	47.950012199999996	47.98181	1	0	0	0	0
2024-08-25 22:52:10	61.9231987875	47.6778322	47.98181	1	0	0	0	0
2024-08-25 22:52:20	62.373177706	47.478174156	47.98181	1	0	0	0	0
2024-08-25 22:52:30	62.743146306	47.308137756	47.98181	1	0	0	0	0
2024-08-25 22:52:40	62.742399056000004	47.35041294	47.98181	1	0	0	0	0
2024-08-25 22:52:50	62.590232656	47.479406940000004	47.98181	1	0	0	0	0
2024-08-25 22:53:00	62.305413902999994	47.673162454	47.98181	1	0	0	0	0
2024-08-25 22:53:10	61.966413202999995	47.893369854	47.98181	1	0	0	0	0
2024-08-25 22:53:20	61.456840682999996	48.130339502	47.98181	1	0	0	0	0
2024-08-25 22:53:30	60.877597983	48.374155701999996	47.98181	1	0	0	0	0
2024-08-25 22:53:40	60.490261467	48.547857698	47.98181	1	0	0	0	0
2024-08-25 22:53:50	60.181309167	48.692921498000004	47.98181	1	0	0	0	0
2024-08-25 22:54:00	60.151354065	48.66639335	47.98181	1	0	0	0	0
2024-08-25 22:54:10	60.235355565	48.56977835	47.98181	1	0	0	0	0
2024-08-25 22:54:20	60.5632936465	48.338497649999994	47.98181	1	0	0	0	0
2024-08-25 22:54:30	60.9908677965	48.052212649999994	47.98181	1	0	0	0	0
2024-08-25 22:54:40	61.612622473500004	47.7676047765	47.98181	1	0	0	0	0
2024-08-25 22:54:50	62.313690323500005	47.4836819265	47.98181	1	0	0	0	0
2024-08-25 22:55:00	62.6964751845	47.3486252735	47.98181	1	0	0	0	0
2024-08-25 22:55:10	62.9492571345	47.2743731235	47.98181	1	0	0	0	0
2024-08-25 22:55:20	62.7461772655	47.3983608545	47.98181	1	0	0	0	0
2024-08-25 22:55:30	62.356900315500006	47.6033198045	47.98181	1	0	0	0	0
2024-08-25 22:55:40	61.9593267315	47.8391420285	47.98181	1	0	0	0	0
2024-08-25 22:55:50	61.5583643815	48.0875703785	47.98181	1	0	0	0	0
2024-08-25 22:56:00	61.4420853	48.1596146	47.98181	1	0	0	0	0
2024-08-25 22:56:10	60.871965126666666	48.387995733333334	47.98181	1	0	0	0	0
2024-08-25 22:56:20	60.242283805	48.6243947985	47.98181	1	0	0	0	0
2024-08-25 22:56:30	60.106589305	48.656440148499996	47.98181	1	0	0	0	0
2024-08-25 22:56:40	60.3687165025	48.4936041305	47.98181	1	0	0	0	0
2024-08-25 22:56:50	60.7933342525	48.2511686805	47.98181	1	0	0	0	0
2024-08-25 22:57:00	61.2440613295	47.969555714500004	47.98181	1	0	0	0	0
2024-08-25 22:57:10	61.7054527795	47.6719406645	47.98181	1	0	0	0	0
2024-08-25 22:57:20	62.2217914135	47.4715309335	47.98181	1	0	0	0	0
2024-08-25 22:57:30	62.7605732635	47.3108247835	47.98181	1	0	0	0	0
2024-08-25 22:57:40	62.873653136	47.318015351	47.98181	1	0	0	0	0
2024-08-25 22:57:50	62.812854736000006	47.393783451	47.98181	1	0	0	0	0
2024-08-25 22:58:00	62.461424829500004	47.576910792999996	47.98181	1	0	0	0	0
2024-08-25 22:58:10	61.9912862795	47.803889093	47.98181	1	0	0	0	0
2024-08-25 22:58:20	61.5701649935	48.037936437	47.98181	1	0	0	0	0
2024-08-25 22:58:30	61.169064843499996	48.274871137	47.98181	1	0	0	0	0
2024-08-25 22:58:40	60.770251632673265	48.44497954950495	47.98181	1	0	0	0	0
2024-08-25 22:58:50	60.37237252376237	48.587792717821785	47.98181	1	0	0	0	0
2024-08-25 22:59:00	60.24533257575757	48.58843508939394	47.98181	1	0	0	0	0
2024-08-25 22:59:10	60.239973989898985	48.525203624747476	47.98181	1	0	0	0	0
2024-08-25 22:59:20	60.598195815	48.3364734225	47.98181	1	0	0	0	0
2024-08-25 22:59:30	61.104922315	48.0964831725	47.98181	1	0	0	0	0
2024-08-25 22:59:40	61.563952435000004	47.84248267	47.98181	1	0	0	0	0
2024-08-25 22:59:50	62.003500935	47.58275967	47.98181	1	0	0	0	0
2024-08-25 23:00:00	62.4277792875	47.4173836	47.98181	1	0	0	0	0
2024-08-25 23:00:10	62.8458205375	47.2905436	47.98181	1	0	0	0	0
2024-08-25 23:00:20	62.850076521	47.3523664685	47.98181	1	0	0	0	0
2024-08-25 23:00:30	62.685321621	47.4912488185	47.98181	1	0	0	0	0
2024-08-25 23:00:40	62.251345584	47.707594618	47.98181	1	0	0	0	0
2024-08-25 23:00:50	61.707405984	47.955580418000004	47.98181	1	0	0	0	0
2024-08-25 23:01:00	61.3017586575	48.1768638635	47.98181	1	0	0	0	0
2024-08-25 23:01:10	60.9525969075	48.3872407135	47.98181	1	0	0	0	0
2024-08-25 23:01:20	60.607244094500004	48.516594600000005	47.98181	1	0	0	0	0
2024-08-25 23:01:30	60.263447044500005	48.612854600000006	47.98181	1	0	0	0	0
2024-08-25 23:01:40	60.2198714355	48.561273359000005	47.98181	1	0	0	0	0
2024-08-25 23:01:50	60.2989214855	48.449306259000004	47.98181	1	0	0	0	0
2024-08-25 23:02:00	60.718895821	48.2544732485	47.98181	1	0	0	0	0
2024-08-25 23:02:10	61.278120920999996	48.0257935985	47.98181	1	0	0	0	0
2024-08-25 23:02:20	61.750755699	47.767161356	47.98181	1	0	0	0	0
2024-08-25 23:02:30	62.188022599	47.496294956	47.98181	1	0	0	0	0
2024-08-25 23:02:40	62.5142122	47.380670624000004	47.98181	1	0	0	0	0
2024-08-25 23:02:50	62.7950322	47.328455024	47.98181	1	0	0	0	0
2024-08-25 23:03:00	62.71631885	47.439554014500004	47.98181	1	0	0	0	0
2024-08-25 23:03:10	62.49075385	47.6173589645	47.98181	1	0	0	0	0
2024-08-25 23:03:20	62.0591875685	47.824691998	47.98181	1	0	0	0	0
2024-08-25 23:03:30	61.5434799185	48.044085798	47.98181	1	0	0	0	0
2024-08-25 23:03:40	61.1459972795	48.2471313865	47.98181	1	0	0	0	0
2024-08-25 23:03:50	60.7968037295	48.4434995365	47.98181	1	0	0	0	0
2024-08-25 23:04:00	60.4888447075	48.5619052135	47.98181	1	0	0	0	0
2024-08-25 23:04:10	60.1977279575	48.6484670635	47.98181	1	0	0	0	0
2024-08-25 23:04:20	60.2456450115	48.550641807	47.98181	1	0	0	0	0
2024-08-25 23:04:30	60.432040661500004	48.377503507	47.98181	1	0	0	0	0
2024-08-25 23:04:40	60.9083322935	48.146774693000005	47.98181	1	0	0	0	0
2024-08-25 23:04:50	61.5030321435	47.892522993	47.98181	1	0	0	0	0
2024-08-25 23:05:00	61.9861770065	47.632750475	47.98181	1	0	0	0	0
2024-08-25 23:05:10	62.423757156499995	47.370722975	47.98181	1	0	0	0	0
2024-08-25 23:05:20	62.723730183	47.273529075	47.98181	1	0	0	0	0
2024-08-25 23:05:30	62.967497483	47.243661575	47.98181	1	0	0	0	0
2024-08-25 23:05:40	62.8531330795	47.376602399999996	47.98181	1	0	0	0	0
2024-08-25 23:05:50	62.5924895295	47.5760424	47.98181	1	0	0	0	0
2024-08-25 23:06:00	62.089998005	47.8148321265	47.98181	1	0	0	0	0
2024-08-25 23:06:10	61.488723505	48.0696942765	47.98181	1	0	0	0	0
2024-08-25 23:06:20	61.051899773	48.284210002	47.98181	1	0	0	0	0
2024-08-25 23:06:30	60.682246073	48.482246202	47.98181	1	0	0	0	0
2024-08-25 23:06:40	60.4044611545	48.5862148215	47.98181	1	0	0	0	0
2024-08-25 23:06:50	60.1642001045	48.651761471499995	47.98181	1	0	0	0	0
2024-08-25 23:07:00	60.265112478999995	48.538183534999995	47.98181	1	0	0	0	0
2024-08-25 23:07:10	60.505377378999995	48.351442035	47.98181	1	0	0	0	0
2024-08-25 23:07:20	61.024812859	48.098335415	47.98181	1	0	0	0	0
2024-08-25 23:07:30	61.658275759	47.818121915	47.98181	1	0	0	0	0
2024-08-25 23:07:40	62.1323487	47.580317283	47.98181	1	0	0	0	0
2024-08-25 23:07:50	62.5413187	47.359834582999994	47.98181	1	0	0	0	0
2024-08-25 23:08:00	62.722454954	47.3194376675	47.98181	1	0	0	0	0
2024-08-25 23:08:10	62.810532353999996	47.3525969175	47.98181	1	0	0	0	0
2024-08-25 23:08:20	62.617190746	47.5018844065	47.98181	1	0	0	0	0
2024-08-25 23:08:30	62.308903345999994	47.6986045565	47.98181	1	0	0	0	0
2024-08-25 23:08:40	61.8350368105	47.919592258	47.98181	1	0	0	0	0
2024-08-25 23:08:50	61.2935393605	48.150492058	47.98181	1	0	0	0	0
2024-08-25 23:09:00	60.911879702	48.3452423855	47.98181	1	0	0	0	0
2024-08-25 23:09:10	60.595505902	48.5252274355	47.98181	1	0	0	0	0
2024-08-25 23:09:20	60.373228437499996	48.5971648985	47.98181	1	0	0	0	0
2024-08-25 23:09:30	60.189384687499995	48.6249702485	47.98181	1	0	0	0	0
2024-08-25 23:09:40	60.3413168	48.48061526	47.98181	1	0	0	0	0
2024-08-25 23:09:50	60.6303968	48.265941260000005	47.98181	1	0	0	0	0
2024-08-25 23:10:00	61.1548800335	48.0206009755	47.98181	1	0	0	0	0
2024-08-25 23:10:10	61.775513883500004	47.7627350255	47.98181	1	0	0	0	0
2024-08-25 23:10:20	62.243086111000004	47.539120008	47.98181	1	0	0	0	0
2024-08-25 23:10:30	62.648140211	47.329494808	47.98181	1	0	0	0	0
2024-08-25 23:10:40	62.814801906499994	47.2948466585	47.98181	1	0	0	0	0
2024-08-25 23:10:50	62.884092056499995	47.3316680085	47.98181	1	0	0	0	0
2024-08-25 23:11:00	62.6436943355	47.509972585	47.98181	1	0	0	0	0
2024-08-25 23:11:10	62.2768043855	47.746066085	47.98181	1	0	0	0	0
2024-08-25 23:11:20	61.7563272355	47.9896064555	47.98181	1	0	0	0	0
2024-08-25 23:11:30	61.173117285500005	48.2361885055	47.98181	1	0	0	0	0
2024-08-25 23:11:40	60.774818919000005	48.424640761	47.98181	1	0	0	0	0
2024-08-25 23:11:50	60.452047819	48.589349861	47.98181	1	0	0	0	0
2024-08-25 23:12:00	60.267222761	48.640357502	47.98181	1	0	0	0	0
2024-08-25 23:12:10	60.138741861	48.644923702	47.98181	1	0	0	0	0
2024-08-25 23:12:20	60.328591449	48.482623217	47.98181	1	0	0	0	0
2024-08-25 23:12:30	60.648463349000004	48.252165917	47.98181	1	0	0	0	0
2024-08-25 23:12:40	61.243799345	47.9728484405	47.98181	1	0	0	0	0
2024-08-25 23:12:50	61.951648845	47.6735739905	47.98181	1	0	0	0	0
2024-08-25 23:13:00	62.454670232000005	47.444802789	47.98181	1	0	0	0	0
2024-08-25 23:13:10	62.874029432	47.244828689	47.98181	1	0	0	0	0
2024-08-25 23:13:20	62.8893361875	47.274767499	47.98181	1	0	0	0	0
2024-08-25 23:13:30	62.7396074375	47.398614399	47.98181	1	0	0	0	0
2024-08-25 23:13:40	62.4515321345	47.6075483025	47.98181	1	0	0	0	0
2024-08-25 23:13:50	62.106949084499995	47.8512360525	47.98181	1	0	0	0	0
2024-08-25 23:14:00	61.5836424915	48.0865512695	47.98181	1	0	0	0	0
2024-08-25 23:14:10	60.9873361415	48.3184467195	47.98181	1	0	0	0	0
2024-08-25 23:14:20	60.6153952585	48.4882594145	47.98181	1	0	0	0	0
2024-08-25 23:14:30	60.3350966085	48.6327143645	47.98181	1	0	0	0	0
2024-08-25 23:14:40	60.26231935	48.638083048	47.98181	1	0	0	0	0
2024-08-25 23:14:50	60.27430435	48.586641848	47.98181	1	0	0	0	0
2024-08-25 23:15:00	60.5698165255	48.373912965500004	47.98181	1	0	0	0	0
2024-08-25 23:15:10	60.9811355755	48.0953060155	47.98181	1	0	0	0	0
2024-08-25 23:15:20	61.528188343	47.8363852	47.98181	1	0	0	0	0
2024-08-25 23:15:30	62.130681642999996	47.5855052	47.98181	1	0	0	0	0
2024-08-25 23:15:40	62.5183497815	47.43473307	47.98181	1	0	0	0	0
2024-08-25 23:15:50	62.8182724315	47.32485007	47.98181	1	0	0	0	0
2024-08-25 23:16:00	62.722777515000004	47.399017529999995	47.98181	1	0	0	0	0
2024-08-25 23:16:10	62.465774015	47.54836053	47.98181	1	0	0	0	0
2024-08-25 23:16:20	62.154282985	47.761762783	47.98181	1	0	0	0	0
2024-08-25 23:16:30	61.820536485000005	48.001330083	47.98181	1	0	0	0	0
2024-08-25 23:16:40	61.283496750000005	48.235068567000006	47.98181	1	0	0	0	0
2024-08-25 23:16:50	60.663421750000005	48.466426267	47.98181	1	0	0	0	0
2024-08-25 23:17:00	60.375410200000005	48.57038675	47.98181	1	0	0	0	0
2024-08-25 23:17:10	60.223030200000004	48.62231175	47.98181	1	0	0	0	0
2024-08-25 23:17:20	60.298880765	48.5596084925	47.98181	1	0	0	0	0
2024-08-25 23:17:30	60.467952265	48.4500852425	47.98181	1	0	0	0	0
2024-08-25 23:17:40	60.792504535000006	48.2390698	47.98181	1	0	0	0	0
2024-08-25 23:17:50	61.180563035000006	47.9865998	47.98181	1	0	0	0	0
2024-08-25 23:18:00	61.772394943	47.715042089	47.98181	1	0	0	0	0
2024-08-25 23:18:10	62.447458243	47.435687988999995	47.98181	1	0	0	0	0
2024-08-25 23:18:20	62.738812693	47.3540252595	47.98181	1	0	0	0	0
2024-08-25 23:18:30	62.873440992999996	47.353109709499996	47.98181	1	0	0	0	0
2024-08-25 23:18:40	62.6264710955	47.4885530675	47.98181	1	0	0	0	0
2024-08-25 23:18:50	62.2236371455	47.6796923175	47.98181	1	0	0	0	0
2024-08-25 23:19:00	61.8590518185	47.901182256999995	47.98181	1	0	0	0	0
2024-08-25 23:19:10	61.5100891685	48.135068956999994	47.98181	1	0	0	0	0
2024-08-25 23:19:20	61.0580839345	48.3295011345	47.98181	1	0	0	0	0
2024-08-25 23:19:30	60.5639908845	48.5078180845	47.98181	1	0	0	0	0
2024-08-25 23:19:40	60.322055932	48.5816722375	47.98181	1	0	0	0	0
2024-08-25 23:19:50	60.183115132	48.6128584875	47.98181	1	0	0	0	0
2024-08-25 23:20:00	60.4015645115	48.489948112499995	47.98181	1	0	0	0	0
2024-08-25 23:20:10	60.7659901615	48.304096862499996	47.98181	1	0	0	0	0
2024-08-25 23:20:20	61.1708500275	48.0459712335	47.98181	1	0	0	0	0
2024-08-25 23:20:30	61.5922252775	47.7583250835	47.98181	1	0	0	0	0
2024-08-25 23:20:40	62.171035111	47.5106393665	47.98181	1	0	0	0	0
2024-08-25 23:20:50	62.814149211	47.2792755165	47.98181	1	0	0	0	0
2024-08-25 23:21:00	62.9628120335	47.281429849999995	47.98181	1	0	0	0	0
2024-08-25 23:21:10	62.9095158835	47.378964849999996	47.98181	1	0	0	0	0
2024-08-25 23:21:20	62.50664495	47.578548149999996	47.98181	1	0	0	0	0
2024-08-25 23:21:30	61.960989950000005	47.81981315	47.98181	1	0	0	0	0
2024-08-25 23:21:40	61.515447222000006	48.0617676665	47.98181	1	0	0	0	0
2024-08-25 23:21:50	61.110795422	48.3040038165	47.98181	1	0	0	0	0
2024-08-25 23:22:00	60.73694988846154	48.46082372644231	47.98181	1	0	0	0	0
2024-08-25 23:22:10	60.37568719615384	48.58275531298077	47.98181	1	0	0	0	0
2024-08-25 23:22:20	60.2693769953125	48.5690034890625	47.98181	1	0	0	0	0
2024-08-25 23:22:30	60.31280079739583	48.475564582812495	47.98181	1	0	0	0	0
2024-08-25 23:22:40	60.725304963	48.2656219585	47.98181	1	0	0	0	0
2024-08-25 23:22:50	61.288560263	48.0080933085	47.98181	1	0	0	0	0
2024-08-25 23:23:00	61.7588251235	47.74725865	47.98181	1	0	0	0	0
2024-08-25 23:23:10	62.1911079735	47.48507365	47.98181	1	0	0	0	0
2024-08-25 23:23:20	62.5496639265	47.3647904215	47.98181	1	0	0	0	0
2024-08-25 23:23:30	62.878106076499996	47.3024670715	47.98181	1	0	0	0	0
2024-08-25 23:23:40	62.7844395235	47.4218382595	47.98181	1	0	0	0	0
2024-08-25 23:23:50	62.518362373500004	47.615422709499995	47.98181	1	0	0	0	0
2024-08-25 23:24:00	62.05299107462687	47.83593454726368	47.98181	1	0	0	0	0
2024-08-25 23:24:10	61.506217940298505	48.06744489552239	47.98181	1	0	0	0	0
2024-08-25 23:24:20	61.08479142713568	48.27141211055277	47.98181	1	0	0	0	0
2024-08-25 23:24:30	60.717084894472364	48.46357512562814	47.98181	1	0	0	0	0
2024-08-25 23:24:40	60.47803216	48.542472398	47.98181	1	0	0	0	0
2024-08-25 23:24:50	60.29152816	48.575106198	47.98181	1	0	0	0	0
2024-08-25 23:25:00	60.438214238	48.429180962000004	47.98181	1	0	0	0	0
2024-08-25 23:25:10	60.720992038	48.210323162	47.98181	1	0	0	0	0
2024-08-25 23:25:20	61.2700496225	47.955543338000005	47.98181	1	0	0	0	0
2024-08-25 23:25:30	61.9278693725	47.686091138	47.98181	1	0	0	0	0
2024-08-25 23:25:40	62.396093243	47.47468655	47.98181	1	0	0	0	0
2024-08-25 23:25:50	62.786876543	47.28699155	47.98181	1	0	0	0	0
2024-08-25 23:26:00	62.9002037	47.23256	47.98181	1	0	0	0	0
2024-08-25 23:26:10	62.79913859019608	47.329545490196075	47.98181	1	0	0	0	0
2024-08-25 23:26:20	62.4101588865	47.634313053999996	47.98181	1	0	0	0	0
2024-08-25 23:26:30	62.049937036500005	47.883500454	47.98181	1	0	0	0	0
2024-08-25 23:26:40	61.5113484895	48.124503009499996	47.98181	1	0	0	0	0
2024-08-25 23:26:50	60.899905939499995	48.3621624595	47.98181	1	0	0	0	0
2024-08-25 23:27:00	60.571205802	48.499307813	47.98181	1	0	0	0	0
2024-08-25 23:27:10	60.357992002	48.595398113	47.98181	1	0	0	0	0
2024-08-25 23:27:20	60.40147785	48.543696623500004	47.98181	1	0	0	0	0
2024-08-25 23:27:30	60.54981285	48.4316294735	47.98181	1	0	0	0	0
2024-08-25 23:27:40	60.8449516745	48.226107686	47.98181	1	0	0	0	0
2024-08-25 23:27:50	61.2000526245	47.982414285999994	47.98181	1	0	0	0	0
2024-08-25 23:28:00	61.7409769755	47.734684678	47.98181	1	0	0	0	0
2024-08-25 23:28:10	62.357801025499995	47.485306478	47.98181	1	0	0	0	0
2024-08-25 23:28:20	62.6588555575	47.389011236	47.98181	1	0	0	0	0
2024-08-25 23:28:30	62.8309338075	47.355242836	47.98181	1	0	0	0	0
2024-08-25 23:28:40	62.646336138	47.4709051895	47.98181	1	0	0	0	0
2024-08-25 23:28:50	62.316053938	47.6476026395	47.98181	1	0	0	0	0
2024-08-25 23:29:00	61.956963452500005	47.871683679	47.98181	1	0	0	0	0
2024-08-25 23:29:10	61.586106202500005	48.115118579	47.98181	1	0	0	0	0
2024-08-25 23:29:20	61.090028702	48.3273686815	47.98181	1	0	0	0	0
2024-08-25 23:29:30	60.542804902	48.5268813315	47.98181	1	0	0	0	0
2024-08-25 23:29:40	60.2796903	48.613802749499996	47.98181	1	0	0	0	0
2024-08-25 23:29:50	60.1326203	48.6547361995	47.98181	1	0	0	0	0
2024-08-25 23:30:00	60.345939200000004	48.52075089	47.98181	1	0	0	0	0
2024-08-25 23:30:10	60.706459200000005	48.315319890000005	47.98181	1	0	0	0	0
2024-08-25 23:30:20	61.11120865	48.0754635105	47.98181	1	0	0	0	0
2024-08-25 23:30:30	61.53402365	47.8215460605	47.98181	1	0	0	0	0
2024-08-25 23:30:40	62.065174	47.5981550605	47.98181	1	0	0	0	0
2024-08-25 23:30:50	62.640574	47.3872326105	47.98181	1	0	0	0	0
2024-08-25 23:31:00	62.760791864	47.3772734595	47.98181	1	0	0	0	0
2024-08-25 23:31:10	62.695090264	47.4493979095	47.98181	1	0	0	0	0
2024-08-25 23:31:20	62.366565621	47.613457526	47.98181	1	0	0	0	0
2024-08-25 23:31:30	61.930690721000005	47.815068126	47.98181	1	0	0	0	0
2024-08-25 23:31:40	61.563697465000004	48.035090304	47.98181	1	0	0	0	0
2024-08-25 23:31:50	61.224838965000004	48.262632704	47.98181	1	0	0	0	0
2024-08-25 23:32:00	60.813762602000004	48.4328338	47.98181	1	0	0	0	0
2024-08-25 23:32:10	60.373188802	48.5796138	47.98181	1	0	0	0	0
2024-08-25 23:32:20	60.263471381	48.5830150155	47.98181	1	0	0	0	0
2024-08-25 23:32:30	60.288892481	48.527853065500004	47.98181	1	0	0	0	0
2024-08-25 23:32:40	60.621364867000004	48.3518742495	47.98181	1	0	0	0	0
2024-08-25 23:32:50	61.079252567000005	48.1265476995	47.98181	1	0	0	0	0
2024-08-25 23:33:00	61.5113450795	47.8829433	47.98181	1	0	0	0	0
2024-08-25 23:33:10	61.9329015295	47.6318733	47.98181	1	0	0	0	0
2024-08-25 23:33:20	62.356807547	47.464202385	47.98181	1	0	0	0	0
2024-08-25 23:33:30	62.781673247	47.330595884999994	47.98181	1	0	0	0	0
2024-08-25 23:33:40	62.7852324375	47.384026530999996	47.98181	1	0	0	0	0
2024-08-25 23:33:50	62.6167086875	47.513852631	47.98181	1	0	0	0	0
2024-08-25 23:34:00	62.191928436000005	47.725880969	47.98181	1	0	0	0	0
2024-08-25 23:34:10	61.662480036000005	47.971484869	47.98181	1	0	0	0	0
2024-08-25 23:34:20	61.265159760500005	48.18263325	47.98181	1	0	0	0	0
2024-08-25 23:34:30	60.9218073105	48.37970825	47.98181	1	0	0	0	0
2024-08-25 23:34:40	60.5816781895	48.5157631875	47.98181	1	0	0	0	0
2024-08-25 23:34:50	60.2428656395	48.6268944375	47.98181	1	0	0	0	0
2024-08-25 23:35:00	60.2266692795	48.5718607665	47.98181	1	0	0	0	0
2024-08-25 23:35:10	60.3422457295	48.4489569165	47.98181	1	0	0	0	0
2024-08-25 23:35:20	60.7846650705	48.2307771015	47.98181	1	0	0	0	0
2024-08-25 23:35:30	61.3605836205	47.9736817515	47.98181	1	0	0	0	0
2024-08-25 23:35:40	61.834374741	47.715688571	47.98181	1	0	0	0	0
2024-08-25 23:35:50	62.266451841	47.457328671	47.98181	1	0	0	0	0
2024-08-25 23:36:00	62.607861586	47.338267646999995	47.98181	1	0	0	0	0
2024-08-25 23:36:10	62.912238185999996	47.276103346999996	47.98181	1	0	0	0	0
2024-08-25 23:36:20	62.822867885	47.382150472	47.98181	1	0	0	0	0
2024-08-25 23:36:30	62.572671385	47.556903672000004	47.98181	1	0	0	0	0
2024-08-25 23:36:40	62.111444638	47.7863345045	47.98181	1	0	0	0	0
2024-08-25 23:36:50	61.564022438	48.038098454499995	47.98181	1	0	0	0	0
2024-08-25 23:37:00	61.11907255	48.266450899999995	47.98181	1	0	0	0	0
2024-08-25 23:37:10	60.71597755	48.4852409	47.98181	1	0	0	0	0
2024-08-25 23:37:20	60.410162277	48.59609315	47.98181	1	0	0	0	0
2024-08-25 23:37:30	60.144080977	48.66285815	47.98181	1	0	0	0	0
2024-08-25 23:37:40	60.2127436255	48.56568415	47.98181	1	0	0	0	0
2024-08-25 23:37:50	60.418132675500004	48.40154915	47.98181	1	0	0	0	0
2024-08-25 23:38:00	60.9059044875	48.162907992499996	47.98181	1	0	0	0	0
2024-08-25 23:38:10	61.5090157375	47.8938347425	47.98181	1	0	0	0	0
2024-08-25 23:38:20	62.01592891	47.6327065345	47.98181	1	0	0	0	0
2024-08-25 23:38:30	62.48354991	47.3748234845	47.98181	1	0	0	0	0
2024-08-25 23:38:40	62.75103895	47.2951662675	47.98181	1	0	0	0	0
2024-08-25 23:38:50	62.93678395	47.2883055175	47.98181	1	0	0	0	0
2024-08-25 23:39:00	62.7956684865	47.421780989	47.98181	1	0	0	0	0
2024-08-25 23:39:10	62.521046636499996	47.612576889	47.98181	1	0	0	0	0
2024-08-25 23:39:20	62.025740030499996	47.846549309000004	47.98181	1	0	0	0	0
2024-08-25 23:39:30	61.4402945805	48.098157209	47.98181	1	0	0	0	0
2024-08-25 23:39:40	60.9894150755	48.3301100015	47.98181	1	0	0	0	0
2024-08-25 23:39:50	60.5934991255	48.554034651500004	47.98181	1	0	0	0	0
2024-08-25 23:40:00	60.3141575075	48.654996318500004	47.98181	1	0	0	0	0
2024-08-25 23:40:10	60.0824307575	48.7057336685	47.98181	1	0	0	0	0
2024-08-25 23:40:20	60.18354615	48.580238617	47.98181	1	0	0	0	0
2024-08-25 23:40:30	60.42061115	48.382761317	47.98181	1	0	0	0	0
2024-08-25 23:40:40	60.9595459625	48.1133980435	47.98181	1	0	0	0	0
2024-08-25 23:40:50	61.6217797125	47.8146728935	47.98181	1	0	0	0	0
2024-08-25 23:41:00	62.11476458413462	47.56585941634616	47.98181	1	0	0	0	0
2024-08-25 23:41:10	62.538619632211535	47.337432397115386	47.98181	1	0	0	0	0
2024-08-25 23:41:20	62.771606798437496	47.2731024875	47.98181	1	0	0	0	0
2024-08-25 23:41:30	62.8924969546875	47.30514707083333	47.98181	1	0	0	0	0
2024-08-25 23:41:40	62.71655446	47.46967795	47.98181	1	0	0	0	0
2024-08-25 23:41:50	62.41937046	47.68832295	47.98181	1	0	0	0	0
2024-08-25 23:42:00	61.885859729500005	47.9379288135	47.98181	1	0	0	0	0
2024-08-25 23:42:10	61.2558211795	48.2001806635	47.98181	1	0	0	0	0
2024-08-25 23:42:20	60.8283446	48.4059067865	47.98181	1	0	0	0	0
2024-08-25 23:42:30	60.4836046	48.5885449365	47.98181	1	0	0	0	0
2024-08-25 23:42:40	60.29953405	48.636405952	47.98181	1	0	0	0	0
2024-08-25 23:42:50	60.18108905	48.629217152	47.98181	1	0	0	0	0
2024-08-25 23:43:00	60.374161875	48.4721408555	47.98181	1	0	0	0	0
2024-08-25 23:43:10	60.694474375	48.2538429055	47.98181	1	0	0	0	0
2024-08-25 23:43:20	61.229586725	47.9995931825	47.98181	1	0	0	0	0
2024-08-25 23:43:30	61.852434224999996	47.7306589325	47.98181	1	0	0	0	0
2024-08-25 23:43:40	62.3155531480198	47.50381122772277	47.98181	1	0	0	0	0
2024-08-25 23:43:50	62.713430821287126	47.2941538019802	47.98181	1	0	0	0	0
2024-08-25 23:44:00	62.79246786060606	47.30108270757576	47.98181	1	0	0	0	0
2024-08-25 23:44:10	62.728257658585854	47.40531851565657	47.98181	1	0	0	0	0
2024-08-25 23:44:20	62.48635874	47.5864833505	47.98181	1	0	0	0	0
2024-08-25 23:44:30	62.17188274	47.7990699005	47.98181	1	0	0	0	0
2024-08-25 23:44:40	61.7058775815	48.011902714	47.98181	1	0	0	0	0
2024-08-25 23:44:50	61.1779802315	48.224836114	47.98181	1	0	0	0	0
2024-08-25 23:45:00	60.8315013005	48.399753345	47.98181	1	0	0	0	0
2024-08-25 23:45:10	60.5591228505	48.559142845000004	47.98181	1	0	0	0	0
2024-08-25 23:45:20	60.4233507435	48.583864941	47.98181	1	0	0	0	0
2024-08-25 23:45:30	60.3433755935	48.553582041	47.98181	1	0	0	0	0
2024-08-25 23:45:40	60.5416826715	48.387404644	47.98181	1	0	0	0	0
2024-08-25 23:45:50	60.853654321499995	48.165721044	47.98181	1	0	0	0	0
2024-08-25 23:46:00	61.402370288499995	47.903334706	47.98181	1	0	0	0	0
2024-08-25 23:46:10	62.0477846385	47.624323306	47.98181	1	0	0	0	0
2024-08-25 23:46:20	62.499549967499995	47.4357934895	47.98181	1	0	0	0	0
2024-08-25 23:46:30	62.872219217499996	47.2842209395	47.98181	1	0	0	0	0
2024-08-25 23:46:40	62.8456903285	47.331720639000004	47.98181	1	0	0	0	0
2024-08-25 23:46:50	62.6561086785	47.460531539	47.98181	1	0	0	0	0
2024-08-25 23:47:00	62.36648565	47.6535458575	47.98181	1	0	0	0	0
2024-08-25 23:47:10	62.03600065	47.8727841075	47.98181	1	0	0	0	0
2024-08-25 23:47:20	61.518834072	48.107483495000004	47.98181	1	0	0	0	0
2024-08-25 23:47:30	60.925417272	48.348497995	47.98181	1	0	0	0	0
2024-08-25 23:47:40	60.545231932	48.523780269	47.98181	1	0	0	0	0
2024-08-25 23:47:50	60.252141132000006	48.672214169	47.98181	1	0	0	0	0
2024-08-25 23:48:00	60.226273990500005	48.6457297	47.98181	1	0	0	0	0
2024-08-25 23:48:10	60.3095545405	48.5477997	47.98181	1	0	0	0	0
2024-08-25 23:48:20	60.6075614555	48.342666799999996	47.98181	1	0	0	0	0
2024-08-25 23:48:30	60.9932735055	48.0937468	47.98181	1	0	0	0	0
2024-08-25 23:48:40	61.57236325	47.8262577085	47.98181	1	0	0	0	0
2024-08-25 23:48:50	62.230438250000006	47.5511840585	47.98181	1	0	0	0	0
2024-08-25 23:49:00	62.626225902	47.390801891500004	47.98181	1	0	0	0	0
2024-08-25 23:49:10	62.914882102	47.2772655415	47.98181	1	0	0	0	0
2024-08-25 23:49:20	62.800435163	47.36963015	47.98181	1	0	0	0	0
2024-08-25 23:49:30	62.521340463	47.54609515	47.98181	1	0	0	0	0
2024-08-25 23:49:40	62.171662604000005	47.76960475	47.98181	1	0	0	0	0
2024-08-25 23:49:50	61.793155004	48.01232975	47.98181	1	0	0	0	0
2024-08-25 23:50:00	61.258006281	48.240317670500005	47.98181	1	0	0	0	0
2024-08-25 23:50:10	60.658877380999996	48.462286220500005	47.98181	1	0	0	0	0
2024-08-25 23:50:20	60.3402098765	48.586439029	47.98181	1	0	0	0	0
2024-08-25 23:50:30	60.1360970265	48.670638929	47.98181	1	0	0	0	0
2024-08-25 23:50:40	60.2326677565	48.5921444945	47.98181	1	0	0	0	0
2024-08-25 23:50:50	60.4520529065	48.4471974445	47.98181	1	0	0	0	0
2024-08-25 23:51:00	60.764677067	48.238824248499995	47.98181	1	0	0	0	0
2024-08-25 23:51:10	61.115384767	48.0045445985	47.98181	1	0	0	0	0
2024-08-25 23:51:20	61.680278664	47.746792313	47.98181	1	0	0	0	0
2024-08-25 23:51:30	62.332657063999996	47.479452613	47.98181	1	0	0	0	0
2024-08-25 23:51:40	62.708794486	47.3552827445	47.98181	1	0	0	0	0
2024-08-25 23:51:50	62.972101086	47.2895906945	47.98181	1	0	0	0	0
2024-08-25 23:52:00	62.80493852	47.390333507499996	47.98181	1	0	0	0	0
2024-08-25 23:52:10	62.46195052	47.5590567575	47.98181	1	0	0	0	0
2024-08-25 23:52:20	62.1094971905	47.767530919500004	47.98181	1	0	0	0	0
2024-08-25 23:52:30	61.7531777405	47.9922413695	47.98181	1	0	0	0	0
2024-08-25 23:52:40	61.276819123	48.213355030500004	47.98181	1	0	0	0	0
2024-08-25 23:52:50	60.751430423	48.4329995805	47.98181	1	0	0	0	0
2024-08-25 23:53:00	60.450129509	48.5571435925	47.98181	1	0	0	0	0
2024-08-25 23:53:10	60.240357409000005	48.6422803425	47.98181	1	0	0	0	0
2024-08-25 23:53:20	60.3486016575	48.555976729499996	47.98181	1	0	0	0	0
2024-08-25 23:53:30	60.5867399075	48.3996481795	47.98181	1	0	0	0	0
2024-08-25 23:53:40	60.9224575755	48.17859642	47.98181	1	0	0	0	0
2024-08-25 23:53:50	61.2980316255	47.93110842	47.98181	1	0	0	0	0
2024-08-25 23:54:00	61.8513626245	47.6809327505	47.98181	1	0	0	0	0
2024-08-25 23:54:10	62.4772985745	47.4296593005	47.98181	1	0	0	0	0
2024-08-25 23:54:20	62.74902195	47.354498191	47.98181	1	0	0	0	0
2024-08-25 23:54:30	62.876066949999995	47.351270291	47.98181	1	0	0	0	0
2024-08-25 23:54:40	62.6588454105	47.483587852	47.98181	1	0	0	0	0
2024-08-25 23:54:50	62.3010079605	47.671269052	47.98181	1	0	0	0	0
2024-08-25 23:55:00	61.971086184	47.863700507	47.98181	1	0	0	0	0
2024-08-25 23:55:10	61.652566584	48.058072207	47.98181	1	0	0	0	0
2024-08-25 23:55:20	61.1571161555	48.278807130000004	47.98181	1	0	0	0	0
2024-08-25 23:55:30	60.5893982055	48.51031013	47.98181	1	0	0	0	0
2024-08-25 23:55:40	60.2810338125	48.6245781785	47.98181	1	0	0	0	0
2024-08-25 23:55:50	60.0786025625	48.6909615285	47.98181	1	0	0	0	0
2024-08-25 23:56:00	60.0198975	48.7102127	47.98181	1	0	0	0	0
2024-08-25 23:56:10	60.274767715686274	48.55794565294118	47.98181	1	0	0	0	0
2024-08-25 23:56:20	60.921880737500004	48.1727941165	47.98181	1	0	0	0	0
2024-08-25 23:56:30	61.3601169875	47.9130252665	47.98181	1	0	0	0	0
2024-08-25 23:56:40	61.9789033975	47.631394842	47.98181	1	0	0	0	0
2024-08-25 23:56:50	62.6714356475	47.340835042	47.98181	1	0	0	0	0
2024-08-25 23:57:00	62.9348899055	47.2674063415	47.98181	1	0	0	0	0
2024-08-25 23:57:10	63.023086955500006	47.2826649915	47.98181	1	0	0	0	0
2024-08-25 23:57:20	62.7665831945	47.42229246	47.98181	1	0	0	0	0
2024-08-25 23:57:30	62.3692861445	47.612718459999996	47.98181	1	0	0	0	0
2024-08-25 23:57:40	62.3692861445	47.612718459999996	47.98181	1	0	0	0	0
2024-08-25 23:57:50	61.5274259345	48.146071338	47.98181	1	0	0	0	0
2024-08-25 23:58:00	60.99726237	48.371712179999996	47.98181	1	0	0	0	0
2024-08-25 23:58:10	60.42411937	48.575310179999995	47.98181	1	0	0	0	0
2024-08-25 23:58:20	60.178134998	48.6446781715	47.98181	1	0	0	0	0
2024-08-25 23:58:30	60.065778798	48.6592198215	47.98181	1	0	0	0	0
2024-08-25 23:58:40	60.3292102975	48.5076569005	47.98181	1	0	0	0	0
2024-08-25 23:58:50	60.746132547500004	48.2882484505	47.98181	1	0	0	0	0
2024-08-25 23:59:00	61.19100945	48.019086644	47.98181	1	0	0	0	0
2024-08-25 23:59:10	61.64730445	47.729603044	47.98181	1	0	0	0	0
2024-08-25 23:59:20	62.2093661265	47.496367206	47.98181	1	0	0	0	0
2024-08-25 23:59:30	62.8146282765	47.286105806	47.98181	1	0	0	0	0
2024-08-25 23:59:40	62.96950111	47.2916620765	47.98181	1	0	0	0	0
2024-08-25 23:59:50	62.940412110000004	47.3853692265	47.98181	1	0	0	0	0
2024-08-26 00:00:00	62.539312823500005	47.587232913	47.98181	1	0	0	0	0
