PROCESSDATA	2111FIC40102C Data	yyyy-MM-dd HH:mm:ss
8	10	2024-11-09 21:55:00	751
tagname	2111FIC40102C.MV	2111FIC40102C.PV	2111FIC40102C.SV	2111FIC40102C.MODE	bOpOFL	bPvOFL	bSpOFL	bAutOFL
desc	常底油进F401三路支管_OP	常底油进F401三路支管_PV	常底油进F401三路支管_SP	Aut	bOpOFL	bPvOFL	bSpOFL	bAutOFL
fsMax=1.0849690222334019	fsMin=0	fsGridNum=10	fdMax=1.0849690222334019tfdMin=0	fdGridNum=10	v0GridNum=10	L=24
2024-11-09 21:55:00	42.86602194929577	102.36617626760564	101.84090487323944	1	0	0	0	0
2024-11-09 21:55:10	42.841231428571426	102.53305985714286	102.10592868571429	1	0	0	0	0
2024-11-09 21:55:20	42.91597195121951	102.20263770731708	102.15966593902439	1	0	0	0	0
2024-11-09 21:55:30	42.8169588	102.52446006666666	102.11421648	1	0	0	0	0
2024-11-09 21:55:40	42.82782098260869	102.13837413043478	101.95136552173913	1	0	0	0	0
2024-11-09 21:55:50	42.72317668405797	102.00890001449275	101.58941114492754	1	0	0	0	0
2024-11-09 21:56:00	42.80054092941177	101.53793576470588	101.48912747058824	1	0	0	0	0
2024-11-09 21:56:10	42.7404137	101.498505	101.357155	1	0	0	0	0
2024-11-09 21:56:20	42.83915977	101.4113147	101.6923115	1	0	0	0	0
2024-11-09 21:56:30	43.101743764285715	101.41922885714285	102.50688604285715	1	0	0	0	0
2024-11-09 21:56:40	43.16839795	101.56109123333333	102.4401	1	0	0	0	0
2024-11-09 21:56:50	43.16786	101.586693	101.993942	1	0	0	0	0
2024-11-09 21:57:00	42.85551241772152	102.27804341772152	101.58429222784811	1	0	0	0	0
2024-11-09 21:57:10	42.88026076734694	101.78954442857143	101.53971206122449	1	0	0	0	0
2024-11-09 21:57:20	43.22653135774648	100.99922060563381	101.931259	1	0	0	0	0
2024-11-09 21:57:30	43.057977974683546	101.69635620253165	101.76471544303797	1	0	0	0	0
2024-11-09 21:57:40	43.10406832333334	101.43348448333333	101.70719435000001	1	0	0	0	0
2024-11-09 21:57:50	42.98057960784314	101.92674021568628	101.54121296078432	1	0	0	0	0
2024-11-09 21:58:00	43.134280979591836	101.28156844897958	101.5967022244898	1	0	0	0	0
2024-11-09 21:58:10	42.96457647560976	101.91571707317073	101.40147148780488	1	0	0	0	0
2024-11-09 21:58:20	43.06711912428571	101.88534101428571	101.88467677142857	1	0	0	0	0
2024-11-09 21:58:30	43.06357386760563	101.65511725352113	101.68127590140845	1	0	0	0	0
2024-11-09 21:58:40	43.12284415730337	101.53780771910112	101.81394787640448	1	0	0	0	0
2024-11-09 21:58:50	43.02385458333333	102.03692966666667	101.83859508333333	1	0	0	0	0
2024-11-09 21:59:00	43.17348465633803	101.62822821126761	101.95227526760564	1	0	0	0	0
2024-11-09 21:59:10	43.16215832941177	101.66076627941176	101.87928379411765	1	0	0	0	0
2024-11-09 21:59:20	43.19429167875	101.73580675	101.96648885	1	0	0	0	0
2024-11-09 21:59:30	43.11857158840579	101.78772033333334	101.70728701449275	1	0	0	0	0
2024-11-09 21:59:40	43.15635456956522	101.78296582608696	101.94602365217392	1	0	0	0	0
2024-11-09 21:59:50	43.19910710144927	101.7885348405797	102.02840079710145	1	0	0	0	0
2024-11-09 22:00:00	42.985	101.993431	101.320213	1	0	0	0	0
2024-11-09 22:00:10	43.08208989772727	101.81619320454546	101.806435	1	0	0	0	0
2024-11-09 22:00:20	42.97047	102.00161	101.626762	1	0	0	0	0
2024-11-09 22:00:30	43.09756273972602	101.91714216438356	101.94514030136986	1	0	0	0	0
2024-11-09 22:00:40	43.09292113684211	102.01168536842106	101.97512189473684	1	0	0	0	0
2024-11-09 22:00:50	42.959891497959184	102.12538969387755	101.637428	1	0	0	0	0
2024-11-09 22:01:00	43.03095777083334	101.69626345833333	101.68147068055555	1	0	0	0	0
2024-11-09 22:01:10	42.8158339	101.85942193617022	101.292877	1	0	0	0	0
2024-11-09 22:01:20	42.645249040740744	101.875075654321	101.06842328395062	1	0	0	0	0
2024-11-09 22:01:30	42.8317871	101.284142	101.584686	1	0	0	0	0
2024-11-09 22:01:40	42.89121738522727	101.16038119318182	101.51268942045455	1	0	0	0	0
2024-11-09 22:01:50	42.80984709344263	101.14499770491804	101.10542601639345	1	0	0	0	0
2024-11-09 22:02:00	42.68265258823529	101.40158329411764	100.90964823529413	1	0	0	0	0
2024-11-09 22:02:10	42.614677654	101.27001946	100.820969	1	0	0	0	0
2024-11-09 22:02:20	42.51826135849057	101.30792683018868	100.75133996226415	1	0	0	0	0
2024-11-09 22:02:30	42.429768885507244	101.42582989855073	100.88874871014494	1	0	0	0	0
2024-11-09 22:02:40	42.50990185185185	101.10920392592593	100.99896172839506	1	0	0	0	0
2024-11-09 22:02:50	42.610882357142856	101.20684800000001	101.36265714285715	1	0	0	0	0
2024-11-09 22:03:00	42.668999152542376	101.15997255932203	101.47608477966101	1	0	0	0	0
2024-11-09 22:03:10	42.92674408	101.08732332	102.08741	1	0	0	0	0
2024-11-09 22:03:20	43.07067664615384	101.30752630769231	102.23131923076923	1	0	0	0	0
2024-11-09 22:03:30	42.77791874754099	102.64863286885246	102.20154557377049	1	0	0	0	0
2024-11-09 22:03:40	42.75907444772727	102.34964456818182	101.95166801136364	1	0	0	0	0
2024-11-09 22:03:50	42.83783133780488	101.6735269390244	101.75454070731706	1	0	0	0	0
2024-11-09 22:04:00	42.674664723404256	101.53088114893616	101.15330210638298	1	0	0	0	0
2024-11-09 22:04:10	42.554795057142854	101.56111019047619	100.88381080952382	1	0	0	0	0
2024-11-09 22:04:20	42.65678516229508	101.16661754098361	101.08906978688525	1	0	0	0	0
2024-11-09 22:04:30	42.632326038461535	101.22389196153846	101.11323057692309	1	0	0	0	0
2024-11-09 22:04:40	42.769499833333334	101.01703487301587	101.3478	1	0	0	0	0
2024-11-09 22:04:50	42.845163897058825	100.84692397058824	101.3395294117647	1	0	0	0	0
2024-11-09 22:05:00	42.89168685393258	100.81640089887641	101.25508764044945	1	0	0	0	0
2024-11-09 22:05:10	42.8291198	101.2942841372549	101.27536611764705	1	0	0	0	0
2024-11-09 22:05:20	42.57861727377049	101.97355967213115	101.22966327868852	1	0	0	0	0
2024-11-09 22:05:30	42.614671068	101.34178551999999	101.1843037	1	0	0	0	0
2024-11-09 22:05:40	42.6508164825	101.2433975875	101.27347499999999	1	0	0	0	0
2024-11-09 22:05:50	42.74145818271605	101.17954319753088	101.53036651851852	1	0	0	0	0
2024-11-09 22:06:00	42.78152314074074	101.2204567037037	101.51987796296297	1	0	0	0	0
2024-11-09 22:06:10	42.60128310204082	101.58883193877551	101.174126	1	0	0	0	0
2024-11-09 22:06:20	42.680232971428566	101.32299785714285	101.23567542857143	1	0	0	0	0
2024-11-09 22:06:30	42.682123697560975	101.43413063414634	101.3404613902439	1	0	0	0	0
2024-11-09 22:06:40	42.77446697078652	100.91092386516854	101.13669542696628	1	0	0	0	0
2024-11-09 22:06:50	42.69457	101.396263	101.2193	1	0	0	0	0
2024-11-09 22:07:00	42.80219965505618	101.05629370786517	101.33331621348314	1	0	0	0	0
2024-11-09 22:07:10	42.70375028032787	101.18467040983606	100.8723927704918	1	0	0	0	0
2024-11-09 22:07:20	42.62983263571429	101.00717788571428	100.61989697142857	1	0	0	0	0
2024-11-09 22:07:30	42.57731547843137	101.14878735294118	100.785606	1	0	0	0	0
2024-11-09 22:07:40	42.72133754852941	100.79522194117648	101.10521507352942	1	0	0	0	0
2024-11-09 22:07:50	42.75382703703704	100.84782066666666	101.20149885185185	1	0	0	0	0
2024-11-09 22:08:00	42.66018423076923	101.33630015384615	101.16558930769231	1	0	0	0	0
2024-11-09 22:08:10	42.9338516	100.97166828	101.843704	1	0	0	0	0
2024-11-09 22:08:20	43.0241168852459	100.99702229508196	101.73658078688524	1	0	0	0	0
2024-11-09 22:08:30	42.938525523076926	101.51493819230768	101.67662390384615	1	0	0	0	0
2024-11-09 22:08:40	42.841588842307694	101.75643735897435	101.52970214102564	1	0	0	0	0
2024-11-09 22:08:50	42.837422622058824	101.5816565882353	101.47882289705882	1	0	0	0	0
2024-11-09 22:09:00	42.902454042253524	101.37195249295775	101.63857823943661	1	0	0	0	0
2024-11-09 22:09:10	42.8627472	101.717941	101.660355	1	0	0	0	0
2024-11-09 22:09:20	42.763124285714284	101.87217828571428	101.44193157142857	1	0	0	0	0
2024-11-09 22:09:30	42.813465350980394	101.35900462745097	101.266151	1	0	0	0	0
2024-11-09 22:09:40	42.64500362405063	101.94422349367088	101.27049625316455	1	0	0	0	0
2024-11-09 22:09:50	42.69363365652174	101.70506317391305	101.39348591304348	1	0	0	0	0
2024-11-09 22:10:00	42.8331561	101.23090625	101.5726555	1	0	0	0	0
2024-11-09 22:10:10	42.74869336	101.4428604	101.394188	1	0	0	0	0
2024-11-09 22:10:20	42.71267817142857	101.71597377142857	101.52041108571429	1	0	0	0	0
2024-11-09 22:10:30	42.632604509803926	101.58792025490196	101.209671	1	0	0	0	0
2024-11-09 22:10:40	42.661684912903226	101.58240577419355	101.29508985483871	1	0	0	0	0
2024-11-09 22:10:50	42.70006713114754	101.46738416393443	101.46595306557377	1	0	0	0	0
2024-11-09 22:11:00	42.64384811898734	101.62781149367089	101.452087	1	0	0	0	0
2024-11-09 22:11:10	42.56490735064935	101.69779298701299	101.35374687012987	1	0	0	0	0
2024-11-09 22:11:20	42.82773518518518	101.42778385185184	102.07280077777777	1	0	0	0	0
2024-11-09 22:11:30	43.105347434146346	101.37133224390243	102.680115	1	0	0	0	0
2024-11-09 22:11:40	43.36975876202532	101.38750997468355	102.95995462025317	1	0	0	0	0
2024-11-09 22:11:50	42.82766881355932	102.60049986440677	101.70479800000001	1	0	0	0	0
2024-11-09 22:12:00	42.69584616666667	101.67223173333333	100.867317	1	0	0	0	0
2024-11-09 22:12:10	42.90049802816902	100.74517661971831	100.90426528169014	1	0	0	0	0
2024-11-09 22:12:20	42.712457826086954	101.17325226086957	100.72375730434783	1	0	0	0	0
2024-11-09 22:12:30	42.66038705370371	101.24330872222222	100.70789092592594	1	0	0	0	0
2024-11-09 22:12:40	42.49359286666667	100.937326	100.09693513333333	1	0	0	0	0
2024-11-09 22:12:50	42.411808916	101.38636708	100.5901462	1	0	0	0	0
2024-11-09 22:13:00	42.26120469777778	101.49588132222223	100.38622572222222	1	0	0	0	0
2024-11-09 22:13:10	42.53599833333333	100.71005855	100.89629144999999	1	0	0	0	0
2024-11-09 22:13:20	42.50165784810127	100.6996255949367	100.64693486075949	1	0	0	0	0
2024-11-09 22:13:30	42.57407805882353	100.69432905882353	100.85907	1	0	0	0	0
2024-11-09 22:13:40	42.4174926	100.65137198571429	100.32002752857143	1	0	0	0	0
2024-11-09 22:13:50	42.387840744117646	100.85112039705882	100.59689235294117	1	0	0	0	0
2024-11-09 22:14:00	42.392535915686274	100.9459658627451	100.77358588235293	1	0	0	0	0
2024-11-09 22:14:10	42.501226823529414	100.50274341176471	100.769981	1	0	0	0	0
2024-11-09 22:14:20	42.45914798977273	100.99314759090909	101.01803561363637	1	0	0	0	0
2024-11-09 22:14:30	42.42765430588235	100.70883123529411	100.78572529411764	1	0	0	0	0
2024-11-09 22:14:40	42.57808533225806	100.7570188548387	101.274452	1	0	0	0	0
2024-11-09 22:14:50	42.78011	100.572205	101.537888	1	0	0	0	0
2024-11-09 22:15:00	42.74144210126582	100.50675546835443	100.94535188607594	1	0	0	0	0
2024-11-09 22:15:10	42.67879	100.912674	100.973351	1	0	0	0	0
2024-11-09 22:15:20	42.84848629775281	100.94603297752809	101.33399492134832	1	0	0	0	0
2024-11-09 22:15:30	42.65389445849057	101.83097049056605	101.32414767924529	1	0	0	0	0
2024-11-09 22:15:40	42.67071501639344	101.1890491147541	101.07346973770491	1	0	0	0	0
2024-11-09 22:15:50	42.77969005961538	100.73827501923077	101.03217159615384	1	0	0	0	0
2024-11-09 22:16:00	42.576763727999996	101.12953626000001	100.636658	1	0	0	0	0
2024-11-09 22:16:10	42.794079141176475	101.37058870588235	101.74768535294118	1	0	0	0	0
2024-11-09 22:16:20	42.95047375714286	101.03033671428571	101.73778542857143	1	0	0	0	0
2024-11-09 22:16:30	42.900795	101.353012	101.581116	1	0	0	0	0
2024-11-09 22:16:40	43.00411557142857	100.9300537142857	101.376228	1	0	0	0	0
2024-11-09 22:16:50	42.74622520416666	101.84399470833333	101.25798	1	0	0	0	0
2024-11-09 22:17:00	42.54062549375	101.88955419999999	100.9753618375	1	0	0	0	0
2024-11-09 22:17:10	42.58589032786885	101.30167542622951	100.97360801639344	1	0	0	0	0
2024-11-09 22:17:20	42.54816573033708	101.1947414494382	100.80030068539325	1	0	0	0	0
2024-11-09 22:17:30	42.608013627118645	100.83577733898305	100.82732620338983	1	0	0	0	0
2024-11-09 22:17:40	42.525159142682924	101.09844929268293	100.914749	1	0	0	0	0
2024-11-09 22:17:50	42.67073877118644	100.96320849152542	101.30959001694916	1	0	0	0	0
2024-11-09 22:18:00	42.728047360000005	100.89400979999999	101.275162	1	0	0	0	0
2024-11-09 22:18:10	42.796674599999996	100.84230584000001	101.267746	1	0	0	0	0
2024-11-09 22:18:20	42.71474132307692	101.32031030769231	101.30145073076923	1	0	0	0	0
2024-11-09 22:18:30	42.73502262295082	101.25734901639345	101.30631883606557	1	0	0	0	0
2024-11-09 22:18:40	42.631087692307695	101.21458911538461	100.8345261153846	1	0	0	0	0
2024-11-09 22:18:50	42.638272452	101.10899146	100.88072828	1	0	0	0	0
2024-11-09 22:19:00	42.539452947142856	101.07344215714286	100.66405728571428	1	0	0	0	0
2024-11-09 22:19:10	42.39718850784313	101.53456994117647	100.84221088235294	1	0	0	0	0
2024-11-09 22:19:20	42.436177484285714	101.10498088571428	100.86107148571428	1	0	0	0	0
2024-11-09 22:19:30	42.36692595735294	100.86573092647059	100.43597935294117	1	0	0	0	0
2024-11-09 22:19:40	42.491677206666665	100.47339901111111	100.6002680888889	1	0	0	0	0
2024-11-09 22:19:50	42.312840563380284	101.01874308450704	100.4659920140845	1	0	0	0	0
2024-11-09 22:20:00	42.262144514	100.83154622	100.35906564000001	1	0	0	0	0
2024-11-09 22:20:10	42.29516027857142	100.83932471428572	100.75318235714286	1	0	0	0	0
2024-11-09 22:20:20	42.37303319333333	100.6325769	100.77166	1	0	0	0	0
2024-11-09 22:20:30	42.40314154647887	100.55029998591549	100.75285070422535	1	0	0	0	0
2024-11-09 22:20:40	42.377386099999995	100.8260915	100.815355	1	0	0	0	0
2024-11-09 22:20:50	42.4856992	100.57789171428571	100.87917942857143	1	0	0	0	0
2024-11-09 22:21:00	42.54014284057971	100.47122408695652	100.92296839130435	1	0	0	0	0
2024-11-09 22:21:10	42.73862754716981	100.42278045283018	101.31620133962264	1	0	0	0	0
2024-11-09 22:21:20	42.49614347826087	101.05155739130434	100.77836039130435	1	0	0	0	0
2024-11-09 22:21:30	42.54252042857143	100.75758885714286	100.73464657142857	1	0	0	0	0
2024-11-09 22:21:40	42.596592417582414	100.57589748351648	100.7487651978022	1	0	0	0	0
2024-11-09 22:21:50	42.6979515942029	100.18630339130435	100.60087542028985	1	0	0	0	0
2024-11-09 22:22:00	42.62349048	100.718849	100.68992	1	0	0	0	0
2024-11-09 22:22:10	42.6843522	100.76889158	100.9069	1	0	0	0	0
2024-11-09 22:22:20	42.842470000000006	100.36936957142856	101.08422628571428	1	0	0	0	0
2024-11-09 22:22:30	42.7654572	101.40373848387097	101.45089196774194	1	0	0	0	0
2024-11-09 22:22:40	42.50397602247191	101.63049511235955	101.04632220224718	1	0	0	0	0
2024-11-09 22:22:50	42.75805293442623	100.31951614754098	100.86750285245901	1	0	0	0	0
2024-11-09 22:23:00	42.65945	100.975777	100.835968	1	0	0	0	0
2024-11-09 22:23:10	42.585438076923076	101.45517336538462	101.03708569230768	1	0	0	0	0
2024-11-09 22:23:20	42.52297315125	101.048236425	100.5954133125	1	0	0	0	0
2024-11-09 22:23:30	42.5008301	100.9161992	100.571838	1	0	0	0	0
2024-11-09 22:23:40	42.5884361	100.72361	100.878357	1	0	0	0	0
2024-11-09 22:23:50	42.5207168	101.1724955	101.03762449999999	1	0	0	0	0
2024-11-09 22:24:00	42.61150819607843	100.94893294117647	101.077782	1	0	0	0	0
2024-11-09 22:24:10	42.568908398148146	101.07489112962962	100.96400162962964	1	0	0	0	0
2024-11-09 22:24:20	42.57586266233766	100.92387116883117	100.78609328571429	1	0	0	0	0
2024-11-09 22:24:30	42.49691111020408	101.09565153061224	100.73784267346939	1	0	0	0	0
2024-11-09 22:24:40	42.51408071805555	101.03515815277778	100.93726019444445	1	0	0	0	0
2024-11-09 22:24:50	42.419281	100.97704350000001	100.634277	1	0	0	0	0
2024-11-09 22:25:00	42.605806917721516	100.50102502531647	101.03827462025316	1	0	0	0	0
2024-11-09 22:25:10	42.692112111538464	100.44345144230769	101.03031853846154	1	0	0	0	0
2024-11-09 22:25:20	42.67478240506329	100.80234416455696	100.98373364556963	1	0	0	0	0
2024-11-09 22:25:30	42.672884024	100.9117042	100.96763216000001	1	0	0	0	0
2024-11-09 22:25:40	42.73606906	100.83868195000001	101.1225665	1	0	0	0	0
2024-11-09 22:25:50	42.9250412084507	100.60944625352113	101.42152811267606	1	0	0	0	0
2024-11-09 22:26:00	42.90761873125	100.85118131249999	101.268364	1	0	0	0	0
2024-11-09 22:26:10	42.79851343166667	100.99614028333333	100.90970398333334	1	0	0	0	0
2024-11-09 22:26:20	42.82233943098591	100.82702749295775	100.8277102112676	1	0	0	0	0
2024-11-09 22:26:30	42.836835664	100.79031974	100.86261694	1	0	0	0	0
2024-11-09 22:26:40	42.757847285714284	100.92132352857142	100.66208974285715	1	0	0	0	0
2024-11-09 22:26:50	43.00742603278689	100.7685814262295	101.49205	1	0	0	0	0
2024-11-09 22:27:00	42.94191193258427	101.5471166741573	101.72789488764045	1	0	0	0	0
2024-11-09 22:27:10	42.8543472	101.919815	101.766365	1	0	0	0	0
2024-11-09 22:27:20	42.76225705568182	101.91601517045454	101.556685875	1	0	0	0	0
2024-11-09 22:27:30	42.58980580476191	102.07572295238096	101.294334	1	0	0	0	0
2024-11-09 22:27:40	42.6152649	101.416046	101.06205	1	0	0	0	0
2024-11-09 22:27:50	42.4666883	101.52369300000001	100.8119545	1	0	0	0	0
2024-11-09 22:28:00	42.6534462	100.603889	100.898834	1	0	0	0	0
2024-11-09 22:28:10	42.52191173913043	101.15157853623188	100.97523834782609	1	0	0	0	0
2024-11-09 22:28:20	42.459251213114754	101.53474878688525	101.14671168852459	1	0	0	0	0
2024-11-09 22:28:30	42.48769832653061	101.01033267346938	100.863224	1	0	0	0	0
2024-11-09 22:28:40	42.41814366875	100.87661335	100.64582039999999	1	0	0	0	0
2024-11-09 22:28:50	42.507799646774195	100.68241416129032	100.86420775806452	1	0	0	0	0
2024-11-09 22:29:00	42.51678356179776	100.86091393258427	100.952012247191	1	0	0	0	0
2024-11-09 22:29:10	42.59078718309859	100.86023154929578	101.17948690140845	1	0	0	0	0
2024-11-09 22:29:20	42.594002180000004	100.82983275	100.966919	1	0	0	0	0
2024-11-09 22:29:30	42.60393124905661	101.00078573584905	101.10347609433963	1	0	0	0	0
2024-11-09 22:29:40	42.642352252173914	101.2314175652174	101.319229	1	0	0	0	0
2024-11-09 22:29:50	42.70293434285714	101.25082185714285	101.54118785714286	1	0	0	0	0
2024-11-09 22:30:00	42.9297638	100.999229	101.913788	1	0	0	0	0
2024-11-09 22:30:10	42.978170337681156	101.68485271014492	102.2366995942029	1	0	0	0	0
2024-11-09 22:30:20	43.0185966	101.809326	102.394745	1	0	0	0	0
2024-11-09 22:30:30	42.6918516	102.1063140625	101.532471	1	0	0	0	0
2024-11-09 22:30:40	42.595810435897434	101.31768484615384	100.73351694871795	1	0	0	0	0
2024-11-09 22:30:50	42.432536051666666	101.56161893333334	100.66425581666667	1	0	0	0	0
2024-11-09 22:31:00	42.557615016250004	101.1126386375	101.068291	1	0	0	0	0
2024-11-09 22:31:10	42.631012919117644	101.0028091617647	101.20084398529411	1	0	0	0	0
2024-11-09 22:31:20	42.60182368591549	101.20402376056339	101.31031114084507	1	0	0	0	0
2024-11-09 22:31:30	42.805954230508476	100.99975535593221	101.7882	1	0	0	0	0
2024-11-09 22:31:40	42.96550846153846	101.04209961538461	101.95930507692307	1	0	0	0	0
2024-11-09 22:31:50	42.820606363636365	101.26665354545455	101.31533290909091	1	0	0	0	0
2024-11-09 22:32:00	42.66455458166667	101.74464463333334	101.26967741666667	1	0	0	0	0
2024-11-09 22:32:10	42.54953845714286	101.91682128571429	101.22485242857142	1	0	0	0	0
2024-11-09 22:32:20	42.54953845714286	101.91682128571429	101.22485242857142	1	0	0	0	0
2024-11-09 22:32:30	42.492810000000006	101.9311335	101.2939415	1	0	0	0	0
2024-11-09 22:32:40	42.54913418163265	101.40220685714286	101.13621287755102	1	0	0	0	0
2024-11-09 22:32:50	42.34805572857143	101.68989114285715	100.83879928571429	1	0	0	0	0
2024-11-09 22:33:00	42.59452774576271	101.19574388135592	101.51030966101695	1	0	0	0	0
2024-11-09 22:33:10	42.7996045494382	100.84998965168539	101.57838521348314	1	0	0	0	0
2024-11-09 22:33:20	42.75476287916667	101.73518834722222	101.805611	1	0	0	0	0
2024-11-09 22:33:30	42.61351333877551	102.34326201020409	101.7888647755102	1	0	0	0	0
2024-11-09 22:33:40	42.65004795102041	102.27115714285713	102.045265	1	0	0	0	0
2024-11-09 22:33:50	42.56878	101.848312	101.501221	1	0	0	0	0
2024-11-09 22:34:00	42.948858900000005	101.08085366666667	102.12743366666666	1	0	0	0	0
2024-11-09 22:34:10	43.002828942	101.2281227	102.07940583999999	1	0	0	0	0
2024-11-09 22:34:20	42.93082	101.429993	101.763542	1	0	0	0	0
2024-11-09 22:34:30	42.79272846153846	101.43993983516484	101.26452747252748	1	0	0	0	0
2024-11-09 22:34:40	42.669335196078436	101.83520735294117	101.3216	1	0	0	0	0
2024-11-09 22:34:50	42.87127637887324	101.18111174647888	101.42236936619719	1	0	0	0	0
2024-11-09 22:35:00	42.80188418461538	101.54774965384615	101.502975	1	0	0	0	0
2024-11-09 22:35:10	42.87904221153846	101.78182807692308	101.94428396153846	1	0	0	0	0
2024-11-09 22:35:20	43.105222573333336	101.48365815	102.21264926666667	1	0	0	0	0
2024-11-09 22:35:30	43.04443860875	101.9176327	102.0732741	1	0	0	0	0
2024-11-09 22:35:40	42.857901288135594	101.85059915254237	101.303337	1	0	0	0	0
2024-11-09 22:35:50	42.83720954285714	101.57990428571429	101.24972614285714	1	0	0	0	0
2024-11-09 22:36:00	42.69501773770492	101.9528935737705	101.39047949180328	1	0	0	0	0
2024-11-09 22:36:10	42.6891375	101.91096454166667	101.52498875	1	0	0	0	0
2024-11-09 22:36:20	42.77359470338983	101.5233872881356	101.562019	1	0	0	0	0
2024-11-09 22:36:30	42.7056436125	101.8044355	101.641520625	1	0	0	0	0
2024-11-09 22:36:40	42.71156427125	101.478442275	101.4616407	1	0	0	0	0
2024-11-09 22:36:50	42.62831087536232	101.73539168115943	101.3792652173913	1	0	0	0	0
2024-11-09 22:37:00	42.679663	101.48927463265306	101.457504	1	0	0	0	0
2024-11-09 22:37:10	42.995914724637686	101.22024405797102	102.18028446376812	1	0	0	0	0
2024-11-09 22:37:20	42.978324	101.59378928571428	102.08919557142858	1	0	0	0	0
2024-11-09 22:37:30	42.947895308641975	101.33351186419753	101.47142924691359	1	0	0	0	0
2024-11-09 22:37:40	42.903505	101.44068150000001	101.437027	1	0	0	0	0
2024-11-09 22:37:50	42.75506044074074	101.86552313580246	101.32605	1	0	0	0	0
2024-11-09 22:38:00	42.64536714285715	102.09013114285715	101.35666871428572	1	0	0	0	0
2024-11-09 22:38:10	42.50017437142857	101.99657880952381	101.07611735714286	1	0	0	0	0
2024-11-09 22:38:20	42.5818711440678	101.35478438983051	101.0561007457627	1	0	0	0	0
2024-11-09 22:38:30	42.53322987804878	101.22181913414634	100.892349	1	0	0	0	0
2024-11-09 22:38:40	42.523033465822785	101.25912549367088	100.98066931645569	1	0	0	0	0
2024-11-09 22:38:50	42.58601343943662	101.3911874084507	101.40496597183098	1	0	0	0	0
2024-11-09 22:39:00	42.750600285714285	101.04025785714286	101.535927	1	0	0	0	0
2024-11-09 22:39:10	42.6522865	101.094673	101.10376	1	0	0	0	0
2024-11-09 22:39:20	42.59460200689655	101.36971370689655	101.21670770689656	1	0	0	0	0
2024-11-09 22:39:30	42.5525246	101.429123	101.227119	1	0	0	0	0
2024-11-09 22:39:40	42.64905376285714	101.31431348571428	101.426445	1	0	0	0	0
2024-11-09 22:39:50	42.69166551	101.31663643333333	101.51116473333335	1	0	0	0	0
2024-11-09 22:40:00	42.71339739130435	101.47281108695653	101.64802734782609	1	0	0	0	0
2024-11-09 22:40:10	42.82069844897959	101.443845	101.802528	1	0	0	0	0
2024-11-09 22:40:20	42.775065418749996	101.42450816666667	101.428993	1	0	0	0	0
2024-11-09 22:40:30	42.74190048271605	101.23737844444445	101.16654895061728	1	0	0	0	0
2024-11-09 22:40:40	42.81686128571428	101.26483371428571	101.44292685714285	1	0	0	0	0
2024-11-09 22:40:50	42.831200933333335	101.33842	101.47950533333334	1	0	0	0	0
2024-11-09 22:41:00	42.83357017457627	101.13718430508474	101.1815	1	0	0	0	0
2024-11-09 22:41:10	42.7758963	101.48232914285714	101.29373342857143	1	0	0	0	0
2024-11-09 22:41:20	42.7964616	101.60515866666667	101.46298900000001	1	0	0	0	0
2024-11-09 22:41:30	42.86734699090909	101.46915809090909	101.52479715909091	1	0	0	0	0
2024-11-09 22:41:40	43.139251272580644	101.28035985483871	102.20522054838709	1	0	0	0	0
2024-11-09 22:41:50	43.0079079725	101.991007825	102.13064055	1	0	0	0	0
2024-11-09 22:42:00	42.72333527704918	102.30258367213115	101.50599452459016	1	0	0	0	0
2024-11-09 22:42:10	42.741842597959185	101.26168663265307	100.880585	1	0	0	0	0
2024-11-09 22:42:20	42.78872335714286	101.40560591836734	101.303955	1	0	0	0	0
2024-11-09 22:42:30	43.091891000000004	101.1529637	102.08468991428572	1	0	0	0	0
2024-11-09 22:42:40	43.09700621123596	101.54527556179775	102.00862606741573	1	0	0	0	0
2024-11-09 22:42:50	42.95256238518518	102.17129462962963	101.86931703703704	1	0	0	0	0
2024-11-09 22:43:00	42.83568538461539	102.515605	101.97438326923077	1	0	0	0	0
2024-11-09 22:43:10	42.822495180000004	101.95497639999999	101.678444	1	0	0	0	0
2024-11-09 22:43:20	43.1133026	100.83765720000001	101.6025586	1	0	0	0	0
2024-11-09 22:43:30	43.06829484782609	101.19552247826087	101.476059	1	0	0	0	0
2024-11-09 22:43:40	43.15569141428571	100.93347157142857	101.49951385714286	1	0	0	0	0
2024-11-09 22:43:50	42.859884262499996	102.103593	101.42174924999999	1	0	0	0	0
2024-11-09 22:44:00	42.864274255714285	101.83964471428571	101.52333914285714	1	0	0	0	0
2024-11-09 22:44:10	42.880756754761904	101.3310903095238	101.401993	1	0	0	0	0
2024-11-09 22:44:20	42.99051682978723	101.03751885106384	101.482811	1	0	0	0	0
2024-11-09 22:44:30	42.891340462857144	101.38224842857143	101.3340509	1	0	0	0	0
2024-11-09 22:44:40	42.87282083970588	101.34803573529412	101.2666205	1	0	0	0	0
2024-11-09 22:44:50	42.85359	101.371826	101.290161	1	0	0	0	0
2024-11-09 22:45:00	42.86544357142857	101.27894978571429	101.28014831428573	1	0	0	0	0
2024-11-09 22:45:10	42.931529620253166	101.13146743037976	101.389992	1	0	0	0	0
2024-11-09 22:45:20	42.82691514509804	101.59444392156863	101.36994278431372	1	0	0	0	0
2024-11-09 22:45:30	42.90425307692308	101.42826746153847	101.609161	1	0	0	0	0
2024-11-09 22:45:40	43.027435752	101.16959589999999	101.68790694	1	0	0	0	0
2024-11-09 22:45:50	43.01734727926829	101.10030576829269	101.47615580487805	1	0	0	0	0
2024-11-09 22:46:00	42.81334809552239	101.7499643880597	101.29334310447761	1	0	0	0	0
2024-11-09 22:46:10	43.14325	101.27247833333332	102.2235	1	0	0	0	0
2024-11-09 22:46:20	43.15258951632653	101.56111855102041	102.128006	1	0	0	0	0
2024-11-09 22:46:30	42.86275226666667	102.40202566666666	101.88210033333334	1	0	0	0	0
2024-11-09 22:46:40	42.80962651372549	102.47787894117647	101.94307398039216	1	0	0	0	0
2024-11-09 22:46:50	42.84783091136364	101.87201022727272	101.77824797727273	1	0	0	0	0
2024-11-09 22:47:00	42.91630191857143	101.70861455714287	101.96824011428572	1	0	0	0	0
2024-11-09 22:47:10	42.91865127078651	101.66187658426966	101.84197338202247	1	0	0	0	0
2024-11-09 22:47:20	42.97959	101.65493	101.920929	1	0	0	0	0
2024-11-09 22:47:30	42.87453714285714	101.46746657142857	101.408761	1	0	0	0	0
2024-11-09 22:47:40	42.8331224	101.52583264	101.41497	1	0	0	0	0
2024-11-09 22:47:50	42.885026253164554	101.47008237974684	101.57473907594937	1	0	0	0	0
2024-11-09 22:48:00	42.780174028169014	101.54394298591549	101.28596511267605	1	0	0	0	0
2024-11-09 22:48:10	42.805402377142855	101.3522919	101.33334278571428	1	0	0	0	0
2024-11-09 22:48:20	42.957191498	101.32663389999999	102.02780388000001	1	0	0	0	0
2024-11-09 22:48:30	42.8704401	101.78057854285714	101.85550502857143	1	0	0	0	0
2024-11-09 22:48:40	42.91645306666666	101.57750966666667	101.75404366666667	1	0	0	0	0
2024-11-09 22:48:50	42.90843569565217	101.50319534782608	101.68523673913043	1	0	0	0	0
2024-11-09 22:49:00	42.74309429508197	101.97210696721311	101.5578763442623	1	0	0	0	0
2024-11-09 22:49:10	42.840184395604396	101.43287642857143	101.50771546153845	1	0	0	0	0
2024-11-09 22:49:20	42.98189187428571	101.0953834857143	101.77699318571429	1	0	0	0	0
2024-11-09 22:49:30	42.7985692761194	101.87678437313433	101.78085556716418	1	0	0	0	0
2024-11-09 22:49:40	42.83818173	101.82683183333333	101.876213	1	0	0	0	0
2024-11-09 22:49:50	42.85721447826087	101.69076546376812	101.83950388405798	1	0	0	0	0
2024-11-09 22:50:00	42.80753240506329	102.1045888227848	101.931097278481	1	0	0	0	0
2024-11-09 22:50:10	42.781742779661016	101.8628836779661	101.72388245762711	1	0	0	0	0
2024-11-09 22:50:20	42.76208113673469	101.87017193877551	101.725189	1	0	0	0	0
2024-11-09 22:50:30	42.909996	101.392128	101.88636	1	0	0	0	0
2024-11-09 22:50:40	42.77081	101.707756	101.602463	1	0	0	0	0
2024-11-09 22:50:50	42.67486987848101	101.75281541772151	101.35660475949366	1	0	0	0	0
2024-11-09 22:51:00	42.72466938028169	101.36906023943662	101.39609908450704	1	0	0	0	0
2024-11-09 22:51:10	42.66039783606558	101.32024421311476	101.08943450819672	1	0	0	0	0
2024-11-09 22:51:20	42.79071239714286	101.12733482857142	101.52235635714287	1	0	0	0	0
2024-11-09 22:51:30	42.68565911428571	101.43482728571429	101.382446	1	0	0	0	0
2024-11-09 22:51:40	42.72536618809524	101.26485966666667	101.336044	1	0	0	0	0
2024-11-09 22:51:50	42.847297078651685	101.03122431460675	101.54676747191012	1	0	0	0	0
2024-11-09 22:52:00	42.9091947	101.46863175	102.03771625	1	0	0	0	0
2024-11-09 22:52:10	43.06165052	101.3191176	102.0690554	1	0	0	0	0
2024-11-09 22:52:20	42.97669860869565	101.66031343478261	101.70511782608696	1	0	0	0	0
2024-11-09 22:52:30	43.05668583098591	101.49288976056339	101.78166183098591	1	0	0	0	0
2024-11-09 22:52:40	43.00981401372549	102.13889474509804	102.12462686274509	1	0	0	0	0
2024-11-09 22:52:50	42.976870932857146	102.10251238571428	101.85679522857143	1	0	0	0	0
2024-11-09 22:53:00	42.93243718	101.96127825	101.63485435	1	0	0	0	0
2024-11-09 22:53:10	42.96026300674157	101.46295725842697	101.39550434831462	1	0	0	0	0
2024-11-09 22:53:20	42.938593600000004	101.47070703797469	101.4304924556962	1	0	0	0	0
2024-11-09 22:53:30	43.05358852957746	101.44929357746479	101.86331825352113	1	0	0	0	0
2024-11-09 22:53:40	43.17029345	101.6236725	102.270187	1	0	0	0	0
2024-11-09 22:53:50	43.077691685000005	101.99327555	101.93622314999999	1	0	0	0	0
2024-11-09 22:54:00	42.757121012068964	102.42193120689656	101.24720479310345	1	0	0	0	0
2024-11-09 22:54:10	42.65602092786885	101.93826672131148	100.930611	1	0	0	0	0
2024-11-09 22:54:20	42.76276085316456	101.37475658227848	101.14004062025317	1	0	0	0	0
2024-11-09 22:54:30	42.622738427142856	101.11712044285714	100.60554908571429	1	0	0	0	0
2024-11-09 22:54:40	42.536897675999995	101.1405202	100.571892	1	0	0	0	0
2024-11-09 22:54:50	42.45783156	101.10812030000001	100.5223196	1	0	0	0	0
2024-11-09 22:55:00	42.779898424590165	100.8359448852459	101.60575098360655	1	0	0	0	0
2024-11-09 22:55:10	43.006695375	100.3163911125	101.555405	1	0	0	0	0
2024-11-09 22:55:20	43.05484392375	100.964059325	101.796167325	1	0	0	0	0
2024-11-09 22:55:30	42.93247313	101.138104075	101.297620925	1	0	0	0	0
2024-11-09 22:55:40	42.75642926530612	101.38824510204081	100.934441	1	0	0	0	0
2024-11-09 22:55:50	42.6094682962963	101.0195062962963	100.4255884074074	1	0	0	0	0
2024-11-09 22:56:00	42.5560742881356	100.97911677966103	100.58040111864406	1	0	0	0	0
2024-11-09 22:56:10	42.643023067307695	100.90913190384616	100.840996	1	0	0	0	0
2024-11-09 22:56:20	42.84748424927537	100.72148005797102	101.2921830289855	1	0	0	0	0
2024-11-09 22:56:30	42.97818256	100.77678188333334	101.47406825	1	0	0	0	0
2024-11-09 22:56:40	42.84180529807693	101.53139178846155	101.49871192307693	1	0	0	0	0
2024-11-09 22:56:50	42.57252845	101.5884931	100.7955021	1	0	0	0	0
2024-11-09 22:57:00	42.46867056470588	101.58556164705882	100.8236	1	0	0	0	0
2024-11-09 22:57:10	42.80906915365854	100.50876425609756	101.17205131707317	1	0	0	0	0
2024-11-09 22:57:20	42.83829550857143	100.75494268571428	101.29813047142856	1	0	0	0	0
2024-11-09 22:57:30	43.00110118522727	100.84250435227273	101.68993352272727	1	0	0	0	0
2024-11-09 22:57:40	43.0363134	101.15973509999999	101.65403	1	0	0	0	0
2024-11-09 22:57:50	42.68179307692308	102.59236223076923	101.80538466666667	1	0	0	0	0
2024-11-09 22:58:00	42.88966764705882	101.55774811764705	101.782275	1	0	0	0	0
2024-11-09 22:58:10	43.111964814	101.21229598	102.00857074	1	0	0	0	0
2024-11-09 22:58:20	43.197331735211264	101.65989590140845	102.36871323943662	1	0	0	0	0
2024-11-09 22:58:30	43.035772696629216	102.38808651685393	102.31843483146068	1	0	0	0	0
2024-11-09 22:58:40	43.01403	102.31176	102.2265	1	0	0	0	0
2024-11-09 22:58:50	43.12379468831168	101.8668508961039	102.15420485714286	1	0	0	0	0
2024-11-09 22:59:00	43.29584035581395	102.2833148139535	103.12471	1	0	0	0	0
2024-11-09 22:59:10	43.58640384102564	102.27206696153847	103.62734332051282	1	0	0	0	0
2024-11-09 22:59:20	43.47689194918033	103.37452040983607	103.67970924590163	1	0	0	0	0
2024-11-09 22:59:30	43.583610944444445	103.39341833333333	103.91957155555556	1	0	0	0	0
2024-11-09 22:59:40	43.555014320000005	103.4493776	103.640251	1	0	0	0	0
2024-11-09 22:59:50	43.3529975	103.5579375	103.036445875	1	0	0	0	0
2024-11-09 23:00:00	43.07079908823529	103.45233638235294	102.25225326470589	1	0	0	0	0
2024-11-09 23:00:10	43.47442832	101.42378636000001	102.04351688	1	0	0	0	0
2024-11-09 23:00:20	43.559578787096775	102.13283541935485	102.66615241935484	1	0	0	0	0
2024-11-09 23:00:30	43.09761515795455	103.67332334090909	102.4663918409091	1	0	0	0	0
2024-11-09 23:00:40	42.95019487692308	103.50914848076923	102.32672555769231	1	0	0	0	0
2024-11-09 23:00:50	43.38027678987342	102.05270281012658	102.44020362025317	1	0	0	0	0
2024-11-09 23:01:00	43.248839591836735	102.41497902040817	102.095993	1	0	0	0	0
2024-11-09 23:01:10	43.0038	102.834435	102.040871	1	0	0	0	0
2024-11-09 23:01:20	43.168956123943666	103.01380487323944	103.0724293943662	1	0	0	0	0
2024-11-09 23:01:30	43.27597625	103.10145961250001	103.4398531375	1	0	0	0	0
2024-11-09 23:01:40	43.309106320253164	102.62224053164556	102.8696648607595	1	0	0	0	0
2024-11-09 23:01:50	42.952570474647885	102.64564532394365	101.54864050704225	1	0	0	0	0
2024-11-09 23:02:00	42.94025091549296	101.73969146478873	101.1533014084507	1	0	0	0	0
2024-11-09 23:02:10	42.959906952380955	101.84845892857143	101.499664	1	0	0	0	0
2024-11-09 23:02:20	42.974287676923076	101.71549038461539	101.55173976923078	1	0	0	0	0
2024-11-09 23:02:30	43.07573716790123	101.71885043209876	102.01197060493827	1	0	0	0	0
2024-11-09 23:02:40	43.10256189873418	101.63953293670886	101.89445810126583	1	0	0	0	0
2024-11-09 23:02:50	43.07576	100.8192	100.8593	1	0	0	0	0
2024-11-09 23:03:00	42.8813171	101.96405	101.38018	1	0	0	0	0
2024-11-09 23:03:10	42.982029649333334	101.46933121333333	101.53921142666667	1	0	0	0	0
2024-11-09 23:03:20	43.0393448	101.347717	101.733315	1	0	0	0	0
2024-11-09 23:03:30	42.97604248148148	101.50169907407408	101.5022585925926	1	0	0	0	0
2024-11-09 23:03:40	42.94628043461538	101.66594133333334	101.55263515384615	1	0	0	0	0
2024-11-09 23:03:50	42.89963573934426	101.78501157377049	101.5881801147541	1	0	0	0	0
2024-11-09 23:04:00	43.018677590196084	101.85258992156862	102.11205092156862	1	0	0	0	0
2024-11-09 23:04:10	43.08672700416667	101.82968727083333	102.20086239583333	1	0	0	0	0
2024-11-09 23:04:20	43.08475695714286	101.92431189795919	102.06510963265306	1	0	0	0	0
2024-11-09 23:04:30	43.4275322	101.766945	102.912979	1	0	0	0	0
2024-11-09 23:04:40	43.075741796610174	102.50470901694916	102.06383603389831	1	0	0	0	0
2024-11-09 23:04:50	42.8611526	102.527672	101.5091	1	0	0	0	0
2024-11-09 23:05:00	43.128816996	101.24066252	101.5635234	1	0	0	0	0
2024-11-09 23:05:10	42.99510946794872	101.52215903846154	101.37413388461538	1	0	0	0	0
2024-11-09 23:05:20	43.12073359275362	101.21706849275363	101.58919982608695	1	0	0	0	0
2024-11-09 23:05:30	43.08073185	101.43414525	101.56014075	1	0	0	0	0
2024-11-09 23:05:40	42.8885841	101.493347	100.955	1	0	0	0	0
2024-11-09 23:05:50	42.775498724637686	101.52672610144928	100.9105672173913	1	0	0	0	0
2024-11-09 23:06:00	42.730355450000005	101.35451195	100.8392608	1	0	0	0	0
2024-11-09 23:06:10	42.731472	101.28315	101.014076	1	0	0	0	0
2024-11-09 23:06:20	42.920676770212765	101.05714714893617	101.647926	1	0	0	0	0
2024-11-09 23:06:30	42.77897658314607	101.56923202247191	101.49149486516853	1	0	0	0	0
2024-11-09 23:06:40	42.70813606721312	101.51202081967213	101.15345749180328	1	0	0	0	0
2024-11-09 23:06:50	42.68833508227848	101.36413748101266	101.18679226582279	1	0	0	0	0
2024-11-09 23:07:00	42.45007658833333	101.43892303333334	100.470406	1	0	0	0	0
2024-11-09 23:07:10	42.759822802857144	101.19854667142857	101.60458758571428	1	0	0	0	0
2024-11-09 23:07:20	42.78728117647059	100.69688782352941	101.116219	1	0	0	0	0
2024-11-09 23:07:30	42.62150316455696	101.42807037974684	101.1434892658228	1	0	0	0	0
2024-11-09 23:07:40	42.77594467741936	100.98741722580644	101.27865474193548	1	0	0	0	0
2024-11-09 23:07:50	42.83573977407407	100.96631098765432	101.33471809876544	1	0	0	0	0
2024-11-09 23:08:00	42.919759710126584	100.88092521518988	101.36252718987342	1	0	0	0	0
2024-11-09 23:08:10	43.02298761904762	101.3078283095238	101.86188619047618	1	0	0	0	0
2024-11-09 23:08:20	43.11194726530612	102.66640046938775	103.111336	1	0	0	0	0
2024-11-09 23:08:30	43.389910207142854	102.51607525714286	103.5515092	1	0	0	0	0
2024-11-09 23:08:40	43.5244955325	102.64125957499999	103.611181375	1	0	0	0	0
2024-11-09 23:08:50	43.183805458227845	102.9052962278481	102.13330227848101	1	0	0	0	0
2024-11-09 23:09:00	42.94051965633803	102.4326063802817	101.15291166197183	1	0	0	0	0
2024-11-09 23:09:10	42.95021908148148	101.7801541111111	100.987648	1	0	0	0	0
2024-11-09 23:09:20	42.896916229411765	101.62577552941177	100.97784941176471	1	0	0	0	0
2024-11-09 23:09:30	42.88175057142857	101.340922	101.034035	1	0	0	0	0
2024-11-09 23:09:40	42.738294929577464	101.72246383098592	101.08450683098592	1	0	0	0	0
2024-11-09 23:09:50	42.710537	101.97805	101.475929	1	0	0	0	0
2024-11-09 23:10:00	42.93956140632911	101.76014556962025	102.18486189873417	1	0	0	0	0
2024-11-09 23:10:10	43.1985643902439	101.5124513414634	102.701904	1	0	0	0	0
2024-11-09 23:10:20	43.279699844680856	101.60715344680851	102.5214	1	0	0	0	0
2024-11-09 23:10:30	43.274525733333334	102.164444	102.59240199999999	1	0	0	0	0
2024-11-09 23:10:40	43.29192704225352	102.48644773239437	102.81850526760563	1	0	0	0	0
2024-11-09 23:10:50	43.4332825	102.584544	103.00673387500001	1	0	0	0	0
2024-11-09 23:11:00	43.10071795081967	103.13483047540983	102.192117	1	0	0	0	0
2024-11-09 23:11:10	43.10593576	102.2616223	101.83809465	1	0	0	0	0
2024-11-09 23:11:20	42.96341	101.933029	101.197731	1	0	0	0	0
2024-11-09 23:11:30	42.82312689873417	101.91585855696204	101.08608887341772	1	0	0	0	0
2024-11-09 23:11:40	42.901043764583335	101.4616503125	101.302353	1	0	0	0	0
2024-11-09 23:11:50	42.74303225925926	101.68232016049383	100.98867587654321	1	0	0	0	0
2024-11-09 23:12:00	42.860774536619715	101.55024395774647	101.47036091549296	1	0	0	0	0
2024-11-09 23:12:10	42.952757434999995	101.3424018	101.69898175	1	0	0	0	0
2024-11-09 23:12:20	42.91640134523809	101.77847952380952	101.87080578571428	1	0	0	0	0
2024-11-09 23:12:30	42.844866673913046	101.23100144927535	101.04170043478261	1	0	0	0	0
2024-11-09 23:12:40	42.645752664	101.54202354	100.71683156	1	0	0	0	0
2024-11-09 23:12:50	42.86307115384615	101.19094546153846	101.57446546153845	1	0	0	0	0
2024-11-09 23:13:00	43.23163868852459	100.97172360655738	102.44599408196721	1	0	0	0	0
2024-11-09 23:13:10	43.17870591011236	102.29067325842698	102.87844888764045	1	0	0	0	0
2024-11-09 23:13:20	43.077739536	102.91269452	102.91720581999999	1	0	0	0	0
2024-11-09 23:13:30	42.88992248405797	102.78315920289855	102.01606343478261	1	0	0	0	0
2024-11-09 23:13:40	42.97634147058824	101.60708452941176	101.457855	1	0	0	0	0
2024-11-09 23:13:50	42.860659142857145	101.62638444285714	101.27826272857143	1	0	0	0	0
2024-11-09 23:14:00	43.01183539325843	101.32727446067416	101.5821653483146	1	0	0	0	0
2024-11-09 23:14:10	43.12817500625	101.36117575	101.993713	1	0	0	0	0
2024-11-09 23:14:20	42.900432611666666	101.50494625	101.13454221666666	1	0	0	0	0
2024-11-09 23:14:30	42.69275768571429	101.49598571428571	100.49934685714285	1	0	0	0	0
2024-11-09 23:14:40	42.579827694	101.23588842000001	100.29852868	1	0	0	0	0
2024-11-09 23:14:50	42.811019984615385	100.83511973076924	101.04423184615385	1	0	0	0	0
2024-11-09 23:15:00	43.12691585409836	100.72663444262295	102.00759318032786	1	0	0	0	0
2024-11-09 23:15:10	43.42478836666667	101.282555	103.03312666666666	1	0	0	0	0
2024-11-09 23:15:20	43.316182352112676	102.57215143661972	103.207138	1	0	0	0	0
2024-11-09 23:15:30	43.465920571428576	102.82352657142857	103.70453114285714	1	0	0	0	0
2024-11-09 23:15:40	43.35533897959184	103.01594018367346	103.069595	1	0	0	0	0
2024-11-09 23:15:50	43.346333264516126	103.26738472580647	103.27921848387096	1	0	0	0	0
2024-11-09 23:16:00	43.388369304347826	102.74729460869565	102.89180839130435	1	0	0	0	0
2024-11-09 23:16:10	43.4931259	102.544708	103.038681	1	0	0	0	0
2024-11-09 23:16:20	43.401928550724634	103.2169203768116	103.22698897101449	1	0	0	0	0
2024-11-09 23:16:30	43.09365366666667	103.16495595	102.09468378333334	1	0	0	0	0
2024-11-09 23:16:40	43.0597827	101.978689	101.410575	1	0	0	0	0
2024-11-09 23:16:50	43.179920996296296	101.58183937037037	101.5390262962963	1	0	0	0	0
2024-11-09 23:17:00	42.98379965806451	101.572908	100.9486979516129	1	0	0	0	0
2024-11-09 23:17:10	43.01902265168539	101.69069161797754	101.53256116853933	1	0	0	0	0
2024-11-09 23:17:20	43.1269811971831	101.59757923943663	102.03376149295775	1	0	0	0	0
2024-11-09 23:17:30	43.19093200166667	101.65021853333333	102.09214	1	0	0	0	0
2024-11-09 23:17:40	43.20155576271186	101.70798130508474	101.95779333898305	1	0	0	0	0
2024-11-09 23:17:50	42.853158239436624	102.23745483098591	101.226173	1	0	0	0	0
2024-11-09 23:18:00	42.926925805797104	101.51579776811595	101.22815275362319	1	0	0	0	0
2024-11-09 23:18:10	42.5614853	102.063141	100.647682	1	0	0	0	0
2024-11-09 23:18:20	42.727365785507246	101.31204053623188	100.91966460869565	1	0	0	0	0
2024-11-09 23:18:30	42.943538375	101.16176095	101.6162079625	1	0	0	0	0
2024-11-09 23:18:40	42.98796106734694	101.07417755102041	101.38990171428571	1	0	0	0	0
2024-11-09 23:18:50	42.92546597826087	101.211437	101.12788760869564	1	0	0	0	0
2024-11-09 23:19:00	42.85446893220339	100.9545759322034	100.68770508474576	1	0	0	0	0
2024-11-09 23:19:10	42.655779074074076	101.29187925925926	100.5072	1	0	0	0	0
2024-11-09 23:19:20	42.57714121022727	100.9704093409091	100.30035260227272	1	0	0	0	0
2024-11-09 23:19:30	42.56879747638889	100.9437367638889	100.590931875	1	0	0	0	0
2024-11-09 23:19:40	42.63903347826087	101.28838769565216	101.27874	1	0	0	0	0
2024-11-09 23:19:50	43.186384499999996	100.6053772	102.2392253375	1	0	0	0	0
2024-11-09 23:20:00	43.004855863636365	101.6147099090909	101.92773765151514	1	0	0	0	0
2024-11-09 23:20:10	42.78481264705883	102.1617268235294	101.711082	1	0	0	0	0
2024-11-09 23:20:20	42.82517039215686	101.52736505882353	101.38577807843137	1	0	0	0	0
2024-11-09 23:20:30	42.81889093670886	101.52344158227848	101.53684455696204	1	0	0	0	0
2024-11-09 23:20:40	42.94700552244898	101.48115155102042	101.91733112244899	1	0	0	0	0
2024-11-09 23:20:50	43.40252634285714	100.99470971428572	102.7171967142857	1	0	0	0	0
2024-11-09 23:21:00	43.332499694915256	101.75853013559322	102.61313649152542	1	0	0	0	0
2024-11-09 23:21:10	43.22124774606741	102.60374974157303	102.79405974157304	1	0	0	0	0
2024-11-09 23:21:20	43.241300994444444	102.96430226388888	103.04062240277779	1	0	0	0	0
2024-11-09 23:21:30	43.28259904606742	102.70614933707866	102.82680996629213	1	0	0	0	0
2024-11-09 23:21:40	42.907269428571425	102.80538281632653	101.587746	1	0	0	0	0
2024-11-09 23:21:50	43.332354369444445	101.39709652777778	102.0116682638889	1	0	0	0	0
2024-11-09 23:22:00	43.205218359154934	101.52948164788732	101.59058549295776	1	0	0	0	0
2024-11-09 23:22:10	43.04518598	101.77594500000001	101.26830041999999	1	0	0	0	0
2024-11-09 23:22:20	42.76427145833333	101.80533601666667	100.60011036666667	1	0	0	0	0
2024-11-09 23:22:30	42.576514056179775	101.41693221348314	100.2126595505618	1	0	0	0	0
2024-11-09 23:22:40	42.522918000000004	101.0347012	100.2658206	1	0	0	0	0
2024-11-09 23:22:50	42.64670206721311	100.7939612295082	100.766579	1	0	0	0	0
2024-11-09 23:23:00	42.76166	100.900276	101.3062	1	0	0	0	0
2024-11-09 23:23:10	42.779150307692305	100.80164132051283	101.04144076923077	1	0	0	0	0
2024-11-09 23:23:20	42.7995338	100.759956	101.007484	1	0	0	0	0
2024-11-09 23:23:30	42.70758285714286	101.1910278131868	101.09976229670329	1	0	0	0	0
2024-11-09 23:23:40	42.815893333333335	100.97205633333333	101.379959	1	0	0	0	0
2024-11-09 23:23:50	42.69581868169014	101.24705183098591	101.08505502816901	1	0	0	0	0
2024-11-09 23:24:00	42.70157209677419	101.27264103225806	101.13794262903225	1	0	0	0	0
2024-11-09 23:24:10	42.8597485	101.27709572916666	101.40465897916667	1	0	0	0	0
2024-11-09 23:24:20	42.5744276125	101.968047	101.149355875	1	0	0	0	0
2024-11-09 23:24:30	42.59529080649351	101.10098277922079	100.70979428571428	1	0	0	0	0
2024-11-09 23:24:40	42.855401825	100.36966675	101.04685625	1	0	0	0	0
2024-11-09 23:24:50	43.09002205714285	100.838347	102.103813	1	0	0	0	0
2024-11-09 23:25:00	42.9063721	102.346	102.340904	1	0	0	0	0
2024-11-09 23:25:10	42.967197999999996	101.9792483	102.23394	1	0	0	0	0
2024-11-09 23:25:20	42.84972404776119	102.01484834328359	101.82758728358209	1	0	0	0	0
2024-11-09 23:25:30	42.85803514390244	101.6899362804878	101.61416141463415	1	0	0	0	0
2024-11-09 23:25:40	42.85803514390244	101.6899362804878	101.61416141463415	1	0	0	0	0
2024-11-09 23:25:50	42.847333628571434	101.42354685714285	101.45594	1	0	0	0	0
2024-11-09 23:26:00	42.847333628571434	101.69452804918033	101.61475016393443	1	0	0	0	0
2024-11-09 23:26:10	43.120236085106384	101.48314991489362	102.381783	1	0	0	0	0
2024-11-09 23:26:20	43.120236085106384	101.48314991489362	102.381783	1	0	0	0	0
2024-11-09 23:26:30	43.56042711111112	102.55413255555555	103.79573488888889	1	0	0	0	0
2024-11-09 23:26:40	43.41592633333334	102.78178131666667	103.0736945	1	0	0	0	0
2024-11-09 23:26:50	43.36957099875	102.7304230875	102.76785367500001	1	0	0	0	0
2024-11-09 23:27:00	43.02842968	103.0063386	101.836243	1	0	0	0	0
2024-11-09 23:27:10	43.02842968	103.0063386	101.836243	1	0	0	0	0
2024-11-09 23:27:20	43.5127228	101.36254170000001	102.132248	1	0	0	0	0
2024-11-09 23:27:30	42.97552945795454	102.38892825	101.32863287500001	1	0	0	0	0
2024-11-09 23:27:40	42.76588	101.803551	100.59977	1	0	0	0	0
2024-11-09 23:27:50	42.78229682278481	101.35541249367088	100.67428392405063	1	0	0	0	0
2024-11-09 23:28:00	42.78229682278481	101.35541249367088	100.67428392405063	1	0	0	0	0
2024-11-09 23:28:10	42.69312743877551	101.20796434693878	100.81308432653061	1	0	0	0	0
2024-11-09 23:28:20	42.662468	101.537613	101.222855	1	0	0	0	0
2024-11-09 23:28:30	42.662468	101.537613	101.222855	1	0	0	0	0
2024-11-09 23:28:40	42.57040077613637	100.73846869318182	100.51034880681819	1	0	0	0	0
2024-11-09 23:28:50	42.57040077613637	100.73846869318182	100.51034880681819	1	0	0	0	0
2024-11-09 23:29:00	42.7173843	100.568504	101.122414	1	0	0	0	0
2024-11-09 23:29:10	42.90846782051282	100.7812105	101.78015716666667	1	0	0	0	0
2024-11-09 23:29:20	43.10803306122449	100.55908906122448	101.86947585714286	1	0	0	0	0
2024-11-09 23:29:30	43.10803306122449	100.55908906122448	101.86947585714286	1	0	0	0	0
2024-11-09 23:29:40	42.832545797183094	101.69555352112677	101.48151833802817	1	0	0	0	0
2024-11-09 23:29:50	42.832545797183094	101.69555352112677	101.48151833802817	1	0	0	0	0
2024-11-09 23:30:00	43.3769549173913	101.44289256521739	102.72751078260869	1	0	0	0	0
2024-11-09 23:30:10	43.24930578888889	102.55812612962963	102.9067937037037	1	0	0	0	0
2024-11-09 23:30:20	43.39537894634147	102.59209675609756	103.21648192682926	1	0	0	0	0
2024-11-09 23:30:30	43.45539013913044	102.6956887826087	103.21471413043479	1	0	0	0	0
2024-11-09 23:30:40	43.513130544262296	102.7236005737705	103.13288893442623	1	0	0	0	0
2024-11-09 23:30:50	43.393073258426966	102.96074494382022	102.75265565168539	1	0	0	0	0
2024-11-09 23:31:00	43.08202276153846	103.36162484615386	102.11864126923078	1	0	0	0	0
2024-11-09 23:31:10	43.011519901639346	103.01949747540984	101.9487036557377	1	0	0	0	0
2024-11-09 23:31:20	42.916460263934425	102.32317837704919	101.35515340983606	1	0	0	0	0
2024-11-09 23:31:30	43.01874087142857	101.45668242857143	101.45559685714287	1	0	0	0	0
2024-11-09 23:31:40	43.20113315918367	100.91388102040816	101.59074600000001	1	0	0	0	0
2024-11-09 23:31:50	42.969408197802196	101.5605588021978	101.12005218681318	1	0	0	0	0
2024-11-09 23:32:00	42.83520433333334	101.92331966666667	101.28222366666667	1	0	0	0	0
2024-11-09 23:32:10	42.78916411764706	101.81047723529412	101.29603149019607	1	0	0	0	0
2024-11-09 23:32:20	42.7159004	101.594305	101.102554	1	0	0	0	0
2024-11-09 23:32:30	42.87199428571429	101.26732614285714	101.47310357142857	1	0	0	0	0
2024-11-09 23:32:40	42.829239419047624	101.49571630952381	101.49895059523809	1	0	0	0	0
2024-11-09 23:32:50	43.124417640909094	101.14252482954545	102.10475877272727	1	0	0	0	0
2024-11-09 23:33:00	43.34432	100.9179	102.2944	1	0	0	0	0
2024-11-09 23:33:10	42.96951671910113	102.55048852808989	102.24000659550562	1	0	0	0	0
2024-11-09 23:33:20	42.9092601483871	102.24727817741936	101.89147262903225	1	0	0	0	0
2024-11-09 23:33:30	43.16863147428572	101.62072034285714	102.14459844285714	1	0	0	0	0
2024-11-09 23:33:40	43.194047843137255	101.68400647058824	101.944511	1	0	0	0	0
2024-11-09 23:33:50	42.9799167948718	102.20070715384615	101.71383461538461	1	0	0	0	0
2024-11-09 23:34:00	42.97631901265823	102.01911401265824	101.80239798734176	1	0	0	0	0
2024-11-09 23:34:10	42.93462984	102.0332858	101.594351	1	0	0	0	0
2024-11-09 23:34:20	42.85141	101.8346936	101.369743	1	0	0	0	0
2024-11-09 23:34:30	42.7939	101.929756	101.39595	1	0	0	0	0
2024-11-09 23:34:40	42.59948	101.27124	100.379784	1	0	0	0	0
2024-11-09 23:34:50	42.81148100886076	101.0088567721519	101.02699479746835	1	0	0	0	0
2024-11-09 23:35:00	42.71850746478873	101.0721098169014	100.78498325352113	1	0	0	0	0
2024-11-09 23:35:10	42.68873668852459	100.75583978688525	100.45594313114754	1	0	0	0	0
2024-11-09 23:35:20	42.586422	100.964569	100.469482	1	0	0	0	0
2024-11-09 23:35:30	42.44763860886076	100.8768735443038	100.22042153164557	1	0	0	0	0
2024-11-09 23:35:40	42.341538024390246	100.75547021951219	99.94542	1	0	0	0	0
2024-11-09 23:35:50	42.38463329113924	100.63140241772152	100.26458278481012	1	0	0	0	0
2024-11-09 23:36:00	42.431491443478265	100.51726220289855	100.4156993768116	1	0	0	0	0
2024-11-09 23:36:10	42.45844	100.560074	100.491791	1	0	0	0	0
2024-11-09 23:36:20	42.742598816666664	99.61405833333333	100.64189266666668	1	0	0	0	0
2024-11-09 23:36:30	42.637458721311475	100.34721885245902	100.64859216393442	1	0	0	0	0
2024-11-09 23:36:40	42.60541928627451	100.53784933333334	100.6769903137255	1	0	0	0	0
2024-11-09 23:36:50	42.83761345915493	100.51565825352112	101.13025247887325	1	0	0	0	0
2024-11-09 23:37:00	42.81152516774194	101.36988382258065	101.5473061935484	1	0	0	0	0
2024-11-09 23:37:10	42.55925649775281	101.90462292134832	101.08289357303372	1	0	0	0	0
2024-11-09 23:37:20	42.66008055	101.11498830769231	101.05354446153846	1	0	0	0	0
2024-11-09 23:37:30	42.63498318450704	101.04775115492957	100.90439909859155	1	0	0	0	0
2024-11-09 23:37:40	42.60216350909091	101.01149654545453	100.80703563636364	1	0	0	0	0
2024-11-09 23:37:50	42.6381176	100.72903084057971	100.703262	1	0	0	0	0
2024-11-09 23:38:00	42.849506235294115	100.4617960117647	101.21342764705882	1	0	0	0	0
2024-11-09 23:38:10	42.759680384615386	100.76007298076922	100.88701811538462	1	0	0	0	0
2024-11-09 23:38:20	42.721125217391304	100.94730117391305	100.99776791304348	1	0	0	0	0
2024-11-09 23:38:30	42.90343389756098	100.32446515853658	101.024254	1	0	0	0	0
2024-11-09 23:38:40	42.680516	100.8386748	100.63242079999999	1	0	0	0	0
2024-11-09 23:38:50	42.74700860655738	100.90033688524589	101.050095	1	0	0	0	0
2024-11-09 23:39:00	43.00932490196078	100.40475490196079	101.44535676470588	1	0	0	0	0
2024-11-09 23:39:10	42.859263066666664	100.87103145679012	100.98903730864198	1	0	0	0	0
2024-11-09 23:39:20	42.7526044	101.00908633333333	100.7543395	1	0	0	0	0
2024-11-09 23:39:30	42.7545827	100.85592	100.779137	1	0	0	0	0
2024-11-09 23:39:40	42.9353943	100.009781	100.804955	1	0	0	0	0
2024-11-09 23:39:50	42.96028381	100.88059700000001	101.489731	1	0	0	0	0
2024-11-09 23:40:00	42.96301236666667	101.057007	101.40762600000001	1	0	0	0	0
2024-11-09 23:40:10	42.93571273934426	101.02754208196721	100.97174718032787	1	0	0	0	0
2024-11-09 23:40:20	42.86271571428571	101.02113571428572	100.86317857142858	1	0	0	0	0
2024-11-09 23:40:30	42.78657	101.371544	101.1333	1	0	0	0	0
2024-11-09 23:40:40	43.114968446938775	101.13174120408164	102.2305530612245	1	0	0	0	0
2024-11-09 23:40:50	43.30820085	101.160792	102.442871	1	0	0	0	0
2024-11-09 23:41:00	43.186227554761906	102.34960492857142	102.685822	1	0	0	0	0
2024-11-09 23:41:10	43.373559792307695	102.54623657692308	103.21729803846154	1	0	0	0	0
2024-11-09 23:41:20	43.568070517391305	102.62662891304349	103.63959911956522	1	0	0	0	0
2024-11-09 23:41:30	43.52815480869565	103.08143613043478	103.396019	1	0	0	0	0
2024-11-09 23:41:40	43.51521674901961	102.94548052941177	103.13074919607843	1	0	0	0	0
2024-11-09 23:41:50	43.50281230147059	103.08024977941177	103.17334477941176	1	0	0	0	0
2024-11-09 23:42:00	43.4566095	103.13549795	103.0763883	1	0	0	0	0
2024-11-09 23:42:10	43.1110836	103.36126354000001	102.16997436	1	0	0	0	0
2024-11-09 23:42:20	43.303520551685395	102.3088465730337	102.19072604494383	1	0	0	0	0
2024-11-09 23:42:30	43.215163974999996	102.1343095	101.79989775	1	0	0	0	0
2024-11-09 23:42:40	42.90789742857143	102.28687424489796	101.16643036734693	1	0	0	0	0
2024-11-09 23:42:50	42.82068	101.341446	100.462318	1	0	0	0	0
2024-11-09 23:43:00	42.7116165	101.83268	101.001877	1	0	0	0	0
2024-11-09 23:43:10	42.78284063823529	101.59847408823529	101.26033	1	0	0	0	0
2024-11-09 23:43:20	42.7340126	101.352654	101.046608	1	0	0	0	0
2024-11-09 23:43:30	42.75051915730337	101.21508820224719	101.12578970786517	1	0	0	0	0
2024-11-09 23:43:40	42.840252721153846	101.49564021153847	101.69797880769231	1	0	0	0	0
2024-11-09 23:43:50	43.03098057142857	101.43694257142857	102.11292271428572	1	0	0	0	0
2024-11-09 23:44:00	43.12325066521739	101.55051630434782	102.23562695652174	1	0	0	0	0
2024-11-09 23:44:10	43.24801852857143	101.38336826530613	102.20342530612245	1	0	0	0	0
2024-11-09 23:44:20	43.138250967241376	102.32308820689654	102.39386494827586	1	0	0	0	0
2024-11-09 23:44:30	43.34243975774648	102.23723408450704	102.88948553521126	1	0	0	0	0
2024-11-09 23:44:40	43.57883089836066	102.31857	103.53196791803279	1	0	0	0	0
2024-11-09 23:44:50	43.689438625	102.7514847375	103.7691794625	1	0	0	0	0
2024-11-09 23:45:00	43.54889982857143	103.23890434693877	103.357872	1	0	0	0	0
2024-11-09 23:45:10	43.62421605	102.956947	103.24262399999999	1	0	0	0	0
2024-11-09 23:45:20	43.56505109275362	103.54505950724638	103.43662826086957	1	0	0	0	0
2024-11-09 23:45:30	43.408235866666665	103.03005341666668	102.49501125	1	0	0	0	0
2024-11-09 23:45:40	43.21375252873563	103.17260285057472	102.21398971264368	1	0	0	0	0
2024-11-09 23:45:50	43.47350442857143	102.11359942857143	102.35390717142857	1	0	0	0	0
2024-11-09 23:46:00	43.52040211428571	102.44802928571428	102.68971828571429	1	0	0	0	0
2024-11-09 23:46:10	43.49807068	102.7421094	102.91461679999999	1	0	0	0	0
2024-11-09 23:46:20	43.3895185119403	102.70468743283583	102.54999810447762	1	0	0	0	0
2024-11-09 23:46:30	43.1764729225	102.7541026875	101.982909925	1	0	0	0	0
2024-11-09 23:46:40	43.119671244303795	102.1790880886076	101.63499862025317	1	0	0	0	0
2024-11-09 23:46:50	42.962394918032786	102.0473065409836	101.157776	1	0	0	0	0
2024-11-09 23:47:00	42.7995224	102.21096	101.140083	1	0	0	0	0
2024-11-09 23:47:10	43.081252	101.7628576	102.030289	1	0	0	0	0
2024-11-09 23:47:20	43.377548836	101.84001486000001	102.86937071999999	1	0	0	0	0
2024-11-09 23:47:30	43.273361323749995	102.66511129999999	102.6976954125	1	0	0	0	0
2024-11-09 23:47:40	43.45525854333333	102.64690595	103.290482	1	0	0	0	0
2024-11-09 23:47:50	43.454962646590914	102.97559984090908	103.28019864772727	1	0	0	0	0
2024-11-09 23:48:00	43.44824652173913	102.6575531884058	102.78891044927536	1	0	0	0	0
2024-11-09 23:48:10	43.416708171428574	102.64830569047618	102.67001638095239	1	0	0	0	0
2024-11-09 23:48:20	43.27420556734694	102.8587107755102	102.402458	1	0	0	0	0
2024-11-09 23:48:30	43.469095855681815	102.40651882954546	102.74359510227272	1	0	0	0	0
2024-11-09 23:48:40	43.398920000000004	102.865227	102.874634	1	0	0	0	0
2024-11-09 23:48:50	43.33987844230769	102.68691926923077	102.45830311538461	1	0	0	0	0
2024-11-09 23:49:00	43.1961420804878	102.88213609756097	102.299759	1	0	0	0	0
2024-11-09 23:49:10	43.056162919047615	103.0206964920635	102.1718728888889	1	0	0	0	0
2024-11-09 23:49:20	42.973703508	103.09781668	102.293732	1	0	0	0	0
2024-11-09 23:49:30	43.21112542272727	101.91497577272727	102.11160009090909	1	0	0	0	0
2024-11-09 23:49:40	43.22280891612903	102.08247624193548	102.26363588709677	1	0	0	0	0
2024-11-09 23:49:50	43.38842884444445	102.18668128395062	102.81081539506172	1	0	0	0	0
2024-11-09 23:50:00	43.38580944303798	102.92094516455697	103.25373224050632	1	0	0	0	0
2024-11-09 23:50:10	43.500692398000005	102.72854876000001	103.383987	1	0	0	0	0
2024-11-09 23:50:20	43.60637275510204	102.21232028571428	103.000053	1	0	0	0	0
2024-11-09 23:50:30	43.60933625714286	102.48791881428572	103.0856892857143	1	0	0	0	0
2024-11-09 23:50:40	43.492480755	103.08415371250001	103.0800852125	1	0	0	0	0
2024-11-09 23:50:50	43.42529054683544	103.18008662025316	102.9001980886076	1	0	0	0	0
2024-11-09 23:51:00	43.49891771428572	102.83900557142857	102.961777	1	0	0	0	0
2024-11-09 23:51:10	43.6266992	102.83320499999999	103.361221	1	0	0	0	0
2024-11-09 23:51:20	43.292400021153846	102.92125751923078	102.0273066153846	1	0	0	0	0
2024-11-09 23:51:30	43.1504413	102.80704266666666	101.845156	1	0	0	0	0
2024-11-09 23:51:40	43.006118024691354	103.02683125925925	102.0203646419753	1	0	0	0	0
2024-11-09 23:51:50	43.189825	102.03929875	101.97699399999999	1	0	0	0	0
2024-11-09 23:52:00	43.122335	101.9212915	101.7030185	1	0	0	0	0
2024-11-09 23:52:10	43.09426739130435	101.95825965217391	101.75547508695652	1	0	0	0	0
2024-11-09 23:52:20	43.0081069	102.05974806382979	101.703743	1	0	0	0	0
2024-11-09 23:52:30	42.92527806451613	102.22553556451612	101.7639588548387	1	0	0	0	0
2024-11-09 23:52:40	43.19602054745763	101.84643662711865	102.49426796610169	1	0	0	0	0
2024-11-09 23:52:50	43.19066212459016	102.26747275409836	102.639336	1	0	0	0	0
2024-11-09 23:53:00	43.322251205633805	102.08594250704226	102.66355642253521	1	0	0	0	0
2024-11-09 23:53:10	43.28728377142858	102.53028508163266	102.60282891836734	1	0	0	0	0
2024-11-09 23:53:20	43.26785504	102.595567	102.57678560000001	1	0	0	0	0
2024-11-09 23:53:30	43.18987475409836	102.87387227868852	102.50097222950819	1	0	0	0	0
2024-11-09 23:53:40	43.0677643	102.882874	102.337173	1	0	0	0	0
2024-11-09 23:53:50	43.22685732025317	101.75382783544303	101.81325696202532	1	0	0	0	0
2024-11-09 23:54:00	43.104838962962965	101.86896656790123	101.57434816049383	1	0	0	0	0
2024-11-09 23:54:10	43.019797600000004	101.7888315	101.43420183333333	1	0	0	0	0
2024-11-09 23:54:20	42.97632632653061	101.97311128571428	101.773445	1	0	0	0	0
2024-11-09 23:54:30	42.81881868305085	101.81147098305084	101.14722803389832	1	0	0	0	0
2024-11-09 23:54:40	42.87155479803921	101.53835650980393	101.336456	1	0	0	0	0
2024-11-09 23:54:50	42.913436565822785	101.30909902531646	101.50942726582278	1	0	0	0	0
2024-11-09 23:55:00	43.25013	101.123764	102.411049	1	0	0	0	0
2024-11-09 23:55:10	43.26546214285714	101.6637831978022	102.365886	1	0	0	0	0
2024-11-09 23:55:20	43.07733533333333	102.5904335	102.42855183333333	1	0	0	0	0
2024-11-09 23:55:30	43.01491413114754	102.51794813114755	102.196449	1	0	0	0	0
2024-11-09 23:55:40	43.19036482692307	102.08755588461538	102.55720313461539	1	0	0	0	0
2024-11-09 23:55:50	43.35871799318182	101.9886878409091	102.77675252272726	1	0	0	0	0
2024-11-09 23:56:00	43.5559425	101.4762	102.763458	1	0	0	0	0
2024-11-09 23:56:10	43.3719606779661	102.278492	102.52627130508475	1	0	0	0	0
2024-11-09 23:56:20	43.09311708367347	102.56088416326531	101.818787	1	0	0	0	0
2024-11-09 23:56:30	42.82661732222222	101.96315229166667	100.80295055555555	1	0	0	0	0
2024-11-09 23:56:40	42.92340823529412	101.35759927450981	101.00153760784313	1	0	0	0	0
2024-11-09 23:56:50	43.03407267605634	101.32440446478874	101.5009694084507	1	0	0	0	0
2024-11-09 23:57:00	43.2283940516854	101.41651904494383	102.04360270786516	1	0	0	0	0
2024-11-09 23:57:10	43.160025880281694	102.71404445070424	102.83303671830986	1	0	0	0	0
2024-11-09 23:57:20	43.12871547826087	102.71110513043477	102.68510992753623	1	0	0	0	0
2024-11-09 23:57:30	43.1179775	102.3474587	102.206665	1	0	0	0	0
2024-11-09 23:57:40	43.077798684	102.33850862	102.05285988	1	0	0	0	0
2024-11-09 23:57:50	42.990724173913044	102.16260904347826	101.77074413043478	1	0	0	0	0
2024-11-09 23:58:00	43.11949	101.558846	101.816109	1	0	0	0	0
2024-11-09 23:58:10	43.14679872	101.6615188	101.682876	1	0	0	0	0
2024-11-09 23:58:20	42.96023121746032	101.78071311111111	101.198051	1	0	0	0	0
2024-11-09 23:58:30	43.14552096233766	101.57778423376622	101.7941178051948	1	0	0	0	0
2024-11-09 23:58:40	43.1457002	102.18678758	102.08968652	1	0	0	0	0
2024-11-09 23:58:50	42.86943514285714	102.59465885714286	101.60957657142858	1	0	0	0	0
2024-11-09 23:59:00	42.81701392134832	101.58034980898876	100.92392305617977	1	0	0	0	0
2024-11-09 23:59:10	42.71234375	101.43396	100.75803575	1	0	0	0	0
2024-11-09 23:59:20	42.79982857142857	101.22002642857143	101.25948414285715	1	0	0	0	0
2024-11-09 23:59:30	42.85520800983606	101.3803584262295	101.625084	1	0	0	0	0
2024-11-09 23:59:40	43.09958116	101.1112032	102.0693368	1	0	0	0	0
2024-11-09 23:59:50	43.09581266956522	101.37851008695652	101.80993056521739	1	0	0	0	0
2024-11-10 00:00:00	42.9015205925926	102.09289376543211	101.6736159382716	1	0	0	0	0
