PROCESSDATA	2111LIC33101 Data	yyyy-MM-dd HH:mm:ss
8	10	2024-10-24 21:55:00	751
tagname	2111LIC33101.MV	2111LIC33101.PV	2111LIC33101.SV	2111LIC33101.MODE	bOpOFL	bPvOFL	bSpOFL	bAutOFL
desc	D301_OP	D301_PV	D301_SP	Aut	bOpOFL	bPvOFL	bSpOFL	bAutOFL
fsMax=2.8566297284999997	fsMin=0	fsGridNum=10	fdMax=2.8566297284999997tfdMin=0	fdGridNum=10	v0GridNum=10	L=24
2024-10-24 21:55:00	51.994072585000005	38.6336970295	38.8428	1	0	0	0	0
2024-10-24 21:55:10	51.752646085	38.7878584795	38.8428	1	0	0	0	0
2024-10-24 21:55:20	51.707707115	38.832081861	38.8428	1	0	0	0	0
2024-10-24 21:55:30	51.743023615	38.831400961	38.8428	1	0	0	0	0
2024-10-24 21:55:40	51.897201783	38.8333688935	38.8428	1	0	0	0	0
2024-10-24 21:55:50	52.099929083	38.8364187435	38.8428	1	0	0	0	0
2024-10-24 21:56:00	51.961217525	38.7734464035	38.8428	1	0	0	0	0
2024-10-24 21:56:10	51.683045025000006	38.683507253500004	38.8428	1	0	0	0	0
2024-10-24 21:56:20	51.719685721393034	38.57123199502488	38.8428	1	0	0	0	0
2024-10-24 21:56:30	51.88491208955224	38.44983353731344	38.8428	1	0	0	0	0
2024-10-24 21:56:40	51.93448	38.413414	38.8428	1	0	0	0	0
2024-10-24 21:56:50	52.0502194	38.464856566	38.8428	1	0	0	0	0
2024-10-24 21:57:00	51.987441889500005	38.647884671	38.8428	1	0	0	0	0
2024-10-24 21:57:10	51.6739093395	38.805614771	38.8428	1	0	0	0	0
2024-10-24 21:57:20	51.8024654605	38.839956704500004	38.8428	1	0	0	0	0
2024-10-24 21:57:30	52.1115930105	38.8239006545	38.8428	1	0	0	0	0
2024-10-24 21:57:40	52.1335712845	38.852272038	38.8428	1	0	0	0	0
2024-10-24 21:57:50	52.0382632345	38.898789838000006	38.8428	1	0	0	0	0
2024-10-24 21:58:00	51.840863255	38.8246394815	38.8428	1	0	0	0	0
2024-10-24 21:58:10	51.601763755	38.701202131500004	38.8428	1	0	0	0	0
2024-10-24 21:58:20	51.619033895	38.594282718500004	38.8428	1	0	0	0	0
2024-10-24 21:58:30	51.741018395000005	38.4941100685	38.8428	1	0	0	0	0
2024-10-24 21:58:40	51.7451028155	38.494588900000004	38.8428	1	0	0	0	0
2024-10-24 21:58:50	51.701030865499995	38.5361789	38.8428	1	0	0	0	0
2024-10-24 21:59:00	51.730416899999994	38.567990141	38.8428	1	0	0	0	0
2024-10-24 21:59:10	51.789806899999995	38.595807241	38.8428	1	0	0	0	0
2024-10-24 21:59:20	51.849162322999995	38.619446559	38.8428	1	0	0	0	0
2024-10-24 21:59:30	51.908503622999994	38.641379459	38.8428	1	0	0	0	0
2024-10-24 21:59:40	51.886611977	38.691896746	38.8428	1	0	0	0	0
2024-10-24 21:59:50	51.831540677	38.754089346	38.8428	1	0	0	0	0
2024-10-24 22:00:00	51.8292304	38.746154039	38.8428	1	0	0	0	0
2024-10-24 22:00:10	51.848470400000004	38.709574939	38.8428	1	0	0	0	0
2024-10-24 22:00:20	51.847633588	38.743247215000004	38.8428	1	0	0	0	0
2024-10-24 22:00:30	51.838596388	38.805613715	38.8428	1	0	0	0	0
2024-10-24 22:00:40	51.728917966	38.7548813685	38.8428	1	0	0	0	0
2024-10-24 22:00:50	51.578132566	38.6579537185	38.8428	1	0	0	0	0
2024-10-24 22:01:00	51.528925446	38.546154053500004	38.8428	1	0	0	0	0
2024-10-24 22:01:10	51.521208046000005	38.428279903500005	38.8428	1	0	0	0	0
2024-10-24 22:01:20	51.6439584	38.402102928	38.8428	1	0	0	0	0
2024-10-24 22:01:30	51.819998399999996	38.413379727999995	38.8428	1	0	0	0	0
2024-10-24 22:01:40	51.72814475	38.4810629395	38.8428	1	0	0	0	0
2024-10-24 22:01:50	51.526869749999996	38.5717853895	38.8428	1	0	0	0	0
2024-10-24 22:02:00	51.52372025	38.669228060500004	38.8428	1	0	0	0	0
2024-10-24 22:02:10	51.60149525	38.769415610500005	38.8428	1	0	0	0	0
2024-10-24 22:02:20	51.8055233375	38.7923569	38.8428	1	0	0	0	0
2024-10-24 22:02:30	52.061119587499995	38.7837469	38.8428	1	0	0	0	0
2024-10-24 22:02:40	51.921452633830846	38.73874537313433	38.8428	1	0	0	0	0
2024-10-24 22:02:50	51.62034014626865	38.678879701492534	38.8428	1	0	0	0	0
2024-10-24 22:03:00	51.58903856080402	38.58288825628141	38.8428	1	0	0	0	0
2024-10-24 22:03:10	51.673370219095474	38.47141433668342	38.8428	1	0	0	0	0
2024-10-24 22:03:20	51.808023227999996	38.4420522505	38.8428	1	0	0	0	0
2024-10-24 22:03:30	51.963230028	38.4462288005	38.8428	1	0	0	0	0
2024-10-24 22:03:40	51.85599825	38.481872728	38.8428	1	0	0	0	0
2024-10-24 22:03:50	51.64157325	38.530369528	38.8428	1	0	0	0	0
2024-10-24 22:04:00	51.6395767	38.590968562	38.8428	1	0	0	0	0
2024-10-24 22:04:10	51.7243467	38.656510761999996	38.8428	1	0	0	0	0
2024-10-24 22:04:20	51.76990695	38.704506377	38.8428	1	0	0	0	0
2024-10-24 22:04:30	51.79945195	38.745335077	38.8428	1	0	0	0	0
2024-10-24 22:04:40	51.749483127	38.681727889	38.8428	1	0	0	0	0
2024-10-24 22:04:50	51.667036827	38.575463789	38.8428	1	0	0	0	0
2024-10-24 22:05:00	51.578498726999996	38.4719595655	38.8428	1	0	0	0	0
2024-10-24 22:05:10	51.487472427	38.3695826155	38.8428	1	0	0	0	0
2024-10-24 22:05:20	51.5391467905	38.422966424	38.8428	1	0	0	0	0
2024-10-24 22:05:30	51.6491073405	38.539970824	38.8428	1	0	0	0	0
2024-10-24 22:05:40	51.576889097	38.555427154499995	38.8428	1	0	0	0	0
2024-10-24 22:05:50	51.430259797	38.5294061045	38.8428	1	0	0	0	0
2024-10-24 22:06:00	51.4629237085	38.562066093	38.8428	1	0	0	0	0
2024-10-24 22:06:10	51.5688200585	38.618694393000006	38.8428	1	0	0	0	0
2024-10-24 22:06:20	51.705961769	38.6565755335	38.8428	1	0	0	0	0
2024-10-24 22:06:30	51.855865668999996	38.6867993835	38.8428	1	0	0	0	0
2024-10-24 22:06:40	51.782408681	38.7161882735	38.8428	1	0	0	0	0
2024-10-24 22:06:50	51.617719781	38.7452361235	38.8428	1	0	0	0	0
2024-10-24 22:07:00	51.61127135	38.6609997815	38.8428	1	0	0	0	0
2024-10-24 22:07:10	51.66945635	38.5304924315	38.8428	1	0	0	0	0
2024-10-24 22:07:20	51.621862	38.506284968	38.8428	1	0	0	0	0
2024-10-24 22:07:30	51.531062	38.525495768	38.8428	1	0	0	0	0
2024-10-24 22:07:40	51.438571135000004	38.504190950499996	38.8428	1	0	0	0	0
2024-10-24 22:07:50	51.345389635000004	38.466337500499996	38.8428	1	0	0	0	0
2024-10-24 22:08:00	51.408074435	38.400183911999996	38.8428	1	0	0	0	0
2024-10-24 22:08:10	51.534422935	38.322471111999995	38.8428	1	0	0	0	0
2024-10-24 22:08:20	51.45096308457711	38.38203851741294	38.8428	1	0	0	0	0
2024-10-24 22:08:30	51.28180686567164	38.497678119402984	38.8428	1	0	0	0	0
2024-10-24 22:08:40	51.34514438190955	38.57532192964824	38.8428	1	0	0	0	0
2024-10-24 22:08:50	51.50812207035176	38.63668182914573	38.8428	1	0	0	0	0
2024-10-24 22:09:00	51.6788821125	38.6591468995	38.8428	1	0	0	0	0
2024-10-24 22:09:10	51.852820862499996	38.6657253495	38.8428	1	0	0	0	0
2024-10-24 22:09:20	51.67995532	38.6829928495	38.8428	1	0	0	0	0
2024-10-24 22:09:30	51.36543732	38.7046262995	38.8428	1	0	0	0	0
2024-10-24 22:09:40	51.51134351534653	38.684107728217825	38.8428	1	0	0	0	0
2024-10-24 22:09:50	51.84531029752475	38.64637213415841	38.8428	1	0	0	0	0
2024-10-24 22:10:00	51.82636848484848	38.58041608939394	38.8428	1	0	0	0	0
2024-10-24 22:10:10	51.64887353535354	38.50178129141414	38.8428	1	0	0	0	0
2024-10-24 22:10:20	51.4484633	38.470108448	38.8428	1	0	0	0	0
2024-10-24 22:10:30	51.2386933	38.457617248	38.8428	1	0	0	0	0
2024-10-24 22:10:40	51.404293200000005	38.496070323	38.8428	1	0	0	0	0
2024-10-24 22:10:50	51.723213200000004	38.555331623	38.8428	1	0	0	0	0
2024-10-24 22:11:00	51.762039336	38.616654053000005	38.8428	1	0	0	0	0
2024-10-24 22:11:10	51.686460935999996	38.678818353000004	38.8428	1	0	0	0	0
2024-10-24 22:11:20	51.536382732999996	38.6896998145	38.8428	1	0	0	0	0
2024-10-24 22:11:30	51.355875033	38.6796347645	38.8428	1	0	0	0	0
2024-10-24 22:11:40	51.398673764	38.633761467999996	38.8428	1	0	0	0	0
2024-10-24 22:11:50	51.532682164	38.573262268	38.8428	1	0	0	0	0
2024-10-24 22:12:00	51.563212111	38.5142543875	38.8428	1	0	0	0	0
2024-10-24 22:12:10	51.551476211	38.4558556375	38.8428	1	0	0	0	0
2024-10-24 22:12:20	51.4858126515	38.4886058	38.8428	1	0	0	0	0
2024-10-24 22:12:30	51.3981223015	38.558585799999996	38.8428	1	0	0	0	0
2024-10-24 22:12:40	51.4207573605	38.59183395	38.8428	1	0	0	0	0
2024-10-24 22:12:50	51.488454910499996	38.61007895	38.8428	1	0	0	0	0
2024-10-24 22:13:00	51.572845874	38.65644705	38.8428	1	0	0	0	0
2024-10-24 22:13:10	51.664055274	38.71430205	38.8428	1	0	0	0	0
2024-10-24 22:13:20	51.546731426	38.662353136	38.8428	1	0	0	0	0
2024-10-24 22:13:30	51.344232026	38.565554735999996	38.8428	1	0	0	0	0
2024-10-24 22:13:40	51.341791172	38.506366314	38.8428	1	0	0	0	0
2024-10-24 22:13:50	51.421064372	38.462539714	38.8428	1	0	0	0	0
2024-10-24 22:14:00	51.514662531999996	38.4487774605	38.8428	1	0	0	0	0
2024-10-24 22:14:10	51.614111732	38.4472950105	38.8428	1	0	0	0	0
2024-10-24 22:14:20	51.52962464	38.458385418	38.8428	1	0	0	0	0
2024-10-24 22:14:30	51.37000864	38.474611218	38.8428	1	0	0	0	0
2024-10-24 22:14:40	51.432961665	38.5693857025	38.8428	1	0	0	0	0
2024-10-24 22:14:50	51.586823165	38.6962434525	38.8428	1	0	0	0	0
2024-10-24 22:15:00	51.5876476085	38.729413969	38.8428	1	0	0	0	0
2024-10-24 22:15:10	51.5259639585	38.724317869	38.8428	1	0	0	0	0
2024-10-24 22:15:20	51.5229446265	38.6818137505	38.8428	1	0	0	0	0
2024-10-24 22:15:30	51.543886776499996	38.6240303005	38.8428	1	0	0	0	0
2024-10-24 22:15:40	51.50506315	38.5766149805	38.8428	1	0	0	0	0
2024-10-24 22:15:50	51.44182815	38.533434530499996	38.8428	1	0	0	0	0
2024-10-24 22:16:00	51.449430915	38.500175868999996	38.8428	1	0	0	0	0
2024-10-24 22:16:10	51.485967415000005	38.470969769	38.8428	1	0	0	0	0
2024-10-24 22:16:20	51.4728384565	38.46599036	38.8428	1	0	0	0	0
2024-10-24 22:16:30	51.4394236065	38.47090636	38.8428	1	0	0	0	0
2024-10-24 22:16:40	51.5108468595	38.5064135975	38.8428	1	0	0	0	0
2024-10-24 22:16:50	51.6250913095	38.5544158475	38.8428	1	0	0	0	0
2024-10-24 22:17:00	51.664669638999996	38.6249069925	38.8428	1	0	0	0	0
2024-10-24 22:17:10	51.673750539	38.704583742500006	38.8428	1	0	0	0	0
2024-10-24 22:17:20	51.534600124	38.702388369000005	38.8428	1	0	0	0	0
2024-10-24 22:17:30	51.334904524	38.666752269	38.8428	1	0	0	0	0
2024-10-24 22:17:40	51.440729876	38.640706281	38.8428	1	0	0	0	0
2024-10-24 22:17:50	51.671345476	38.618577381	38.8428	1	0	0	0	0
2024-10-24 22:18:00	51.6956419985	38.5743525	38.8428	1	0	0	0	0
2024-10-24 22:18:10	51.6356673485	38.5211025	38.8428	1	0	0	0	0
2024-10-24 22:18:20	51.516437527860695	38.515275978606965	38.8428	1	0	0	0	0
2024-10-24 22:18:30	51.37300489104477	38.52881961044776	38.8428	1	0	0	0	0
2024-10-24 22:18:40	51.54193692914573	38.59154104673367	38.8428	1	0	0	0	0
2024-10-24 22:18:50	51.84473954221105	38.675338684924625	38.8428	1	0	0	0	0
2024-10-24 22:19:00	51.857255095999996	38.7780432055	38.8428	1	0	0	0	0
2024-10-24 22:19:10	51.751202696	38.888470255499996	38.8428	1	0	0	0	0
2024-10-24 22:19:20	51.585759754499996	38.8997712945	38.8428	1	0	0	0	0
2024-10-24 22:19:30	51.3960587045	38.870584244499994	38.8428	1	0	0	0	0
2024-10-24 22:19:40	51.432639234	38.781783499999996	38.8428	1	0	0	0	0
2024-10-24 22:19:50	51.561644634	38.6686335	38.8428	1	0	0	0	0
2024-10-24 22:20:00	51.5326806075	38.63883395	38.8428	1	0	0	0	0
2024-10-24 22:20:10	51.4391938575	38.643078949999996	38.8428	1	0	0	0	0
2024-10-24 22:20:20	51.420824149	38.59546555	38.8428	1	0	0	0	0
2024-10-24 22:20:30	51.433136049	38.52667055	38.8428	1	0	0	0	0
2024-10-24 22:20:40	51.5924306935	38.54091715	38.8428	1	0	0	0	0
2024-10-24 22:20:50	51.8117605435	38.58908215	38.8428	1	0	0	0	0
2024-10-24 22:21:00	51.8056090905	38.651756000000006	38.8428	1	0	0	0	0
2024-10-24 22:21:10	51.7073596405	38.720356	38.8428	1	0	0	0	0
2024-10-24 22:21:20	51.6815811685	38.74540815	38.8428	1	0	0	0	0
2024-10-24 22:21:30	51.6854035185	38.75267315	38.8428	1	0	0	0	0
2024-10-24 22:21:40	51.66876768	38.771790251	38.8428	1	0	0	0	0
2024-10-24 22:21:50	51.64377568	38.795748351	38.8428	1	0	0	0	0
2024-10-24 22:22:00	51.56049836	38.7872080115	38.8428	1	0	0	0	0
2024-10-24 22:22:10	51.45341436	38.7653936615	38.8428	1	0	0	0	0
2024-10-24 22:22:20	51.44100815	38.7454887855	38.8428	1	0	0	0	0
2024-10-24 22:22:30	51.467273150000004	38.726363835499996	38.8428	1	0	0	0	0
2024-10-24 22:22:40	51.626871712500005	38.711608899999995	38.8428	1	0	0	0	0
2024-10-24 22:22:50	51.840930462500005	38.6986389	38.8428	1	0	0	0	0
2024-10-24 22:23:00	51.7698527155	38.71743075	38.8428	1	0	0	0	0
2024-10-24 22:23:10	51.582310765500004	38.74919575	38.8428	1	0	0	0	0
2024-10-24 22:23:20	51.485560172	38.8227112705	38.8428	1	0	0	0	0
2024-10-24 22:23:30	51.425893372	38.9132798205	38.8428	1	0	0	0	0
2024-10-24 22:23:40	51.52829955	38.9506971315	38.8428	1	0	0	0	0
2024-10-24 22:23:50	51.69690455	38.966404781499996	38.8428	1	0	0	0	0
2024-10-24 22:24:00	51.6619277	38.903119499999995	38.8428	1	0	0	0	0
2024-10-24 22:24:10	51.5437977	38.8075695	38.8428	1	0	0	0	0
2024-10-24 22:24:20	51.47972	38.7327089	38.8428	1	0	0	0	0
2024-10-24 22:24:30	51.43772	38.666298899999994	38.8428	1	0	0	0	0
2024-10-24 22:24:40	51.604613928	38.6660049165	38.8428	1	0	0	0	0
2024-10-24 22:24:50	51.856830728	38.6927160665	38.8428	1	0	0	0	0
2024-10-24 22:25:00	51.8970309135	38.7725987615	38.8428	1	0	0	0	0
2024-10-24 22:25:10	51.8506327635	38.8741994115	38.8428	1	0	0	0	0
2024-10-24 22:25:20	51.7370576085	38.9102640795	38.8428	1	0	0	0	0
2024-10-24 22:25:30	51.5960439585	38.919560529500004	38.8428	1	0	0	0	0
2024-10-24 22:25:40	51.6905240315	38.9088876615	38.8428	1	0	0	0	0
2024-10-24 22:25:50	51.8811916815	38.8900583115	38.8428	1	0	0	0	0
2024-10-24 22:26:00	51.8118180685	38.813133531	38.8428	1	0	0	0	0
2024-10-24 22:26:10	51.6362304185	38.712479631	38.8428	1	0	0	0	0
2024-10-24 22:26:20	51.4621747	38.6709769315	38.8428	1	0	0	0	0
2024-10-24 22:26:30	51.2887447	38.6536345815	38.8428	1	0	0	0	0
2024-10-24 22:26:40	51.23845	38.6486053	38.8428	1	0	0	0	0
2024-10-24 22:26:50	51.563045026	38.705643274	38.8428	1	0	0	0	0
2024-10-24 22:27:00	51.9184406835	38.837611294	38.8428	1	0	0	0	0
2024-10-24 22:27:10	51.7876595335	38.912542694	38.8428	1	0	0	0	0
2024-10-24 22:27:20	51.604577121	38.889901847000004	38.8428	1	0	0	0	0
2024-10-24 22:27:30	51.400132221	38.827407547	38.8428	1	0	0	0	0
2024-10-24 22:27:40	51.390446214	38.7531952295	38.8428	1	0	0	0	0
2024-10-24 22:27:50	51.460309614	38.6741966795	38.8428	1	0	0	0	0
2024-10-24 22:28:00	51.44530004	38.6721772525	38.8428	1	0	0	0	0
2024-10-24 22:28:10	51.395624039999994	38.7016000025	38.8428	1	0	0	0	0
2024-10-24 22:28:20	51.406953547499995	38.637702269500004	38.8428	1	0	0	0	0
2024-10-24 22:28:30	51.4432007975	38.535687719500004	38.8428	1	0	0	0	0
2024-10-24 22:28:40	51.5222621125	38.562108513	38.8428	1	0	0	0	0
2024-10-24 22:28:50	51.618810862500005	38.640988813	38.8428	1	0	0	0	0
2024-10-24 22:29:00	51.577202736000004	38.685197115	38.8428	1	0	0	0	0
2024-10-24 22:29:10	51.479164336000004	38.715243615	38.8428	1	0	0	0	0
2024-10-24 22:29:20	51.553291564	38.7387296795	38.8428	1	0	0	0	0
2024-10-24 22:29:30	51.697739964	38.7595361295	38.8428	1	0	0	0	0
2024-10-24 22:29:40	51.688785124999995	38.768518701	38.8428	1	0	0	0	0
2024-10-24 22:29:50	51.617172624999995	38.772671800999994	38.8428	1	0	0	0	0
2024-10-24 22:30:00	51.441422934	38.779719641999996	38.8428	1	0	0	0	0
2024-10-24 22:30:10	51.223138334000005	38.787949842	38.8428	1	0	0	0	0
2024-10-24 22:30:20	51.215671691000004	38.7137054835	38.8428	1	0	0	0	0
2024-10-24 22:30:30	51.294313791	38.6057743335	38.8428	1	0	0	0	0
2024-10-24 22:30:40	51.3231266	38.5358665235	38.8428	1	0	0	0	0
2024-10-24 22:30:50	51.3315866	38.4814893735	38.8428	1	0	0	0	0
2024-10-24 22:31:00	51.295915272	38.5117678665	38.8428	1	0	0	0	0
2024-10-24 22:31:10	51.242218472	38.5766240165	38.8428	1	0	0	0	0
2024-10-24 22:31:20	51.372212588	38.7155173335	38.8428	1	0	0	0	0
2024-10-24 22:31:30	51.577235388	38.884651183500004	38.8428	1	0	0	0	0
2024-10-24 22:31:40	51.650598486	38.886729169	38.8428	1	0	0	0	0
2024-10-24 22:31:50	51.670185086	38.820573069	38.8428	1	0	0	0	0
2024-10-24 22:32:00	51.5575119985	38.8136312885	38.8428	1	0	0	0	0
2024-10-24 22:32:10	51.39081734849999	38.8308756385	38.8428	1	0	0	0	0
2024-10-24 22:32:20	51.4596143625	38.8398537425	38.8428	1	0	0	0	0
2024-10-24 22:32:30	51.624598112499996	38.8454554925	38.8428	1	0	0	0	0
2024-10-24 22:32:40	51.6725124475	38.75596428	38.8428	1	0	0	0	0
2024-10-24 22:32:50	51.6726096975	38.62763228	38.8428	1	0	0	0	0
2024-10-24 22:33:00	51.5768489955	38.5996950965	38.8428	1	0	0	0	0
2024-10-24 22:33:10	51.4419350455	38.6127642465	38.8428	1	0	0	0	0
2024-10-24 22:33:20	51.439960750000004	38.5789598355	38.8428	1	0	0	0	0
2024-10-24 22:33:30	51.49228575	38.5260098855	38.8428	1	0	0	0	0
2024-10-24 22:33:40	51.4370195865	38.543582638	38.8428	1	0	0	0	0
2024-10-24 22:33:50	51.337807736500004	38.589960438	38.8428	1	0	0	0	0
2024-10-24 22:34:00	51.2706807865	38.6632843	38.8428	1	0	0	0	0
2024-10-24 22:34:10	51.2166589365	38.7476143	38.8428	1	0	0	0	0
2024-10-24 22:34:20	51.322021827	38.8040139295	38.8428	1	0	0	0	0
2024-10-24 22:34:30	51.492485527	38.8490053795	38.8428	1	0	0	0	0
2024-10-24 22:34:40	51.443966624999995	38.857829110000004	38.8428	1	0	0	0	0
2024-10-24 22:34:50	51.306004124999994	38.85188011	38.8428	1	0	0	0	0
2024-10-24 22:35:00	51.34946899	38.8324011015	38.8428	1	0	0	0	0
2024-10-24 22:35:10	51.46703799	38.807395751499996	38.8428	1	0	0	0	0
2024-10-24 22:35:20	51.4228849295	38.715347408999996	38.8428	1	0	0	0	0
2024-10-24 22:35:30	51.3126763795	38.595915309	38.8428	1	0	0	0	0
2024-10-24 22:35:40	51.2283406555	38.50960265	38.8428	1	0	0	0	0
2024-10-24 22:35:50	51.1545727055	38.436817649999995	38.8428	1	0	0	0	0
2024-10-24 22:36:00	51.3030546	38.435259849999994	38.8428	1	0	0	0	0
2024-10-24 22:36:10	51.5423146	38.462794849999995	38.8428	1	0	0	0	0
2024-10-24 22:36:20	51.4159729155	38.5689741005	38.8428	1	0	0	0	0
2024-10-24 22:36:30	51.140300965499996	38.7072756505	38.8428	1	0	0	0	0
2024-10-24 22:36:40	51.1232066845	38.7219249495	38.8428	1	0	0	0	0
2024-10-24 22:36:50	51.2117286345	38.686068399499995	38.8428	1	0	0	0	0
2024-10-24 22:37:00	51.316838350000005	38.680610392999995	38.8428	1	0	0	0	0
2024-10-24 22:37:10	51.428723350000006	38.687568692999996	38.8428	1	0	0	0	0
2024-10-24 22:37:20	51.2955909	38.6244257465	38.8428	1	0	0	0	0
2024-10-24 22:37:30	51.0623809	38.532649896500004	38.8428	1	0	0	0	0
2024-10-24 22:37:40	51.102612419	38.482524315	38.8428	1	0	0	0	0
2024-10-24 22:37:50	51.254531319	38.449410815	38.8428	1	0	0	0	0
2024-10-24 22:38:00	51.289014231	38.433395677	38.8428	1	0	0	0	0
2024-10-24 22:38:10	51.275530331	38.424364376999996	38.8428	1	0	0	0	0
2024-10-24 22:38:20	51.1860976955	38.4613236465	38.8428	1	0	0	0	0
2024-10-24 22:38:30	51.065643745500005	38.5170677965	38.8428	1	0	0	0	0
2024-10-24 22:38:40	51.1122868045	38.563890122000004	38.8428	1	0	0	0	0
2024-10-24 22:38:50	51.2271807545	38.607068322	38.8428	1	0	0	0	0
2024-10-24 22:39:00	51.2655572945	38.6776538	38.8428	1	0	0	0	0
2024-10-24 22:39:10	51.2726802445	38.7594338	38.8428	1	0	0	0	0
2024-10-24 22:39:20	51.154244913	38.7486146415	38.8428	1	0	0	0	0
2024-10-24 22:39:30	50.984525213000005	38.6999732915	38.8428	1	0	0	0	0
2024-10-24 22:39:40	50.9775704925	38.5926878585	38.8428	1	0	0	0	0
2024-10-24 22:39:50	51.0370972425	38.4614492085	38.8428	1	0	0	0	0
2024-10-24 22:40:00	51.10075495	38.4162286915	38.8428	1	0	0	0	0
2024-10-24 22:40:10	51.166099949999996	38.4061423415	38.8428	1	0	0	0	0
2024-10-24 22:40:20	51.08027317	38.4120562675	38.8428	1	0	0	0	0
2024-10-24 22:40:30	50.932700170000004	38.4245055175	38.8428	1	0	0	0	0
2024-10-24 22:40:40	50.96912083	38.467125401	38.8428	1	0	0	0	0
2024-10-24 22:40:50	51.08069383	38.522068501	38.8428	1	0	0	0	0
2024-10-24 22:41:00	51.247353600000004	38.58081429	38.8428	1	0	0	0	0
2024-10-24 22:41:10	51.436513600000005	38.64111329	38.8428	1	0	0	0	0
2024-10-24 22:41:20	51.2534005425	38.6699671	38.8428	1	0	0	0	0
2024-10-24 22:41:30	50.9182322925	38.6859771	38.8428	1	0	0	0	0
2024-10-24 22:41:40	50.9649542985	38.60434435	38.8428	1	0	0	0	0
2024-10-24 22:41:50	51.1676596485	38.482829349999996	38.8428	1	0	0	0	0
2024-10-24 22:42:00	51.309545759500004	38.436391915499996	38.8428	1	0	0	0	0
2024-10-24 22:42:10	51.4265902095	38.4206199655	38.8428	1	0	0	0	0
2024-10-24 22:42:20	51.3423240995	38.490379124	38.8428	1	0	0	0	0
2024-10-24 22:42:30	51.1758325495	38.595073524	38.8428	1	0	0	0	0
2024-10-24 22:42:40	51.2427486005	38.6523279605	38.8428	1	0	0	0	0
2024-10-24 22:42:50	51.4050001505	38.6902055105	38.8428	1	0	0	0	0
2024-10-24 22:43:00	51.4096436995	38.741253525	38.8428	1	0	0	0	0
2024-10-24 22:43:10	51.3499121495	38.797681025	38.8428	1	0	0	0	0
2024-10-24 22:43:20	51.263774812	38.793698174999996	38.8428	1	0	0	0	0
2024-10-24 22:43:30	51.166852012	38.765040674999995	38.8428	1	0	0	0	0
2024-10-24 22:43:40	51.174606784	38.7310564	38.8428	1	0	0	0	0
2024-10-24 22:43:50	51.225117184	38.6948964	38.8428	1	0	0	0	0
2024-10-24 22:44:00	51.2459309465	38.6692956265	38.8428	1	0	0	0	0
2024-10-24 22:44:10	51.254615096500004	38.6480077765	38.8428	1	0	0	0	0
2024-10-24 22:44:20	51.207785291346156	38.63015285432692	38.8428	1	0	0	0	0
2024-10-24 22:44:30	51.13828077211539	38.61370011394231	38.8428	1	0	0	0	0
2024-10-24 22:44:40	51.2634562203125	38.606492840625	38.8428	1	0	0	0	0
2024-10-24 22:44:50	51.502967522395835	38.604715444791665	38.8428	1	0	0	0	0
2024-10-24 22:45:00	51.489423108	38.689494855999996	38.8428	1	0	0	0	0
2024-10-24 22:45:10	51.372517908	38.809628456	38.8428	1	0	0	0	0
2024-10-24 22:45:20	51.375139433	38.846596028499995	38.8428	1	0	0	0	0
2024-10-24 22:45:30	51.426581733	38.8495943785	38.8428	1	0	0	0	0
2024-10-24 22:45:40	51.434625212	38.8920139875	38.8428	1	0	0	0	0
2024-10-24 22:45:50	51.424942412	38.9505352375	38.8428	1	0	0	0	0
2024-10-24 22:46:00	51.342942988	38.847815878	38.8428	1	0	0	0	0
2024-10-24 22:46:10	51.231405788000004	38.679237678	38.8428	1	0	0	0	0
2024-10-24 22:46:20	51.205223865	38.5657450765	38.8428	1	0	0	0	0
2024-10-24 22:46:30	51.213905365	38.4747522265	38.8428	1	0	0	0	0
2024-10-24 22:46:40	51.309581035	38.473070773500005	38.8428	1	0	0	0	0
2024-10-24 22:46:50	51.440789535	38.5078686235	38.8428	1	0	0	0	0
2024-10-24 22:47:00	51.41777645	38.6427239335	38.8428	1	0	0	0	0
2024-10-24 22:47:10	51.33177145	38.8184477835	38.8428	1	0	0	0	0
2024-10-24 22:47:20	51.25127605	38.8874318665	38.8428	1	0	0	0	0
2024-10-24 22:47:30	51.17303105	38.912818016500005	38.8428	1	0	0	0	0
2024-10-24 22:47:40	51.23895346153846	38.88733024567308	38.8428	1	0	0	0	0
2024-10-24 22:47:50	51.363761153846156	38.84106298605769	38.8428	1	0	0	0	0
2024-10-24 22:48:00	51.430859215625	38.8002882234375	38.8428	1	0	0	0	0
2024-10-24 22:48:10	51.46406431979167	38.76273921302083	38.8428	1	0	0	0	0
2024-10-24 22:48:20	51.391575413	38.72935649	38.8428	1	0	0	0	0
2024-10-24 22:48:30	51.275915713	38.69767549	38.8428	1	0	0	0	0
2024-10-24 22:48:40	51.371258002	38.68985546	38.8428	1	0	0	0	0
2024-10-24 22:48:50	51.552784202	38.69178146	38.8428	1	0	0	0	0
2024-10-24 22:49:00	51.590539236	38.7549850395	38.8428	1	0	0	0	0
2024-10-24 22:49:10	51.569570836000004	38.8432174895	38.8428	1	0	0	0	0
2024-10-24 22:49:20	51.46244635	38.9195681605	38.8428	1	0	0	0	0
2024-10-24 22:49:30	51.320131350000004	38.9910657105	38.8428	1	0	0	0	0
2024-10-24 22:49:40	51.44935585	39.0171179	38.8428	1	0	0	0	0
2024-10-24 22:49:50	51.68949085	39.0246079	38.8428	1	0	0	0	0
2024-10-24 22:50:00	51.5875585	38.9193523495	38.8428	1	0	0	0	0
2024-10-24 22:50:10	51.5875585	38.9193523495	38.8428	1	0	0	0	0
2024-10-24 22:50:20	51.202336373499996	38.6314463315	38.8428	1	0	0	0	0
2024-10-24 22:50:30	51.098824223499996	38.5008539815	38.8428	1	0	0	0	0
2024-10-24 22:50:40	51.2719532075	38.483606918999996	38.8428	1	0	0	0	0
2024-10-24 22:50:50	51.5580764575	38.512655818999995	38.8428	1	0	0	0	0
2024-10-24 22:51:00	51.435096038999994	38.701786786	38.8428	1	0	0	0	0
2024-10-24 22:51:10	51.145016938999994	38.956303386	38.8428	1	0	0	0	0
2024-10-24 22:51:20	51.124779232	39.053084114	38.8428	1	0	0	0	0
2024-10-24 22:51:30	51.214758432	39.085437514	38.8428	1	0	0	0	0
2024-10-24 22:51:40	51.460419048	39.155217428	38.8428	1	0	0	0	0
2024-10-24 22:51:50	51.769667848	39.240284228	38.8428	1	0	0	0	0
2024-10-24 22:52:00	51.769667848	39.240284228	38.8428	1	0	0	0	0
2024-10-24 22:52:10	51.0687999	38.985006422000005	38.8428	1	0	0	0	0
2024-10-24 22:52:20	51.14122477512438	38.821629388059705	38.8428	1	0	0	0	0
2024-10-24 22:52:30	51.43206248656716	38.65838908955224	38.8428	1	0	0	0	0
2024-10-24 22:52:40	51.63006371959799	38.553578457286434	38.8428	1	0	0	0	0
2024-10-24 22:52:50	51.78827789045226	38.473809110552764	38.8428	1	0	0	0	0
2024-10-24 22:53:00	51.573620672	38.60278427	38.8428	1	0	0	0	0
2024-10-24 22:53:10	51.206663872	38.817021270000005	38.8428	1	0	0	0	0
2024-10-24 22:53:20	51.403296978	38.9034448155	38.8428	1	0	0	0	0
2024-10-24 22:53:30	51.830128778	38.9376628655	38.8428	1	0	0	0	0
2024-10-24 22:53:40	51.833716727	39.034039321	38.8428	1	0	0	0	0
2024-10-24 22:53:50	51.664430427	39.155804421	38.8428	1	0	0	0	0
2024-10-24 22:54:00	51.407858573	39.2038621135	38.8428	1	0	0	0	0
2024-10-24 22:54:10	51.115634873	39.221813963500004	38.8428	1	0	0	0	0
2024-10-24 22:54:20	51.20780141	39.0754127415	38.8428	1	0	0	0	0
2024-10-24 22:54:30	51.45697241	38.861881391500006	38.8428	1	0	0	0	0
2024-10-24 22:54:40	51.49941129	38.7296882805	38.8428	1	0	0	0	0
2024-10-24 22:54:50	51.45741029	38.6307178305	38.8428	1	0	0	0	0
2024-10-24 22:55:00	51.381614	38.627685598	38.8428	1	0	0	0	0
2024-10-24 22:55:10	51.292014	38.663839398	38.8428	1	0	0	0	0
2024-10-24 22:55:20	51.4370122	38.722219961	38.8428	1	0	0	0	0
2024-10-24 22:55:30	51.6778322	38.789679061	38.8428	1	0	0	0	0
2024-10-24 22:55:40	51.6858673045	38.861515169	38.8428	1	0	0	0	0
2024-10-24 22:55:50	51.598821254499995	38.935139069	38.8428	1	0	0	0	0
2024-10-24 22:56:00	51.536596911	39.0672287	38.8428	1	0	0	0	0
2024-10-24 22:56:10	51.484511011	39.223198700000005	38.8428	1	0	0	0	0
2024-10-24 22:56:20	51.5960146845	39.206238473	38.8428	1	0	0	0	0
2024-10-24 22:56:30	51.7743366345	39.118644773	38.8428	1	0	0	0	0
2024-10-24 22:56:40	51.82605	39.0932426	38.8428	1	0	0	0	0
2024-10-24 22:56:50	51.690719196	38.928753926	38.8428	1	0	0	0	0
2024-10-24 22:57:00	51.3900889955	38.6533778895	38.8428	1	0	0	0	0
2024-10-24 22:57:10	51.229885045500005	38.5854553395	38.8428	1	0	0	0	0
2024-10-24 22:57:20	51.415513043000004	38.5969183155	38.8428	1	0	0	0	0
2024-10-24 22:57:30	51.742396343	38.6408063655	38.8428	1	0	0	0	0
2024-10-24 22:57:40	51.6381171265	38.7057471225	38.8428	1	0	0	0	0
2024-10-24 22:57:50	51.3577292765	38.7792868725	38.8428	1	0	0	0	0
2024-10-24 22:58:00	51.33632873	38.930928397500004	38.8428	1	0	0	0	0
2024-10-24 22:58:10	51.42071173	39.1144706475	38.8428	1	0	0	0	0
2024-10-24 22:58:20	51.5804209375	39.144107160096155	38.8428	1	0	0	0	0
2024-10-24 22:58:30	51.770897187500005	39.11088076586539	38.8428	1	0	0	0	0
2024-10-24 22:58:40	51.674907909375	39.138402671875	38.8428	1	0	0	0	0
2024-10-24 22:58:50	51.410676971875	39.20160215104166	38.8428	1	0	0	0	0
2024-10-24 22:59:00	51.49322135	39.01346555	38.8428	1	0	0	0	0
2024-10-24 22:59:10	51.717406350000005	38.72267055	38.8428	1	0	0	0	0
2024-10-24 22:59:20	51.77437499	38.6070787	38.8428	1	0	0	0	0
2024-10-24 22:59:30	51.76304399	38.5630487	38.8428	1	0	0	0	0
2024-10-24 22:59:40	51.586267831499995	38.5685625	38.8428	1	0	0	0	0
2024-10-24 22:59:50	51.341915481499996	38.5943125	38.8428	1	0	0	0	0
2024-10-24 23:00:00	51.521217895	38.70393835	38.8428	1	0	0	0	0
2024-10-24 23:00:10	51.873562395	38.84782335	38.8428	1	0	0	0	0
2024-10-24 23:00:20	51.87623904975124	38.94319915422886	38.8428	1	0	0	0	0
2024-10-24 23:00:30	51.73609362686567	39.01876134328358	38.8428	1	0	0	0	0
2024-10-24 23:00:40	51.61309271356784	39.02565164824121	38.8428	1	0	0	0	0
2024-10-24 23:00:50	51.49743944723618	39.003111145728646	38.8428	1	0	0	0	0
2024-10-24 23:01:00	51.4674228425	38.941054388	38.8428	1	0	0	0	0
2024-10-24 23:01:10	51.4723845925	38.862857188	38.8428	1	0	0	0	0
2024-10-24 23:01:20	51.4818960225	38.821239720499996	38.8428	1	0	0	0	0
2024-10-24 23:01:30	51.4932657725	38.7945632705	38.8428	1	0	0	0	0
2024-10-24 23:01:40	51.547313658	38.787238793499995	38.8428	1	0	0	0	0
2024-10-24 23:01:50	51.618793458	38.787818643499996	38.8428	1	0	0	0	0
2024-10-24 23:02:00	51.664879327	38.813150336	38.8428	1	0	0	0	0
2024-10-24 23:02:10	51.700593027	38.848591936000005	38.8428	1	0	0	0	0
2024-10-24 23:02:20	51.72626115	38.926982252500004	38.8428	1	0	0	0	0
2024-10-24 23:02:30	51.74782615	39.0229150025	38.8428	1	0	0	0	0
2024-10-24 23:02:40	51.643103450000005	39.0198579905	38.8428	1	0	0	0	0
2024-10-24 23:02:50	51.48679845	38.976368540500005	38.8428	1	0	0	0	0
2024-10-24 23:03:00	51.5939823665	38.916407907	38.8428	1	0	0	0	0
2024-10-24 23:03:10	51.8087885165	38.849719607	38.8428	1	0	0	0	0
2024-10-24 23:03:20	51.8910664925	38.764594949999996	38.8428	1	0	0	0	0
2024-10-24 23:03:30	51.9192132425	38.671939949999995	38.8428	1	0	0	0	0
2024-10-24 23:03:40	51.663040740999996	38.744773951	38.8428	1	0	0	0	0
2024-10-24 23:03:50	51.290737840999995	38.885202051	38.8428	1	0	0	0	0
2024-10-24 23:04:00	51.383275384499996	38.896103999	38.8428	1	0	0	0	0
2024-10-24 23:04:10	51.665677334499996	38.854100899	38.8428	1	0	0	0	0
2024-10-24 23:04:20	51.651699334	38.862621541	38.8428	1	0	0	0	0
2024-10-24 23:04:30	51.516664733999995	38.891778641	38.8428	1	0	0	0	0
2024-10-24 23:04:40	51.48525136517413	38.956406609452735	38.8428	1	0	0	0	0
2024-10-24 23:04:50	51.49616216119403	39.03552267910448	38.8428	1	0	0	0	0
2024-10-24 23:05:00	51.660922445226134	39.023829233668344	38.8428	1	0	0	0	0
2024-10-24 23:05:10	51.891618224120606	38.973217424623115	38.8428	1	0	0	0	0
2024-10-24 23:05:20	51.70581325	38.96377199	38.8428	1	0	0	0	0
2024-10-24 23:05:30	51.34988825	38.97114099	38.8428	1	0	0	0	0
2024-10-24 23:05:40	51.4212921925	38.89951326	38.8428	1	0	0	0	0
2024-10-24 23:05:50	51.6672389425	38.79561926	38.8428	1	0	0	0	0
2024-10-24 23:06:00	51.768820788999996	38.74931265	38.8428	1	0	0	0	0
2024-10-24 23:06:10	51.811436689	38.72652765	38.8428	1	0	0	0	0
2024-10-24 23:06:20	51.6876935185	38.728870402000005	38.8428	1	0	0	0	0
2024-10-24 23:06:30	51.4960008685	38.741476602000006	38.8428	1	0	0	0	0
2024-10-24 23:06:40	51.556587300000004	38.759519698	38.8428	1	0	0	0	0
2024-10-24 23:06:50	51.7202173	38.779783498	38.8428	1	0	0	0	0
2024-10-24 23:07:00	51.728924377	38.8208902	38.8428	1	0	0	0	0
2024-10-24 23:07:10	51.674353077	38.8705102	38.8428	1	0	0	0	0
2024-10-24 23:07:20	51.563871123	38.89765515	38.8428	1	0	0	0	0
2024-10-24 23:07:30	51.430552422999995	38.91562015	38.8428	1	0	0	0	0
2024-10-24 23:07:40	51.47443815	38.930545072	38.8428	1	0	0	0	0
2024-10-24 23:07:50	51.59070315	38.944228272000004	38.8428	1	0	0	0	0
2024-10-24 23:08:00	51.55737825	38.944402728	38.8428	1	0	0	0	0
2024-10-24 23:08:10	51.46295325	38.939059528	38.8428	1	0	0	0	0
2024-10-24 23:08:20	51.4901326835	38.8714666875	38.8428	1	0	0	0	0
2024-10-24 23:08:30	51.5669815335	38.7784479375	38.8428	1	0	0	0	0
2024-10-24 23:08:40	51.7116713805	38.75508285	38.8428	1	0	0	0	0
2024-10-24 23:08:50	51.884070930499995	38.76016785	38.8428	1	0	0	0	0
2024-10-24 23:09:00	51.87379564179104	38.850260920398014	38.8428	1	0	0	0	0
2024-10-24 23:09:10	51.78890668656717	38.97507559701493	38.8428	1	0	0	0	0
2024-10-24 23:09:20	51.71817567839196	38.9859888040201	38.8428	1	0	0	0	0
2024-10-24 23:09:30	51.65351236180904	38.94808709547738	38.8428	1	0	0	0	0
2024-10-24 23:09:40	51.7219559875	38.9808530775	38.8428	1	0	0	0	0
2024-10-24 23:09:50	51.8447672375	39.0424833275	38.8428	1	0	0	0	0
2024-10-24 23:10:00	51.8377567625	39.0072459345	38.8428	1	0	0	0	0
2024-10-24 23:10:10	51.7777205125	38.9324428845	38.8428	1	0	0	0	0
2024-10-24 23:10:20	51.669561349999995	38.8632201505	38.8428	1	0	0	0	0
2024-10-24 23:10:30	51.54174635	38.7962767005	38.8428	1	0	0	0	0
2024-10-24 23:10:40	51.5706224925	38.8284150995	38.8428	1	0	0	0	0
2024-10-24 23:10:50	51.663499242499995	38.9010235495	38.8428	1	0	0	0	0
2024-10-24 23:11:00	51.6796438075	38.937147371500004	38.8428	1	0	0	0	0
2024-10-24 23:11:10	51.6644470575	38.958369021500005	38.8428	1	0	0	0	0
2024-10-24 23:11:20	51.689473050000004	39.0280902745	38.8428	1	0	0	0	0
2024-10-24 23:11:30	51.73092805	39.1176212245	38.8428	1	0	0	0	0
2024-10-24 23:11:40	51.769981688	39.085512453999996	38.8428	1	0	0	0	0
2024-10-24 23:11:50	51.808054487999996	39.003719853999996	38.8428	1	0	0	0	0
2024-10-24 23:12:00	51.696492871	38.935872648	38.8428	1	0	0	0	0
2024-10-24 23:12:10	51.523812971	38.873721448	38.8428	1	0	0	0	0
2024-10-24 23:12:20	51.571270442786066	38.846134535820894	38.8428	1	0	0	0	0
2024-10-24 23:12:30	51.70864317910448	38.83266543134328	38.8428	1	0	0	0	0
2024-10-24 23:12:40	51.82258992462311	38.85367442864322	38.8428	1	0	0	0	0
2024-10-24 23:12:50	51.92649695979899	38.88945975527638	38.8428	1	0	0	0	0
2024-10-24 23:13:00	51.876336099999996	38.937346622499994	38.8428	1	0	0	0	0
2024-10-24 23:13:10	51.763246099999996	38.990176372499995	38.8428	1	0	0	0	0
2024-10-24 23:13:20	51.82692977	39.0556653515	38.8428	1	0	0	0	0
2024-10-24 23:13:30	51.962816769999996	39.1263250015	38.8428	1	0	0	0	0
2024-10-24 23:13:40	51.99937335	39.1701643305	38.8428	1	0	0	0	0
2024-10-24 23:13:50	51.99535835	39.2030488805	38.8428	1	0	0	0	0
2024-10-24 23:14:00	51.8213660485	39.2097564405	38.8428	1	0	0	0	0
2024-10-24 23:14:10	51.5779463985	39.2057719905	38.8428	1	0	0	0	0
2024-10-24 23:14:20	51.6449039585	39.1139949755	38.8428	1	0	0	0	0
2024-10-24 23:14:30	51.8386353085	38.9863590255	38.8428	1	0	0	0	0
2024-10-24 23:14:40	51.745579873	38.969263792	38.8428	1	0	0	0	0
2024-10-24 23:14:50	51.535386173	38.997318992	38.8428	1	0	0	0	0
2024-10-24 23:15:00	51.503195649999995	38.955188774999996	38.8428	1	0	0	0	0
2024-10-24 23:15:10	51.543710649999994	38.884391275	38.8428	1	0	0	0	0
2024-10-24 23:15:20	51.71065399004975	38.85181119402985	38.8428	1	0	0	0	0
2024-10-24 23:15:30	51.92923707462687	38.83484104477612	38.8428	1	0	0	0	0
2024-10-24 23:15:40	51.89738673869347	38.90485489949749	38.8428	1	0	0	0	0
2024-10-24 23:15:50	51.75820779396985	39.01214761306532	38.8428	1	0	0	0	0
2024-10-24 23:16:00	51.863501477	39.058768012499996	38.8428	1	0	0	0	0
2024-10-24 23:16:10	52.068650176999995	39.0806067625	38.8428	1	0	0	0	0
2024-10-24 23:16:20	52.1416258805	39.15713344	38.8428	1	0	0	0	0
2024-10-24 23:16:30	52.1606154305	39.25599744	38.8428	1	0	0	0	0
2024-10-24 23:16:40	51.9305779475	39.22450331	38.8428	1	0	0	0	0
2024-10-24 23:16:50	51.5988251975	39.13976431	38.8428	1	0	0	0	0
2024-10-24 23:17:00	51.6157139005	39.01936485	38.8428	1	0	0	0	0
2024-10-24 23:17:10	51.7750054505	38.88439985	38.8428	1	0	0	0	0
2024-10-24 23:17:20	51.747122149999996	38.832538717000006	38.8428	1	0	0	0	0
2024-10-24 23:17:30	51.64278715	38.814621417000005	38.8428	1	0	0	0	0
2024-10-24 23:17:40	51.5239952365	38.8132700145	38.8428	1	0	0	0	0
2024-10-24 23:17:50	51.3992983865	38.8186849645	38.8428	1	0	0	0	0
2024-10-24 23:18:00	51.578474471999996	38.8443863185	38.8428	1	0	0	0	0
2024-10-24 23:18:10	51.881767671999995	38.8783736685	38.8428	1	0	0	0	0
2024-10-24 23:18:20	52.026193579499996	38.9540122455	38.8428	1	0	0	0	0
2024-10-24 23:18:30	52.105730029499995	39.046663295500004	38.8428	1	0	0	0	0
2024-10-24 23:18:40	51.983190361999995	39.080681054500005	38.8428	1	0	0	0	0
2024-10-24 23:18:50	51.778112562	39.0907500045	38.8428	1	0	0	0	0
2024-10-24 23:19:00	51.857374	39.0567580585	38.8428	1	0	0	0	0
2024-10-24 23:19:10	52.052774	39.0047694085	38.8428	1	0	0	0	0
2024-10-24 23:19:20	52.1137368845	38.899221482499996	38.8428	1	0	0	0	0
2024-10-24 23:19:30	52.1197888345	38.7717972325	38.8428	1	0	0	0	0
2024-10-24 23:19:40	51.9045088635	38.752275694	38.8428	1	0	0	0	0
2024-10-24 23:19:50	51.5988257135	38.776827094	38.8428	1	0	0	0	0
2024-10-24 23:20:00	51.726881102	38.838570708	38.8428	1	0	0	0	0
2024-10-24 23:20:10	52.032097302	38.915505507999995	38.8428	1	0	0	0	0
2024-10-24 23:20:20	51.98736288	38.9876680785	38.8428	1	0	0	0	0
2024-10-24 23:20:30	51.79969088	39.057881428499996	38.8428	1	0	0	0	0
2024-10-24 23:20:40	51.72041032	39.1154922785	38.8428	1	0	0	0	0
2024-10-24 23:20:50	51.68540232	39.167955628499996	38.8428	1	0	0	0	0
2024-10-24 23:21:00	51.8064347475	39.184076102	38.8428	1	0	0	0	0
2024-10-24 23:21:10	51.9912019975	39.185352302000005	38.8428	1	0	0	0	0
2024-10-24 23:21:20	51.8995433145	39.126502436	38.8428	1	0	0	0	0
2024-10-24 23:21:30	51.6949782645	39.043094036	38.8428	1	0	0	0	0
2024-10-24 23:21:40	51.7459351145	38.9873103515	38.8428	1	0	0	0	0
2024-10-24 23:21:50	51.9012600645	38.9428100015	38.8428	1	0	0	0	0
2024-10-24 23:22:00	52.079387339	38.894922773999994	38.8428	1	0	0	0	0
2024-10-24 23:22:10	52.266828239	38.845652173999994	38.8428	1	0	0	0	0
2024-10-24 23:22:20	52.1464990845	38.8252900405	38.8428	1	0	0	0	0
2024-10-24 23:22:30	51.9004610345	38.8167355905	38.8428	1	0	0	0	0
2024-10-24 23:22:40	51.916196718500004	38.9087656335	38.8428	1	0	0	0	0
2024-10-24 23:22:50	52.0388540685	39.041879483500004	38.8428	1	0	0	0	0
2024-10-24 23:23:00	52.0216806815	39.098859217000005	38.8428	1	0	0	0	0
2024-10-24 23:23:10	51.947393331499995	39.124741917	38.8428	1	0	0	0	0
2024-10-24 23:23:20	51.717254414	39.151565828500004	38.8428	1	0	0	0	0
2024-10-24 23:23:30	51.423457814	39.1787741785	38.8428	1	0	0	0	0
2024-10-24 23:23:40	51.568940486	39.1313922005	38.8428	1	0	0	0	0
2024-10-24 23:23:50	51.893847086	39.0535437505	38.8428	1	0	0	0	0
2024-10-24 23:24:00	51.941588359	38.9818800395	38.8428	1	0	0	0	0
2024-10-24 23:24:10	51.876121259	38.9127424895	38.8428	1	0	0	0	0
2024-10-24 23:24:20	51.851003885	38.825626319499996	38.8428	1	0	0	0	0
2024-10-24 23:24:30	51.842367384999996	38.7311667695	38.8428	1	0	0	0	0
2024-10-24 23:24:40	51.920780506	38.7541822575	38.8428	1	0	0	0	0
2024-10-24 23:24:50	52.034749106	38.8251805075	38.8428	1	0	0	0	0
2024-10-24 23:25:00	51.982864333	38.8769958	38.8428	1	0	0	0	0
2024-10-24 23:25:10	51.863236633	38.9209758	38.8428	1	0	0	0	0
2024-10-24 23:25:20	51.8367741745	38.951278324499995	38.8428	1	0	0	0	0
2024-10-24 23:25:30	51.8483651245	38.975994274499996	38.8428	1	0	0	0	0
2024-10-24 23:25:40	51.860966333499995	38.9762770655	38.8428	1	0	0	0	0
2024-10-24 23:25:50	51.873980183499995	38.9665801155	38.8428	1	0	0	0	0
2024-10-24 23:26:00	51.8214837535	38.9280247895	38.8428	1	0	0	0	0
2024-10-24 23:26:10	51.7422296035	38.877682239500004	38.8428	1	0	0	0	0
2024-10-24 23:26:20	51.66717252189054	38.83020166965174	38.8428	1	0	0	0	0
2024-10-24 23:26:30	51.59382973582089	38.78389007761194	38.8428	1	0	0	0	0
2024-10-24 23:26:40	51.5718269	38.7699966	38.8428	1	0	0	0	0
2024-10-24 23:26:50	51.60226804117647	38.754411541176474	38.8428	1	0	0	0	0
2024-10-24 23:27:00	51.6045527455	38.725659716	38.8428	1	0	0	0	0
2024-10-24 23:27:10	51.5512537955	38.714099316	38.8428	1	0	0	0	0
2024-10-24 23:27:20	51.6196190965	38.751676667000005	38.8428	1	0	0	0	0
2024-10-24 23:27:30	51.737678246499996	38.809324367	38.8428	1	0	0	0	0
2024-10-24 23:27:40	51.738282061	38.864080805	38.8428	1	0	0	0	0
2024-10-24 23:27:50	51.690911161	38.917656305	38.8428	1	0	0	0	0
2024-10-24 23:28:00	51.704677722	38.925383413	38.8428	1	0	0	0	0
2024-10-24 23:28:10	51.743415922	38.914383713	38.8428	1	0	0	0	0
2024-10-24 23:28:20	51.7829382815	38.965546501	38.8428	1	0	0	0	0
2024-10-24 23:28:30	51.8227809315	39.042099601000004	38.8428	1	0	0	0	0
2024-10-24 23:28:40	51.7210316185	38.996730152000005	38.8428	1	0	0	0	0
2024-10-24 23:28:50	51.561448968499995	38.901561352	38.8428	1	0	0	0	0
2024-10-24 23:29:00	51.55542345	38.878569448	38.8428	1	0	0	0	0
2024-10-24 23:29:10	51.61211845	38.885058248	38.8428	1	0	0	0	0
2024-10-24 23:29:20	51.5939133845	38.84859645	38.8428	1	0	0	0	0
2024-10-24 23:29:30	51.545115334500004	38.794591450000006	38.8428	1	0	0	0	0
2024-10-24 23:29:40	51.569456195	38.7784142915	38.8428	1	0	0	0	0
2024-10-24 23:29:50	51.623670695	38.7776879415	38.8428	1	0	0	0	0
2024-10-24 23:30:00	51.708360489499995	38.7675792965	38.8428	1	0	0	0	0
2024-10-24 23:30:10	51.8054979395	38.7536384465	38.8428	1	0	0	0	0
2024-10-24 23:30:20	51.757623037	38.809005134	38.8428	1	0	0	0	0
2024-10-24 23:30:30	51.650517737	38.892680534	38.8428	1	0	0	0	0
2024-10-24 23:30:40	51.6627163285	38.9508451725	38.8428	1	0	0	0	0
2024-10-24 23:30:50	51.7236446785	38.9985899225	38.8428	1	0	0	0	0
2024-10-24 23:31:00	51.722587792	38.975100124	38.8428	1	0	0	0	0
2024-10-24 23:31:10	51.696212992	38.922514524	38.8428	1	0	0	0	0
2024-10-24 23:31:20	51.672367673500005	38.8769495815	38.8428	1	0	0	0	0
2024-10-24 23:31:30	51.649555523500005	38.834252231499995	38.8428	1	0	0	0	0
2024-10-24 23:31:40	51.6316368	38.80845455	38.8428	1	0	0	0	0
2024-10-24 23:31:50	51.6157168	38.78955955	38.8428	1	0	0	0	0
2024-10-24 23:32:00	51.682401750000004	38.8760559205	38.8428	1	0	0	0	0
2024-10-24 23:32:10	51.782826750000005	39.0055994705	38.8428	1	0	0	0	0
2024-10-24 23:32:20	51.7770087345	38.9924421795	38.8428	1	0	0	0	0
2024-10-24 23:32:30	51.7277956845	38.920998629500005	38.8428	1	0	0	0	0
2024-10-24 23:32:40	51.6891886145	38.8798107	38.8428	1	0	0	0	0
2024-10-24 23:32:50	51.6549135645	38.8509807	38.8428	1	0	0	0	0
2024-10-24 23:33:00	51.6355660515	38.758666049999995	38.8428	1	0	0	0	0
2024-10-24 23:33:10	51.6223157015	38.64042105	38.8428	1	0	0	0	0
2024-10-24 23:33:20	51.578489805000004	38.6068283205	38.8428	1	0	0	0	0
2024-10-24 23:33:30	51.522175305	38.6078118705	38.8428	1	0	0	0	0
2024-10-24 23:33:40	51.4264233225	38.5802963755	38.8428	1	0	0	0	0
2024-10-24 23:33:50	51.3145630725	38.5411404255	38.8428	1	0	0	0	0
2024-10-24 23:34:00	51.492099071	38.6207859	38.8428	1	0	0	0	0
2024-10-24 23:34:10	51.787839171	38.7489559	38.8428	1	0	0	0	0
2024-10-24 23:34:20	51.8676547455	38.838207037000004	38.8428	1	0	0	0	0
2024-10-24 23:34:30	51.859275795500004	38.911561737	38.8428	1	0	0	0	0
2024-10-24 23:34:40	51.656316056	38.98271991	38.8428	1	0	0	0	0
2024-10-24 23:34:50	51.373879656	39.052980909999995	38.8428	1	0	0	0	0
2024-10-24 23:35:00	51.603351055	38.910451005	38.8428	1	0	0	0	0
2024-10-24 23:35:10	52.041911555	38.681006505	38.8428	1	0	0	0	0
2024-10-24 23:35:20	51.926454866	38.6123022065	38.8428	1	0	0	0	0
2024-10-24 23:35:30	51.584709466	38.6092523565	38.8428	1	0	0	0	0
2024-10-24 23:35:40	51.348769118	38.606669722	38.8428	1	0	0	0	0
2024-10-24 23:35:50	51.156044918	38.604277922	38.8428	1	0	0	0	0
2024-10-24 23:36:00	51.3234599465	38.589042719	38.8428	1	0	0	0	0
2024-10-24 23:36:10	51.6379740965	38.568561619	38.8428	1	0	0	0	0
2024-10-24 23:36:20	51.536101114000004	38.5971641325	38.8428	1	0	0	0	0
2024-10-24 23:36:30	51.264154514000005	38.6458148825	38.8428	1	0	0	0	0
2024-10-24 23:36:40	51.2410368215	38.706997523	38.8428	1	0	0	0	0
2024-10-24 23:36:50	51.3195534715	38.773298823	38.8428	1	0	0	0	0
2024-10-24 23:37:00	51.444214228499995	38.789852978999996	38.8428	1	0	0	0	0
2024-10-24 23:37:10	51.5877225785	38.786087879	38.8428	1	0	0	0	0
2024-10-24 23:37:20	51.464126549999996	38.76368606	38.8428	1	0	0	0	0
2024-10-24 23:37:30	51.231431549999996	38.733672059999996	38.8428	1	0	0	0	0
2024-10-24 23:37:40	51.2940354545	38.73660561	38.8428	1	0	0	0	0
2024-10-24 23:37:50	51.4772544045	38.752996610000004	38.8428	1	0	0	0	0
2024-10-24 23:38:00	51.5723063355	38.6454493	38.8428	1	0	0	0	0
2024-10-24 23:38:10	51.6313463855	38.4872793	38.8428	1	0	0	0	0
2024-10-24 23:38:20	51.5076253355	38.5012461375	38.8428	1	0	0	0	0
2024-10-24 23:38:30	51.3092553855	38.5855223875	38.8428	1	0	0	0	0
2024-10-24 23:38:40	51.3848706725	38.629791912499996	38.8428	1	0	0	0	0
2024-10-24 23:38:50	51.572395422499994	38.6577206625	38.8428	1	0	0	0	0
2024-10-24 23:39:00	51.562901882	38.7487716075	38.8428	1	0	0	0	0
2024-10-24 23:39:10	51.472936082	38.8656048575	38.8428	1	0	0	0	0
2024-10-24 23:39:20	51.2787673095	38.8933911855	38.8428	1	0	0	0	0
2024-10-24 23:39:30	51.0420367595	38.8848062355	38.8428	1	0	0	0	0
2024-10-24 23:39:40	51.15474304	38.877178685000004	38.8428	1	0	0	0	0
2024-10-24 23:39:50	51.41017704	38.869942185	38.8428	1	0	0	0	0
2024-10-24 23:40:00	51.389752894000004	38.758175722	38.8428	1	0	0	0	0
2024-10-24 23:40:10	51.256654294	38.603713922	38.8428	1	0	0	0	0
2024-10-24 23:40:20	51.1863060265	38.511414681	38.8428	1	0	0	0	0
2024-10-24 23:40:30	51.1415881765	38.444505781	38.8428	1	0	0	0	0
2024-10-24 23:40:40	51.312153083	38.438800869	38.8428	1	0	0	0	0
2024-10-24 23:40:50	51.570650383	38.458094769	38.8428	1	0	0	0	0
2024-10-24 23:41:00	51.5381642295	38.5096351295	38.8428	1	0	0	0	0
2024-10-24 23:41:10	51.3868256795	38.5743465795	38.8428	1	0	0	0	0
2024-10-24 23:41:20	51.478032892	38.6401977215	38.8428	1	0	0	0	0
2024-10-24 23:41:30	51.668308092000004	38.706514371500006	38.8428	1	0	0	0	0
2024-10-24 23:41:40	51.5561451955	38.771174769	38.8428	1	0	0	0	0
2024-10-24 23:41:50	51.320451245499996	38.835158668999995	38.8428	1	0	0	0	0
2024-10-24 23:42:00	51.088447556	38.834920157999996	38.8428	1	0	0	0	0
2024-10-24 23:42:10	50.857951156	38.808449958	38.8428	1	0	0	0	0
2024-10-24 23:42:20	50.9887593075	38.7480958955	38.8428	1	0	0	0	0
2024-10-24 23:42:30	51.2671425575	38.673901945500006	38.8428	1	0	0	0	0
2024-10-24 23:42:40	51.248156436500004	38.6381135995	38.8428	1	0	0	0	0
2024-10-24 23:42:50	51.1077095865	38.618012049499995	38.8428	1	0	0	0	0
2024-10-24 23:43:00	51.1216979605	38.573451176999995	38.8428	1	0	0	0	0
2024-10-24 23:43:10	51.198765510499996	38.518899876999996	38.8428	1	0	0	0	0
2024-10-24 23:43:20	51.3505498395	38.476665444	38.8428	1	0	0	0	0
2024-10-24 23:43:30	51.5328522895	38.439461844	38.8428	1	0	0	0	0
2024-10-24 23:43:40	51.46060522	38.5576593165	38.8428	1	0	0	0	0
2024-10-24 23:43:50	51.28438722	38.7393304665	38.8428	1	0	0	0	0
2024-10-24 23:44:00	51.3069182065	38.757165673	38.8428	1	0	0	0	0
2024-10-24 23:44:10	51.4106283565	38.708081973	38.8428	1	0	0	0	0
2024-10-24 23:44:20	51.439738771	38.768630296	38.8428	1	0	0	0	0
2024-10-24 23:44:30	51.438378871	38.873957896	38.8428	1	0	0	0	0
2024-10-24 23:44:40	51.2239382085	38.8171505705	38.8428	1	0	0	0	0
2024-10-24 23:44:50	50.9224645585	38.6941191205	38.8428	1	0	0	0	0
2024-10-24 23:45:00	50.960600274	38.62221225	38.8428	1	0	0	0	0
2024-10-24 23:45:10	51.137449674	38.57118725	38.8428	1	0	0	0	0
2024-10-24 23:45:20	51.1960297945	38.57906598	38.8428	1	0	0	0	0
2024-10-24 23:45:30	51.2063027445	38.61100398	38.8428	1	0	0	0	0
2024-10-24 23:45:40	51.1720594755	38.573089127	38.8428	1	0	0	0	0
2024-10-24 23:45:50	51.1196335255	38.506642827	38.8428	1	0	0	0	0
2024-10-24 23:46:00	51.1726667155	38.511789093000004	38.8428	1	0	0	0	0
2024-10-24 23:46:10	51.2687747655	38.546177393	38.8428	1	0	0	0	0
2024-10-24 23:46:20	51.321427607960196	38.60223995024876	38.8428	1	0	0	0	0
2024-10-24 23:46:30	51.35633114029851	38.66715537313433	38.8428	1	0	0	0	0
2024-10-24 23:46:40	51.26990594874372	38.60046833668342	38.8428	1	0	0	0	0
2024-10-24 23:46:50	51.13148273266332	38.47738024623116	38.8428	1	0	0	0	0
2024-10-24 23:47:00	51.141249450000004	38.464946181500004	38.8428	1	0	0	0	0
2024-10-24 23:47:10	51.21154445	38.4977088315	38.8428	1	0	0	0	0
2024-10-24 23:47:20	51.16666325	38.5714594265	38.8428	1	0	0	0	0
2024-10-24 23:47:30	51.074738249999996	38.6619515765	38.8428	1	0	0	0	0
2024-10-24 23:47:40	51.0169385835	38.6609855735	38.8428	1	0	0	0	0
2024-10-24 23:47:50	50.9730774335	38.6226634235	38.8428	1	0	0	0	0
2024-10-24 23:48:00	51.01613932686568	38.60413057064677	38.8428	1	0	0	0	0
2024-10-24 23:48:10	51.09470499850747	38.593680670149254	38.8428	1	0	0	0	0
2024-10-24 23:48:20	51.11803314723618	38.532240800502514	38.8428	1	0	0	0	0
2024-10-24 23:48:30	51.11768807185929	38.44894808693468	38.8428	1	0	0	0	0
2024-10-24 23:48:40	51.245380119	38.451299914	38.8428	1	0	0	0	0
2024-10-24 23:48:50	51.425369019	38.488633314	38.8428	1	0	0	0	0
2024-10-24 23:49:00	51.3660148245	38.5870867445	38.8428	1	0	0	0	0
2024-10-24 23:49:10	51.2089007745	38.7105046945	38.8428	1	0	0	0	0
2024-10-24 23:49:20	51.176014537	38.7192925055	38.8428	1	0	0	0	0
2024-10-24 23:49:30	51.193869237	38.6812595555	38.8428	1	0	0	0	0
2024-10-24 23:49:40	51.228387566	38.703106549999994	38.8428	1	0	0	0	0
2024-10-24 23:49:50	51.269712166	38.74941155	38.8428	1	0	0	0	0
2024-10-24 23:50:00	51.2748567635	38.657442701	38.8428	1	0	0	0	0
2024-10-24 23:50:10	51.2652236135	38.508995801	38.8428	1	0	0	0	0
2024-10-24 23:50:20	51.160207661691544	38.50881494029851	38.8428	1	0	0	0	0
2024-10-24 23:50:30	51.01623253731343	38.569193447761194	38.8428	1	0	0	0	0
2024-10-24 23:50:40	51.123812507537686	38.64183320100503	38.8428	1	0	0	0	0
2024-10-24 23:50:50	51.3392018040201	38.71972777386935	38.8428	1	0	0	0	0
2024-10-24 23:51:00	51.3934980315	38.819541344	38.8428	1	0	0	0	0
2024-10-24 23:51:10	51.3819956815	38.928307744	38.8428	1	0	0	0	0
2024-10-24 23:51:20	51.22221505	38.868487200000004	38.8428	1	0	0	0	0
2024-10-24 23:51:30	51.00187005	38.7398072	38.8428	1	0	0	0	0
2024-10-24 23:51:40	50.994636946	38.6550407	38.8428	1	0	0	0	0
2024-10-24 23:51:50	51.074449546000004	38.5882107	38.8428	1	0	0	0	0
2024-10-24 23:52:00	51.127193254	38.562952194	38.8428	1	0	0	0	0
2024-10-24 23:52:10	51.168880654	38.554673594	38.8428	1	0	0	0	0
2024-10-24 23:52:20	51.1200001345	38.571321106	38.8428	1	0	0	0	0
2024-10-24 23:52:30	51.0341270845	38.598149706	38.8428	1	0	0	0	0
2024-10-24 23:52:40	51.1137132155	38.63770605	38.8428	1	0	0	0	0
2024-10-24 23:52:50	51.2608812655	38.68246105	38.8428	1	0	0	0	0
2024-10-24 23:53:00	51.35344744	38.7147112815	38.8428	1	0	0	0	0
2024-10-24 23:53:10	51.42371144	38.7418539315	38.8428	1	0	0	0	0
2024-10-24 23:53:20	51.340796419	38.724065616000004	38.8428	1	0	0	0	0
2024-10-24 23:53:30	51.195315318999995	38.687925216000004	38.8428	1	0	0	0	0
2024-10-24 23:53:40	51.1411558745	38.656719529	38.8428	1	0	0	0	0
2024-10-24 23:53:50	51.1242968245	38.627529429	38.8428	1	0	0	0	0
2024-10-24 23:54:00	51.1965535665	38.661272273499996	38.8428	1	0	0	0	0
2024-10-24 23:54:10	51.3052097165	38.7207201235	38.8428	1	0	0	0	0
2024-10-24 23:54:20	51.333351902	38.7754764	38.8428	1	0	0	0	0
2024-10-24 23:54:30	51.328608102	38.8283164	38.8428	1	0	0	0	0
2024-10-24 23:54:40	51.403434215	38.852300012	38.8428	1	0	0	0	0
2024-10-24 23:54:50	51.510760714999996	38.864497211999996	38.8428	1	0	0	0	0
2024-10-24 23:55:00	51.500046733	38.823490987999996	38.8428	1	0	0	0	0
2024-10-24 23:55:10	51.441119033	38.760753787999995	38.8428	1	0	0	0	0
2024-10-24 23:55:20	51.365471046	38.7297455295	38.8428	1	0	0	0	0
2024-10-24 23:55:30	51.282993646	38.7116969795	38.8428	1	0	0	0	0
2024-10-24 23:55:40	51.2433852295	38.7414301515	38.8428	1	0	0	0	0
2024-10-24 23:55:50	51.2212866795	38.7906798015	38.8428	1	0	0	0	0
2024-10-24 23:56:00	51.2727180725	38.780924369	38.8428	1	0	0	0	0
2024-10-24 23:56:10	51.3541828225	38.747068269	38.8428	1	0	0	0	0
2024-10-24 23:56:20	51.385000751999996	38.774819650000005	38.8428	1	0	0	0	0
2024-10-24 23:56:30	51.395131952	38.827734650000004	38.8428	1	0	0	0	0
2024-10-24 23:56:40	51.39807	38.84308	38.8428	1	0	0	0	0
2024-10-24 23:56:50	51.459078066	38.891565976	38.8428	1	0	0	0	0
2024-10-24 23:57:00	51.5603836655	39.03122396	38.8428	1	0	0	0	0
2024-10-24 23:57:10	51.5844067155	39.133619960000004	38.8428	1	0	0	0	0
2024-10-24 23:57:20	51.6972488485	39.177003245	38.8428	1	0	0	0	0
2024-10-24 23:57:30	51.8463691985	39.196282745000005	38.8428	1	0	0	0	0
2024-10-24 23:57:40	51.885337486000005	39.200381451	38.8428	1	0	0	0	0
2024-10-24 23:57:50	51.879314086	39.198279551	38.8428	1	0	0	0	0
2024-10-24 23:58:00	51.7987760085	39.1699816685	38.8428	1	0	0	0	0
2024-10-24 23:58:10	51.6878023585	39.1309840185	38.8428	1	0	0	0	0
2024-10-24 23:58:20	51.711935354	39.103735555	38.8428	1	0	0	0	0
2024-10-24 23:58:30	51.791252754	39.081286055	38.8428	1	0	0	0	0
2024-10-24 23:58:40	51.762210096000004	39.045295754499996	38.8428	1	0	0	0	0
2024-10-24 23:58:50	51.688907696	39.0037747045	38.8428	1	0	0	0	0
2024-10-24 23:59:00	51.6795123605	38.9723059765	38.8428	1	0	0	0	0
2024-10-24 23:59:10	51.6962199105	38.9449431265	38.8428	1	0	0	0	0
2024-10-24 23:59:20	51.835094711	38.977768503	38.8428	1	0	0	0	0
2024-10-24 23:59:30	52.023868811	39.035177802999996	38.8428	1	0	0	0	0
2024-10-24 23:59:40	51.96831906	39.061411641999996	38.8428	1	0	0	0	0
2024-10-24 23:59:50	51.81297506	39.074911842	38.8428	1	0	0	0	0
2024-10-25 00:00:00	51.929177376	39.1355783005	38.8428	1	0	0	0	0
